4842 7018
869 447 1022 514 LIBER
1044 447 1148 513 LVII.
1194 448 1284 514 TIT.
1307 447 1331 513 Ι.
1953 448 2015 510 135

256 627 330 693 'Eos
358 629 567 713 στρατιώτης
593 628 754 716 ἀπολυθῇ
781 627 874 714 παρὰ
906 634 972 693 τιῦν
1000 631 1089 694 πολε
1185 631 1218 694 Si
1236 629 1323 692 miles
1345 629 1490 690 liberatus
1513 628 1552 690 sit
1570 627 1610 688 ab
1632 626 1778 701 hostibus,
1798 636 1871 690 tunc
1889 627 2018 689 restitui·

191 737 275 817 μίωει
297 737 372 798 τότε
396 736 688 817 ἀποκαθίσταται,
711 733 766 800 ότε
789 736 877 823 δείξῃ
896 739 940 811 ὡς
955 738 1090 823 ἐλήφθη
1119 750 1176 812 tur,
1208 758 1277 798 cum
1305 735 1468 817 probatum
1495 736 1535 797 sit
1560 753 1629 796 eum
1657 743 1781 816 captum
1808 753 1874 797 esse
1901 743 1932 795 et
1958 754 2019 796 non

191 841 247 906 καί
272 844 333 907 οὐκ
355 842 572 925 ηὐτομόλησε·
596 851 697 906 τοῦτο
721 842 755 905 δὲ
779 843 818 905 οὐ
841 854 994 931 φανερῶς
1017 845 1088 909 ἀλλ’
1120 845 1244 925 fugisse:
1267 840 1325 905 hoc
1348 861 1419 906 vero
1441 863 1502 903 non
1520 840 1686 919 manifeste,
1710 841 1763 903 sed
1781 861 1820 902 ex
1835 841 2019 922 argumentis

192 946 259 1013 ἀπὸ
284 950 466 1032 τεκμηρίων
493 950 787 1031 κατασκευάζεται,
816 948 918 1029 τυχόν
946 949 1004 1015 ἐὰν
1027 951 1091 1037 πρὸ
1120 951 1278 1032 probatur;
1302 948 1398 1012 veluti
1421 950 1447 1011 si
1469 958 1559 1010 antea
1581 948 1671 1009 fiuent
1693 946 1799 1021 bonus,
1822 968 1882 1009 non
1901 947 2021 1010 videtur

192 1054 314 1119 τούτου
336 1053 377 1133 ἦν
399 1054 537 1137 ἀγαθὸς
560 1056 600 1119 οὐ
623 1056 716 1120 δοκεῖ
734 1057 973 1137 αὐτομολῆσαιε
991 1055 1047 1107 -¹
1120 1057 1240 1138 fugisse
1858 1054 1893 1115 fr.
1911 1058 1939 1116 5.
1956 1060 1972 1131 5
1991 1058 2019 1116 6.

930 1165 965 1227 fr.
983 1169 1012 1228 s.
1029 1172 1045 1244 ς
1064 1170 1091 1228 e.
2006 1165 2010 1173 ·

256 1266 289 1333 Ὁ
323 1277 438 1353 χεῖρας
476 1267 653 1351 ἐπαγαγὼν
686 1273 734 1352 τῷ
765 1274 950 1355 προεστῶτι
989 1274 1093 1336 αὐτοῦ
1187 1271 1249 1348 Qui
1272 1290 1381 1332 manus
1404 1269 1489 1331 inicit
1505 1268 1676 1350 praeposito
1695 1268 1864 1350 suocapite
1881 1268 2019 1349 punitur;

191 1374 378 1459 κεφαλικιῦς
400 1386 604 1460 τιμωρεῖται·
628 1387 721 1441 πεῖσα
744 1376 778 1440 δὲ
802 1381 979 1461 προπέτεια
1003 1377 1092 1443 κατὰ
1121 1379 1218 1439 omnis
1240 1378 1320 1439 enIm
1343 1378 1514 1458 petulantia
1527 1386 1633 1439 contra
1655 1375 1761 1438 ducem
1780 1376 1829 1439 vel
1851 1375 2019 1456 praesidem

192 1477 311 1556 ὂουκὸς
339 1481 357 1559 i>
385 1484 551 1565 ἄρχοντος
578 1492 639 1547 τοῦ
670 1486 882 1568 στρατιώτου
910 1484 1093 1571 κεφαλικίην
1121 1484 1224 1546 militis
1247 1483 1408 1565 capitalem
1432 1484 1549 1546 inducit
1570 1501 1709 1564 poenam.
1813 1482 1847 1543 fr.
1865 1487 1893 1545 6.
1911 1487 1927 1559 5
1947 1485 1974 1544 1.
1991 1485 2019 1544 2.

192 1588 302 1668 ἐπείγει
327 1588 501 1673 τιμωρίανε
519 1587 582 1636 -2
838 1592 874 1653 fr.
892 1597 920 1653 6.
937 1598 953 1669 5
974 1595 1000 1654 1.
1017 1597 1036 1654 2
1052 1594 1092 1656 ib.

256 1693 288 1759 ‘0
311 1693 378 1759 ἀπὸ
402 1698 622 1780 παρατάξεως
644 1701 776 1781 πρῶτος
799 1694 916 1783 φυγὼν
940 1698 988 1763 ἐπ’
1014 1701 1091 1787 ὄφει
1187 1698 1250 1777 Qui
1272 1719 1310 1760 ex
1333 1698 1398 1760 acie
1420 1699 1501 1779 prior
1523 1697 1634 1778 fugerit
1656 1697 1687 1758 in
1711 1704 1872 1777 conspectu
1890 1695 2019 1757 militum

192 1812 259 1865 τῶν
281 1806 500 1885 στρατιωτῶν
521 1804 690 1890 κεφαλικιῖ
692 1826 708 1878 ς
732 1813 934 1889 τιμωρεῖταιι
951 1803 1009 1853 -³
1121 1805 1221 1886 capite
1244 1805 1376 1885 punitur.
1859 1802 1894 1863 fr.
1912 1806 1940 1865 6.
1957 1808 1973 1879 5
1991 1806 2019 1865 3.

927 1913 964 1975 fr.
983 1916 1010 1976 6.
1028 1920 1044 1992 5
1062 1919 1090 1977 3.

262 2013 302 2079 ot
327 2015 538 2080 κατασκοπολ
569 2016 746 2099 μηνύοντες
778 2027 848 2093 τοῖς
879 2019 1020 2104 ἔχθροις
1048 2018 1091 2084 τὰ
1186 2018 1404 2101 Exploratores
1419 2018 1631 2079 denuntiantes
1647 2015 1784 2078 hostibus
1800 2036 1913 2078 amana
1921 2017 2021 2097 capite

192 2121 369 2207 ἀπόρρητα
391 2123 580 2208 κεφαλικῶς
603 2132 839 2208 τιμωροῦνταιε
855 2163 896 2172 -
1118 2127 1293 2206 puniuntur.
1672 2123 1706 2184 fr.
1723 2126 1751 2186 6.
1768 2128 1784 2199 5
1801 2124 1830 2184 4.
1846 2123 1886 2183 D.
1902 2124 1954 2197 49,
1972 2123 2023 2191 16.
2073 2132 2078 2139 '

748 2233 783 2293 fr.
801 2234 1032 2310 δεεσσε,
1051 2236 1090 2296 16

258 2333 327 2398 Καί
360 2337 393 2398 oi
427 2335 594 2420 [τι’]ρωνες
625 2336 645 2414 ἢ
683 2335 746 2426 cedi
763 2338 767 2425 Ι
786 2338 789 2425 l
806 2360 850 2413 εις
887 2336 944 2401 dcci
982 2339 1093 2424 φόβον
1186 2340 1229 2401 Et
1247 2340 1358 2402 tirones
1382 2371 1947 2385 ---------
1966 2358 2021 2417 per

138 2439 144 2451 '
192 2451 259 2504 τῶν
283 2441 445 2524 πολεμίων
469 2452 578 2507 νοσεῖν
601 2446 919 2529 προσποιησάμενοιε
943 2482 985 2492 -
1120 2456 1233 2507 metum
1257 2445 1387 2508 hostium
1412 2446 1548 2507 morbum
1573 2444 1756 2506 simulantes.
1859 2443 1894 2506 fr.
1911 2446 1940 2507 6.
1957 2449 1973 2520 5
1991 2447 2019 2505 5.

930 2553 1092 2631 nege.

258 2651 288 2718 ‘O
316 2653 376 2718 τὸν
404 2655 654 2741 συστρατεύτην
681 2659 787 2722 αὐτοῦ
813 2661 1045 2742 τραυματίσας
1067 2664 1094 2724 εί
1189 2658 1251 2735 Qui
1273 2658 1507 2721 commilitonem
1531 2679 1619 2720 suum
1642 2656 1823 2732 vulneravit,
1852 2657 1877 2718 si
1899 2655 2019 2737 quidem

190 2762 248 2843 μὲν
266 2761 365 2843 λίθῳ,
387 2763 682 2848 ἀποστρατεόετοιι,
698 2768 725 2829 εί
744 2765 777 2829 δὲ
793 2766 891 2851 ξίφει,
906 2767 1094 2854 κεφαλικῶς
1121 2765 1232 2846 lapide,
1248 2764 1356 2828 militia
1371 2767 1505 2838 reicitur;
1524 2766 1634 2828 sivero
1649 2763 1759 2845 gladio,
1775 2764 1873 2846 capite
1887 2765 2020 2845 punitur.

192 2877 394 2949 τιμωρεῖταιε
412 2906 448 2917 -
932 2875 967 2935 fr.
985 2877 1012 2935 6.
1030 2882 1046 2952 5
1065 2879 1093 2938 6.
1483 2920 1486 2927 .
1859 2870 1894 2933 fr.
1912 2873 1940 2933 6.
1958 2876 1974 2947 5
1992 2874 2020 2932 6.

255 2973 287 3039 '0
315 2972 433 3039 ἑαυτὸν
461 2980 693 3060 τραυματίσας
721 3014 1092 3030 ------
1188 2978 1250 3057 Qui
1279 2978 1472 3059 semetipsum
1500 2978 1672 3041 vulneravit
1699 3012 2019 3025 -----

193 3079 249 3145 ὃιίι
277 3083 380 3145 νόσον
410 3083 427 3160 ἢ
452 3121 492 3131 -
519 3122 560 3131 -
589 3085 714 3166 ἀτίμως
741 3085 1039 3169 ἀποστρατεόεται·
1067 3091 1094 3151 εἰ
1120 3106 1174 3166 per
1188 3085 1326 3147 morbum
1343 3122 1437 3132 --
1453 3086 1650 3165 ignominiose
1667 3084 1775 3146 militia
1788 3083 1923 3164 pellitur;
1940 3084 2020 3165 quod

192 3187 226 3251 δὲ
251 3187 356 3271 χωρίς
385 3191 492 3266 πιίσης
520 3202 578 3267 τῆς
601 3192 713 3266 αἰτίας
738 3193 1093 3278 κεφαλικῶςιτιμωρεῖ-
1121 3192 1279 3273 siabsque
1305 3228 1344 3238 -
1369 3227 1410 3238 -
1435 3227 1477 3237 -
1501 3228 1543 3238 -
1567 3192 1665 3272 capite
1688 3191 1819 3272 punitur.
1858 3191 1893 3252 fr.
1911 3194 1939 3253 6.
1957 3197 1973 3268 5
1993 3194 2020 3252 7.

194 3545 234 3554 —
256 3545 296 3555 —
318 3546 358 3555 —
379 3547 420 3556 -
445 3513 464 3587 η
479 3511 642 3598 κεφαλικίη
659 3510 755 3589 ποινὴ
773 3522 991 3595 συγχωρεῖται
1008 3512 1093 3578 ἀλλίι
1121 3547 1432 3559 -----
1465 3510 1603 3593 capitalis
1631 3531 1729 3592 poena
1756 3512 1929 3585 remittitur,
1967 3510 2019 3572 sed

192 3613 252 3691 τὴν
275 3617 457 3699 στρατείαν
479 3618 754 3682 ἐναλλόσσουσινε
770 3654 812 3665 -
857 3620 892 3682 fr.
910 3623 938 3682 6.
956 3626 972 3697 5
991 3626 1008 3683 7
1025 3622 1092 3683 inf.
1121 3618 1259 3680 militiam
1283 3627 1410 3680 mutant.
1784 3617 1819 3680 fr.
1837 3620 1865 3679 6.
1882 3624 1898 3695 5
1918 3622 1935 3679 7
1952 3617 2019 3679 inf.

255 3720 288 3783 ‘0
317 3722 496 3803 δυνάμενος
521 3723 647 3806 καὶμὴ
677 3724 905 3808 ὑπερασπίζων
932 3733 993 3788 τοῦ
1015 3747 1093 3811 προ-
1187 3724 1342 3803 Quicum
1364 3725 1460 3807 possit
1482 3745 1542 3787 non
1564 3724 1695 3805 protegit
1712 3723 1916 3805 praepositum
1934 3724 2020 3804 puni·

191 3831 334 3902 εστιῦτος
362 3839 566 3914 τιμωρεῖται,
598 3834 616 3894 ό
645 3830 678 3894 δὲ
705 3829 748 3913 μὴ
777 3830 956 3911 δυνάμενος
983 3854 1092 3915 συγγι-
1120 3841 1177 3905 tur,
1200 3832 1251 3912 qui
1274 3840 1376 3893 autem
1398 3852 1460 3892 non
1482 3840 1589 3912 potest,
1613 3831 1733 3893 veniam
1756 3831 1880 3910 optinet.

190 3935 366 3998 νώσκεταιε
382 3934 442 3984 -⁴
932 3939 966 4000 fr.
984 3944 1012 4003 6.
1030 3946 1046 4017 5
1064 3943 1092 4002 8.
1858 3937 1894 3998 fr.
1911 3940 1940 3999 6.
1957 3942 1973 4013 5
1991 3939 2019 3999 8.

259 4040 327 4106 Καὶ
357 4045 390 4106 οἱ
422 4040 482 4107 τὸν
504 4044 699 4127 κεντυρίονα
722 4042 784 4107 ὑπὸ
808 4044 939 4129 λῃστῶν
961 4045 1092 4129 πολιορ·
1186 4044 1229 4106 Et
1250 4045 1281 4118 ii,
1303 4046 1355 4126 qni
1379 4046 1584 4107 centurionem
1608 4064 1627 4105 a
1649 4043 1817 4106 latronibus
1836 4045 2020 4107 circumven-

191 4147 344 4224 κηθὲντα
359 4151 614 4225 καταλείποντες
630 4159 866 4235 τιμωροῦνταιτ
882 4188 923 4198 -
950 4152 985 4214 fr.
996 4157 1024 4215 6.
1036 4160 1052 4231 5
1064 4157 1092 4216 9.
1121 4160 1186 4213 tum
1209 4151 1430 4233 derelinquunt
1453 4152 1627 4234 puniuntur.
1859 4150 1894 4212 fr.
1912 4153 1940 4211 6.
1957 4155 1973 4226 5
1991 4152 2019 4211 9.

262 4252 302 4318 Οί
325 4255 488 4340 προδόται
512 4255 569 4321 καί
594 4260 627 4320 οί
645 4257 824 4339 αὐτόμολοι
841 4258 1027 4344 κεφαλικῶς
1043 4258 1092 4323 ἐπὶ
1187 4258 1359 4321 Proditores
1369 4268 1400 4320 et
1408 4259 1583 4338 nansfugae
1595 4257 1694 4339 capite
1708 4256 1884 4338 plerumque
1892 4257 2020 4337 puniun-

191 4357 275 4423 πολὺ
290 4373 513 4446 τιμωροῦνται
529 4363 585 4427 καί
602 4362 911 4445 ἀποστρατεόονται
928 4364 984 4428 καί
996 4365 1093 4429 κολιί·
1123 4375 1173 4426 tur
1195 4374 1227 4426 et
1248 4365 1357 4428 militia
1378 4365 1534 4446 pelluntur
1555 4374 1586 4426 et
1607 4374 1792 4445 torquentur.
1939 4363 1974 4424 fr.
1993 4366 2020 4425 7.

191 4468 318 4546 ζονταα
336 4468 398 4514 -⁶
1012 4473 1047 4535 ir.
1066 4478 1092 4536 7.

256 4574 288 4638 Ὀ
305 4575 549 4659 στρατιωτικὴν
565 4576 750 4663 ἀποφυγὼν
766 4576 919 4664 φυλακὴν
934 4580 1094 4644 οόκεστιν
1188 4578 1250 4656 Qui
1273 4600 1292 4640 a
1314 4579 1437 4642 militari
1460 4599 1578 4642 carcere
1592 4578 1672 4660 fugit
1685 4598 1745 4640 non
1761 4587 1808 4639 est
1825 4577 1911 4639 miles
1927 4586 2021 4638 trans·

192 4683 369 4768 ἀπόφυμος
391 4687 612 4766 στρατιώτης·
638 4688 665 4747 εί
688 4682 800 4747 δὲκαὶ
824 4693 882 4747 νῦν
905 4683 965 4762 τὴν
988 4687 1091 4772 φυλα-
1120 4684 1207 4764 fnga3
1230 4685 1312 4766 quod
1336 4687 1360 4748 si
1379 4696 1411 4749 et
1424 4707 1519 4761 nunc,
1542 4705 1661 4749 carcere
1676 4685 1798 4747 effracto
1813 4683 1900 4765 fugit,
1923 4684 2022 4765 capite

190 4786 252 4864 κὴν
274 4788 403 4864 κλείσας
426 4795 554 4878 ἔφυγεν,
581 4791 768 4877 κεφαλικιῐις
792 4801 996 4873 τιμωρεῖταιε
1013 4829 1054 4840 -
1119 4792 1251 4871 punitur.
1837 4790 1872 4852 fr.
1890 4792 1939 4852 13.
1957 4795 1973 4866 5
1991 4792 2020 4851 5.

909 4899 944 4960 fr.
963 4902 1012 4963 13.
1029 4907 1046 4977 5
1063 4905 1091 4963 5.

112 5009 154 5060 ι’.
256 5000 289 5066 ‘0
312 5004 467 5080 πωλήσας
490 5005 618 5068 ἀσπίδα
640 5003 659 5081 λ)
679 5005 938 5091 περικεφαλαῖον
959 5004 1093 5092 ληξῖφος
1187 5004 1249 5082 Qui
1266 5005 1434 5068 vendiderit
1451 5014 1570 5069 scutum
1593 5015 1648 5068 aut
1669 5005 1787 5086 galeam
1811 5013 1864 5064 aut
1886 5002 2020 5084 gladium

194 5107 210 5184 l
233 5108 401 5191 λουρίκιον
429 5113 472 5185 ὡς
500 5113 676 5198 ἀπόφυγος
704 5120 907 5193 τιμωρεῖται·
931 5114 950 5174 ό
974 5112 1007 5175 di
1032 5112 1092 5187 τὰς
1119 5122 1174 5173 aut
1197 5112 1320 5175 loricam
1344 5114 1422 5175 sicut
1436 5112 1595 5192 transfuga
1609 5114 1746 5194 punitur3
1771 5112 1823 5192 qui
1838 5108 1956 5172 tibIalia
1971 5108 2021 5171 vel
2102 5106 2104 5109 ’

191 5217 423 5297 περικνημίὸας
439 5215 458 5293 ἢ
474 5215 512 5281 τὸ
525 5216 597 5302 περί
608 5219 833 5300 τοῦσώματος
843 5220 960 5282 πωλῶν
975 5221 1092 5300 μαστί-
1119 5218 1273 5281 humerale
1288 5218 1392 5282 vendit
1407 5220 1499 5298 virgis
1514 5219 1663 5282 caeditur:
1686 5218 1851 5300 ignoscitur
1865 5217 1954 5278 tironi
1969 5217 2021 5296 qui

190 5323 295 5401 ζεται·
320 5326 578 5405 συγγινώσκεται
596 5324 630 5387 δὲ
646 5326 665 5386 ό
682 5325 784 5407 τίρων
799 5325 916 5388 πωλῶν
931 5322 975 5389 roi
991 5323 1091 5390 όπλα·
1120 5345 1206 5386 arma
1228 5325 1395 5388 vendiderit
1421 5336 1451 5388 et
1478 5346 1630 5388 armorum
1656 5335 1757 5410 custos
1784 5325 1815 5385 in
1843 5322 1934 5404 culpa
1956 5323 2020 5384 erit

190 5427 246 5492 καί
271 5431 290 5492 ό
318 5430 499 5517 φυλάττων
527 5428 572 5495 τά
593 5432 687 5515 ἀρμα
709 5436 744 5495 ἐν
765 5434 884 5517 μέμψει
908 5430 1006 5513 ἐστίν,
1035 5430 1093 5497 ἐὰν
1120 5432 1147 5493 si
1169 5452 1231 5493 non
1253 5453 1309 5494 suo
1331 5440 1465 5514 tempore
1488 5453 1574 5495 arma
1595 5432 1776 5495 commiserit
1798 5430 1895 5492 militi

192 5532 284 5618 παρά
307 5534 427 5621 καιρόν
455 5534 498 5600 τὰ
526 5534 614 5601 ὅπλα
639 5537 887 5624 καταπιστεόση
915 5544 962 5621 τῷ
991 5561 1091 5624 στρα-
1838 5537 2020 5613 &1451-

191 5644 305 5729 τιώτηε
327 5680 367 5692 -
908 5647 942 5708 fr.
962 5650 1010 5708 14.
1028 5654 1043 5723 5
1064 5650 1090 5709 1.

216 5806 240 5811 ,¹
252 5805 401 5813 ..η-.-

264 5893 272 5923 ¹
291 5890 334 5947 Cf.
353 5908 426 5962 quac
444 5909 477 5946 ex
496 5891 554 5947 sch.
572 5892 637 5950 Bas.
656 5892 762 5948 habeut
779 5893 811 5947 F.
830 5893 886 5948 Hb.
980 5893 1095 5948 ’babet

190 5981 257 6050 Syn.
329 5980 444 6036 'habet
462 5981 528 6051 Syn.
601 5981 697 6051 ‘Sym
770 5982 865 6052 ⁶Syn.
1107 5984 1109 6051 !
