4680 7114
423 476 485 540 188
678 528 682 533 .
841 465 1183 536 BASILICORUM
1204 464 1513 533 FRAGMENTA
1534 466 1836 533 DEPERDI'PA.

420 657 439 718 ό
468 654 596 738 πράτης
623 657 670 735 τῷ
697 654 873 738 άγοραστῇ
900 647 940 715 sd
968 649 1139 736 διαφέρον.
1188 651 1216 712 εί
1243 646 1272 711 δ’
1303 650 1321 711 ό
1350 648 1474 731 pellitur
1504 658 1600 712 emtor
1629 669 1718 713 omne
1754 650 1883 731 pretium
1915 650 2038 712 solvere
2093 652 2123 714 Si
2148 656 2212 717 subo

420 761 479 845 μέν
501 761 630 847 πράτης
652 762 771 842 ήγνόει,
795 762 813 823 ό
838 758 867 822 δ’
893 754 1086 843 άγοραστής
1104 752 1200 837 ολδεν,
1224 760 1322 842 έρρω·
1350 767 1461 819 norunt
1482 765 1578 820 totsm
1601 757 1650 819 vel
1673 777 1711 819 ex
1733 767 1820 838 perte
1834 756 2023 820 combustum
2038 761 2212 835 cssedonun,

419 891 475 933 ται
513 871 534 946 ῆ
566 877 688 953 πράσις
724 865 781 932 καί
812 866 1034 948 ἀναγκάζεται
1073 866 1091 927 ό
1130 862 1323 948 ἀγοραστής
1349 864 1436 927 irrita
1457 874 1504 926 est
1525 863 1659 926 venditio
1681 864 1795 945 quippe
1816 864 1886 926 dolo
1909 864 1949 926 sb
1969 875 2094 947 utroque
2107 866 2212 941 sdnissu

419 976 535 1040 δοῦναι
559 972 638 1039 δλον
659 972 699 1039 τδ
715 976 849 1058 τίμημα.
888 975 915 1036 εί
931 971 960 1035 δ’
979 974 1012 1036 οί
1027 969 1087 1036 δύο
1102 973 1322 1053 γινώσκουσιν
1349 971 1423 1052 quis
1444 971 1532 1034 dolus
1555 971 1682 1052 impedit
1698 972 1860 1052 quominus
1882 972 1981 1034 bonse
1995 971 2065 1035 lidei
2078 983 2213 1038 continuus

419 1080 498 1147 ὅλον
525 1082 545 1161 l)
572 1087 608 1147 έκ
629 1086 748 1166 μέρους
774 1080 946 1158 καυθῆναι
970 1076 1031 1144 τδν
1053 1076 1159 1159 οἶκον,
1188 1079 1322 1156 ἀνίσγν-
1349 1079 1524 1141 consistent
1880 1076 1929 1163 (ir.
1946 1083 1997 1141 57.
2013 1079 2052 1141 D.
2066 1079 2214 1160 xvutt.)

419 1212 478 1275 ρος
500 1193 519 1254 ὁ
536 1201 659 1275 πράσις
674 1191 718 1264 ώς
733 1191 891 1273 έκατέρου
909 1186 1008 1250 δόλον
1023 1186 1321 1270 πλημμελήσαντος,

418 1294 470 1361 ότι
501 1300 520 1361 ό
554 1296 651 1372 δόλος
681 1295 842 1378 ἐμποδίζει
875 1298 916 1381 τῇ
947 1294 1105 1359 συστάσει
1138 1304 1205 1357 τῶν
1236 1294 1322 1380 καλῇ

418 1405 524 1469 πίστει
548 1404 840 1486 συναλλαγμάτων.
876 1402 995 1484 (Proch
1010 1411 1089 1466 suot
1105 1402 1174 1464 Per.
1192 1404 1322 1481 2216.)

483 1512 581 1587 ΧΙΧ,
600 1516 631 1587 1,
648 1515 689 1575 58
711 1511 786 1594 (56).
836 1510 877 1573 Et
905 1508 939 1572 δὲ
966 1506 1071 1592 ἀγρός
1101 1508 1223 1594 πραθῇ
1255 1517 1322 1571 τών
1416 1505 1449 1567 Si
1472 1525 1544 1585 eger
1565 1505 1707 1568 venditus
1729 1507 1770 1567 sit
1791 1505 1949 1568 arboribus
1967 1506 2032 1569 eius
2047 1508 2215 1588 igncsbsun

418 1617 563 1703 δένδρων
585 1619 691 1682 αὐτοῦ
712 1617 912 1682 καυθέντων
926 1615 946 1693 ή
962 1616 996 1699 ἐξ
1012 1618 1133 1698 ἀνέμου
1148 1616 1320 1679 άποσποσ-
1349 1613 1387 1675 tis
1410 1612 1460 1675 vel
1482 1621 1574 1677 vento
1596 1612 1720 1676 deiectis
1742 1622 1867 1695 propter
1884 1634 1961 1694 quas
1976 1634 2050 1693 eger
2063 1624 2151 1677 emtus
2163 1628 2216 1689 unt,

418 1727 623 1790 καυθέντων
639 1725 681 1788 δι’
700 1721 723 1788 ά
739 1727 757 1788 ό
774 1720 878 1807 ἀγρός
893 1723 1087 1807 ἠγοράσθη,
1104 1722 1285 1806 ἀνίσγνρος
1301 1723 1320 1797 ή
1348 1719 1482 1782 venditio
1504 1720 1590 1782 irrito
1611 1730 1666 1795 est,
1688 1721 1752 1783 sive
1774 1721 1873 1782 scierit
1894 1721 1959 1783 sive
1981 1721 2216 1801 iguomvcritvcn-

417 1843 539 1917 πρᾶσις
555 1836 617 1896 εἴτε
631 1831 700 1918 ᾔδει
717 1835 779 1896 εἴτε
794 1832 903 1913 ήγνόει
919 1832 937 1893 ό
954 1831 1095 1914 πράτης·
1111 1833 1138 1892 εί
1156 1827 1185 1893 δ’
1207 1830 1320 1910 ὸάγο-
1347 1827 1434 1890 diter.
1480 1827 1598 1905 Quodsi
1629 1836 1726 1889 emtor
1756 1827 1856 1890 scierit
1887 1827 1936 1890 vel
1967 1828 2154 1908 ignoraverit,
2179 1846 2216 1891 snt

417 1936 544 2023 ραστής
557 1938 625 2025 ᾔδει
642 1938 661 2015 ή
677 1940 785 2020 ήγνόει
802 1937 821 2015 l>
837 1938 1000 2021 ἑκάτερος,
1016 1932 1060 2000 τά
1077 1934 1212 2019 περὶτοῦ
1227 1940 1320 1999 οίκον
1347 1943 1480 2015 uterque,
1503 1954 1582 2014 quae
1603 1934 1641 1996 de
1664 1928 1789 1996 cedibus
1812 1955 1905 2015 supro
1918 1935 2002 1996 dicto
2018 1946 2090 1997 sunt
2102 1936 2216 1998 obtinent

416 2046 651 2131 προλεγθέντα
672 2055 795 2130 κρατεῖ.
871 2045 991 2127 (Proch.
1008 2052 1086 2106 suot
1102 2044 1172 2106 Per.
1189 2047 1239 2117 22,
1257 2045 1319 2122 20.)
1785 2038 1833 2126 (fr.
1852 2044 1893 2102 58
1912 2040 1995 2125 [66].
2011 2041 2051 2103 D.
2066 2042 2127 2104 XV
2128 2043 2177 2117 lIL
2189 2042 2216 2127 1.]

481 2154 579 2228 XIX,
602 2156 618 2214 1
639 2156 711 2236 (961
759 2152 834 2216 Ἐάν
862 2173 911 2225 τις
939 2151 1138 2235 πιπράσκων
1164 2148 1184 2227 ή
1212 2148 1319 2223 άλλως

416 2264 556 2324 ἐνιποιών
579 2270 717 2343 πρᾶγμα
740 2258 955 2345 συμφωνήσῃ,
980 2255 1036 2321 ἵνα
1049 2255 1092 2340 μή
1108 2257 1163 2343 ἐξῇ
1178 2261 1226 2338 τῷ
1242 2258 1318 2337 ἀγο-
1413 2254 1447 2317 Sl
1469 2255 1536 2336 quis
1558 2255 1632 2317 dum
1654 2244 1760 2320 vendit
1777 2255 1826 2318 vel
1840 2256 1929 2318 sliter
1943 2277 2008 2319 rem
2023 2255 2133 2319 elienst
2146 2258 2217 2340 posis
2277 2252 2280 2265 '

416 2371 526 2453 ραστῇ
553 2367 667 2455 τάφον
694 2366 911 2448 οἰκοδομῆσαι
939 2369 973 2427 έν
1000 2368 1047 2445 τῷ
1075 2365 1166 2445 τόπῳ
1190 2363 1210 2440 l>
1233 2363 1319 2427 ἀλλα
1346 2372 1446 2437 cetur,
1474 2382 1512 2423 ne
1539 2362 1630 2424 lioest
1656 2364 1762 2424 emtori
1790 2374 2019 2425 monumentum
2042 2368 2216 2426 exstruerem

415 2604 481 2645 ται.
526 2582 631 2665 ίξεστι
659 2577 725 2665 γάρ
754 2580 883 2661 ἑκάστῳ
912 2578 1157 2661 παραιτεῖσθαι
1185 2579 1319 2660 γείτονα
1346 2586 1469 2659 pactum
1492 2577 1582 2639 vslct
1620 2576 1709 2638 Licet
1730 2579 1810 2638 enim
1826 2578 1934 2658 cuique
1949 2597 2091 2640 recusare
2105 2580 2218 2651 vicium

415 2684 455 2751 ὃν
477 2689 517 2752 οὐ
538 2688 693 2774 βούλεται
717 2690 802 2765 έγειν
825 2682 881 2749 διά
904 2685 1012 2750 ίδικοῦ
1029 2687 1224 2773 ’συμφώνου
1346 2704 1437 2765 quem
1458 2704 1521 2745 non
1537 2684 1604 2747 vult
1618 2684 1739 2759 hebere,
1761 2704 1816 2766 per
1830 2684 1992 2765 specialem
2009 2687 2218 2749 conventionem.

866 2791 986 2880 (Proch.
1002 2802 1082 2856 suot
1097 2793 1168 2855 Per.
1185 2796 1235 2868 22,
1252 2792 1317 2879 21.)
1959 2796 1997 2870 (c.
2015 2797 2045 2856 9.
2061 2793 2096 2855 C.
2110 2793 2161 2867 IV,
2174 2791 2219 2875 54.)

480 2901 496 2934 *
510 2903 602 2978 XIX,
620 2906 649 2977 6,
667 2906 717 2965 15.
759 2900 805 2964 ‘H
823 2909 945 2984 πράσις
963 2903 999 2963 έκ
1013 2908 1075 2963 τοῦ
1088 2897 1133 2982 μή
1150 2900 1317 2985 καταβλη-
1411 2897 1535 2980 Emptio
1557 2918 1596 2962 ex
1618 2919 1653 2962 eo
1671 2900 1752 2980 quod
1775 2900 1904 2980 pretium
1922 2921 1983 2962 non
2006 2901 2099 2963 fixerit
2115 2901 2219 2963 sclutun

415 3010 522 3087 θῆναι
546 3007 586 3073 td
610 3010 734 3092 τίμημα
757 3008 817 3071 οὐκ
840 3009 1070 3092 ἀνατρέπεται,
1094 3010 1124 3070 εἴ
1138 3005 1182 3089 μή
1198 3008 1268 3091 ἀρα
1283 3006 1317 3089 ἐξ
1345 3025 1404 3066 non
1427 3006 1595 3081 resolvitur,
1618 3006 1677 3068 nisi
1700 3006 1739 3068 sb
1761 3007 1848 3068 initio
1870 3008 2140 3088 perdonationem
2159 3007 2220 3070 tem

414 3119 520 3200 ἀρχῆς
542 3113 632 3181 κατά
655 3112 783 3200 δωρεὰν
805 3117 931 3196 ἐγένετο
946 3112 1004 3177 καί
1019 3116 1039 3191 ή
1056 3124 1114 3190 τῆς
1129 3115 1317 3198 ἀγορασιάς
1344 3112 1384 3174 sit
1405 3122 1436 3174 et
1457 3111 1617 3193 emptionis
1639 3112 1713 3175 fides
1735 3113 1767 3174 in
1789 3114 1962 3178 venditione
1990 3114 2058 3177 sine
2079 3116 2220 3196 qusntitste

414 3225 524 3298 πίστις
546 3222 597 3287 est
620 3233 679 3299 τῆς
695 3223 847 3305 πράσεως
858 3218 963 3305 χωρίς
979 3222 1166 3297 ποσότητος
1182 3219 1317 3302 οὐδεμία
1345 3217 1431 3280 nulls
1452 3226 1511 3292 est;
1539 3219 1620 3299 quod
1646 3220 1672 3281 si
1699 3240 1738 3282 ex
1759 3221 1855 3301 pretio
1882 3230 2034 3286 convento
2061 3221 2134 3283 nihil
2153 3220 2221 3282 fuetit

414 3331 517 3394 ἐστίν·
534 3334 570 3393 ἐκ
586 3328 620 3393 δέ
635 3337 697 3392 τοῦ
712 3331 897 3411 ἀρέσαντος
913 3327 1095 3410 τιμήματος
1109 3325 1153 3409 μή
1169 3327 1316 3411 ἀριθμη-
1344 3325 1489 3399 solutum,
1517 3326 1570 3387 sed
1592 3328 1741 3407 possessio
1764 3336 1882 3390 tentum
1906 3329 1934 3390 ei
1961 3329 2050 3403 dsts,
2078 3326 2221 3390 huiusmodi

415 3437 538 3511 θέντος
561 3433 647 3501 ἀλλά
669 3438 770 3517 μόνης
792 3446 851 3512 τῆς
873 3445 974 3514 νομῆς
997 3435 1088 3515 αὑτηί
1112 3433 1317 3516 παραδοθεί·
1344 3439 1518 3494 connectes
1545 3453 1606 3494 non
1632 3445 1678 3496 est
1704 3434 1820 3513 inutilis
1847 3455 1945 3516 neque
1966 3435 2082 3498 idcirco
2103 3433 2221 3516 quieuit

413 3565 482 3624 σης,
511 3541 551 3607 τὸ
574 3550 730 3607 τοιοῦτον
753 3542 970 3623 συνάλλαγμα
994 3541 1056 3603 οὐκ
1078 3539 1168 3603 ἐστίν
1190 3542 1317 3625 ἀκυρον
1345 3537 1424 3601 mele
1451 3538 1595 3619 possidet,
1622 3541 1704 3621 quod
1730 3561 1792 3603 non
1814 3553 1861 3604 est
1887 3542 1987 3604 soluts
2011 3563 2141 3616 summu,
2163 3560 2221 3621 quse

413 3649 488 3712 οὐδὲ
516 3646 572 3713 διά
594 3658 696 3714 τοῦτο
725 3651 743 3712 ό
767 3649 944 3733 ἀγοράσας
969 3657 1081 3722 κακῶς
1102 3650 1240 3729 νέμεται,
1264 3644 1315 3711 ὅτι
1344 3653 1379 3707 ut
1400 3646 1523 3708 deretur
1545 3649 1694 3711 convenit

412 3754 455 3838 μή
482 3755 679 3841 κατεβλήθη
707 3757 728 3832 ή
760 3757 906 3832 ποσότης
933 3751 973 3831 ήν
996 3753 1146 3831 δοθῆναι
1169 3776 1316 3840 συνεφω·

413 3860 533 3940 νήθη.1
915 3937 918 3947 ,
997 3861 1217 3943 (Βεω.01]οω.
1234 3862 1318 3944 300.)

479 3968 648 4046 *XIX,8,
666 3972 716 4033 11.
761 3969 811 4032 Ἐν
833 3973 881 4050 τῷ
904 3966 977 4053 περὶ
997 3979 1098 4049 νομῆς
1113 3968 1316 4052 δικαστηρίῳ
1410 3966 1449 4027 In
1463 3967 1575 4029 iudicio
1590 3968 1628 4028 de
1642 3969 1831 4049 possessione
1846 3989 1866 4032 s
1880 3970 2036 4033 venditore
2052 3972 2106 4054 qui
2120 3970 2221 4052 duplum

414 4073 525 4151 διδοὺς
557 4079 575 4140 ό
609 4077 738 4161 πράτης
770 4074 809 4140 τὸ
838 4076 974 4140 διπλοῦν
1001 4074 1096 4138 οὐδὲν
1127 4077 1316 4138 ἀπαιτεῖται
1344 4074 1396 4135 det
1417 4073 1493 4135 nihil
1515 4078 1630 4154 petitur
1653 4084 1811 4156 praetextu
1834 4086 2000 4140 ceterorum
2024 4099 2104 4160 quse
2123 4080 2153 4139 in
2171 4097 2222 4140 vm·

414 4184 584 4269 προφάσει
612 4195 680 4247 των
707 4184 817 4247 ἀλλων
844 4194 912 4247 τῶν
938 4183 972 4266 ἐξ
1000 4183 1104 4256 έθους
1132 4186 1173 4268 τῇ
1197 4182 1315 4266 πράσει
1344 4179 1457 4242 ditione
1479 4182 1639 4244 convenire
1662 4181 1759 4244 solent
1776 4190 1807 4244 et
1825 4184 1851 4246 si
1866 4185 2028 4247 vendidero
2043 4185 2100 4248 tibi
2114 4206 2149 4247 es
2166 4184 2222 4262 lege

414 4294 701 4378 συμφωνουμένων
727 4289 785 4355 καί
808 4296 833 4353 sl
858 4290 999 4368 πωλήσω
1027 4311 1081 4352 σοι
1109 4289 1162 4374 ἐφ’
1189 4280 1215 4351 ὧ
1237 4289 1316 4371 μήτε
1344 4295 1379 4349 ut
1405 4307 1501 4368 neque
1527 4307 1584 4368 ego
1611 4309 1708 4370 neque
1735 4289 1821 4352 heres
1847 4311 1933 4355 meus
1960 4313 2015 4355 seu
2043 4294 2187 4355 venientes
2209 4309 2222 4348 ι

413 4396 465 4480 ἐμὲ
487 4398 567 4480 μήτε
589 4395 650 4461 τὸν
672 4398 880 4482 κληρονόμον
901 4419 965 4477 μου
987 4396 1007 4475 ή
1030 4393 1075 4460 τά
1090 4397 1257 4483 φερόμενα
1272 4400 1317 4470 είς
1343 4413 1391 4455 me
1413 4414 1560 4475 personae
1581 4395 1795 4476 impedimento
1810 4397 1866 4459 tibi
1882 4399 1943 4461 siut
1956 4401 2120 4480 quominus
2133 4397 2222 4460 hebes

413 4504 465 4585 έμέ
489 4505 654 4587 πρόσωπα
676 4504 852 4584 ἐμποδίσαι
876 4526 929 4568 σοι
953 4506 1046 4584 ἔχειν,
1069 4502 1127 4566 καλ
1150 4503 1249 4576 ἀλλος
1268 4505 1315 4564 ἐκ·
1342 4509 1373 4563 et
1399 4501 1477 4564 ulter
1497 4521 1561 4564 rem
1583 4501 1737 4566 venditam
1759 4505 1891 4578 evincet,
1917 4526 1978 4568 nou
2000 4516 2108 4570 teneor
2128 4505 2223 4569 cutione

413 4610 536 4687 νικήσει
561 4609 600 4675 τὸ
624 4610 768 4695 πραθὲν,
791 4611 852 4675 οὐκ
874 4613 1024 4693 ἐνέγομαι
1049 4614 1091 4697 τῇ
1110 4612 1224 4697 ἀγωγῇ
1243 4606 1314 4693 περί
1342 4606 1381 4670 de
1406 4607 1509 4669 futuro
1536 4609 1648 4671 domno
1670 4629 1767 4692 neque
1789 4612 1908 4674 notione
1932 4615 2027 4694 empti
2054 4614 2088 4675 ln
2113 4614 2143 4676 id
2162 4608 2223 4692 qnod

413 4728 472 4794 τῆς
508 4716 687 4800 μελλούσης
725 4718 840 4799 ζημίας
877 4718 952 4781 οὔτε
984 4720 1024 4804 τῇ
1056 4719 1170 4803 ἀγωγῇ
1202 4720 1244 4802 τῇ
1275 4713 1315 4779 τό
1343 4715 1475 4790 interest,
1498 4714 1550 4778 sed
1571 4713 1695 4801 (solum)
1718 4717 1758 4779 sd
1779 4719 1909 4798 pretinm
1936 4720 2162 4792 restituendum,
2180 4715 2223 4778 nisi

414 4834 552 4909 πρᾶγμα
575 4823 764 4910 ἀπαιτούσῃ
787 4828 831 4898 είς
854 4820 894 4888 td
910 4823 1082 4911 διαφέρον,
1106 4822 1178 4887 ἀλλ’
1196 4827 1241 4897 είς
1255 4821 1316 4900 τήν
1343 4821 1419 4884 forte
1446 4829 1554 4903 pectus
1580 4822 1666 4884 fuero
1693 4843 1741 4886 me
1767 4824 1843 4886 nihil
1879 4828 2095 4906 prsestiturum
2125 4834 2224 4908 propter

414 4930 577 4995 ἀνάδοσιν
599 4940 661 4995 τοῦ
682 4932 874 5014 τιμήματος,
898 4935 924 4994 εί
946 4928 989 5011 μή
1009 4932 1079 5015 ἀρα
1097 4931 1317 5017 συνεφώνησα
1343 4948 1407 4991 rem
1429 4930 1567 5003 evictam,
1590 4949 1660 4991 eum
1682 4939 1783 4993 temen
1806 4933 1950 4996 nescirem
1973 4954 2023 4995 mc
2038 4954 2103 4996 rem
2118 4934 2223 4995 silenem

413 5038 513 5121 μηδὲν
536 5047 723 5123 παρασχεῖν
746 5040 974 5119 ἐκνικουμένου
988 5039 1261 5119 τοῦπράγματος
1283 5042 1317 5100 έν
1343 5037 1480 5098 vendere.
1518 5035 1600 5097 Nem
1623 5037 1675 5117 qui
1697 5038 1785 5100 scivit
1798 5035 1875 5123 (rem
1890 5059 1955 5103 esse
1969 5041 2121 5121 alienum),
2142 5057 2224 5120 qusn-

414 5147 536 5227 ἀγνοίρι
557 5168 619 5209 του
641 5145 840 5229 πιπράσκειν
858 5143 1044 5228 ἀλλότριον.
1078 5141 1112 5208 Ὀ
1134 5140 1200 5228 γάρ
1224 5141 1316 5217 εἰδὼς
1343 5143 1390 5206 vis
1417 5143 1448 5203 id
1476 5143 1662 5218 convenerit,
1689 5152 1808 5207 tenetur
1835 5155 1998 5229 exempto
2026 5148 2155 5220 solioum
2177 5164 2224 5208 non

413 5251 470 5316 καί
494 5261 555 5317 τοῦ
578 5254 760 5338 συμφώνου
783 5253 880 5325 όντος
903 5253 1046 5329 ἐνέχεται
1073 5254 1114 5336 τῇ
1138 5252 1252 5336 ἀγωγῇ
1275 5253 1316 5337 τῇ
1343 5270 1414 5312 vero
1442 5249 1467 5311 si
1494 5249 1651 5330 ignoravit
1701 5251 1755 5313 Fit
1780 5253 1860 5315 enim
1886 5261 1921 5316 ut
1948 5255 2089 5317 venditor
2117 5253 2224 5335 pedm
2284 5320 2285 5343 ,

414 5359 603 5444 ἀπαιτούσῃ
626 5356 665 5422 τὸ
690 5367 836 5442 πρᾶγμα,
868 5359 908 5421 οίι
929 5356 992 5440 μήν
1010 5357 1188 5439 ἀγνοήσας.
1233 5357 1316 5421 svet-
1343 5355 1514 5419 lucriiscist
1543 5367 1574 5418 et
1604 5365 1722 5438 emptor
1753 5379 1817 5420 rem
1848 5380 1908 5421 non
1947 5360 2061 5423 hehest
2093 5356 2224 5424 eumin

410 5486 507 5542 χεται
536 5462 602 5550 γδιρ
632 5462 692 5528 τὸν
715 5467 846 5547 πράτην
867 5464 1026 5550 κερδάναι
1049 5461 1089 5529 td
1112 5465 1238 5547 τίμημα
1259 5462 1316 5527 καὶ
1344 5460 1521 5550 (emptione)
1548 5464 1645 5526 iectus
1673 5466 1781 5527 retium
1807 5476 1862 5528 sut
1887 5466 2047 5547 indnffl'nis.
2098 5463 2224 5546 Quemvis

413 5568 474 5634 τὸν
489 5570 684 5656 ἀγοραστήν
699 5571 742 5654 μή
759 5581 850 5650 σχεῖν
864 5569 904 5636 τὸ
921 5581 1059 5656 πρᾶγμα
1072 5570 1130 5635 καί
1146 5569 1318 5645 ὲπίάλείας
1344 5571 1423 5633 enim
1445 5569 1520 5631 nihil
1542 5578 1666 5652 captum
1690 5573 1737 5647 sit,
1758 5582 1877 5655 emptor
1898 5575 2030 5655 pretinm
2052 5575 2150 5640 solvit

412 5676 470 5742 καί
490 5678 619 5763 θήρας·
641 5676 706 5742 κάν
729 5675 794 5761 γάρ
818 5677 917 5761 μηδὲν
939 5679 1115 5765 κρατηθῇ,
1139 5677 1275 5742 δίδωσιν
1298 5680 1316 5741 ό
1808 5677 1857 5765 (fr,
1875 5683 1924 5743 15.
1941 5687 1958 5758 ἕ
1977 5683 2026 5745 18.
2042 5682 2083 5744 D.
2098 5679 2183 5753 XIX,
2197 5674 2224 5753 ll

414 5784 607 5869 ἀγοραστής
629 5783 669 5849 τὸ
692 5787 826 5868 τίμημα.
951 5787 1051 5868 (Dum.
1067 5787 1173 5849 Ohom.
1190 5808 1216 5847 ο.
1233 5787 1317 5868 303.)

486 6016 495 6048 ¹
514 6015 614 6070 Errsts
631 6015 742 6071 videtur
759 6015 815 6070 loci
833 6014 975 6070 indicstio.
