<?xml version="1.0" encoding="UTF-8"?>
<!DOCTYPE html PUBLIC "-//W3C//DTD XHTML 1.0 Transitional//EN"
    "http://www.w3.org/TR/xhtml1/DTD/xhtml1-transitional.dtd">
<html xmlns="http://www.w3.org/1999/xhtml" xml:lang="en" lang="en">
 <head>
  <title>
</title>
<meta http-equiv="Content-Type" content="text/html;charset=utf-8" />
  <meta name='ocr-system' content='tesseract 3.04.00' />
  <meta name='ocr-capabilities' content='ocr_page ocr_carea ocr_par ocr_line ocrx_word'/>
</head>
<body>
  <div class='ocr_page' id='page_1' title='image "./supplementumedi00linggoog/supplementumedi00linggoog_0436.png"; bbox 0 0 4842 7018; ppageno 0'>
   <div class='ocr_carea' id='block_1_1' title="bbox 404 409 1563 480">
    <p class='ocr_par' dir='ltr' id='par_1_1' title="bbox 404 409 1563 480">
     <span class='ocr_line' id='line_1_1' title="bbox 404 409 1563 480; baseline 0.004 -7"><span class='ocrx_word' id='word_1_1' title='bbox 404 409 446 474; x_wconf 79' lang='lat'><strong>&#39;10</strong></span> <span class='ocrx_word' id='word_1_2' title='bbox 1084 413 1239 480; x_wconf 81' lang='lat' dir='ltr'>LIBER</span> <span class='ocrx_word' id='word_1_3' title='bbox 1260 413 1379 480; x_wconf 86' lang='lat' dir='ltr'>XLIV.</span> <span class='ocrx_word' id='word_1_4' title='bbox 1423 413 1514 479; x_wconf 82' lang='lat' dir='ltr'><strong>TIT.</strong></span> <span class='ocrx_word' id='word_1_5' title='bbox 1537 414 1563 478; x_wconf 87' lang='lat' dir='ltr'>L</span> 
     </span>
    </p>
   </div>
   <div class='ocr_carea' id='block_1_2' title="bbox 402 586 2239 1211">
    <p class='ocr_par' dir='ltr' id='par_1_2' title="bbox 402 586 2239 1112">
     <span class='ocr_line' id='line_1_2' title="bbox 467 586 2238 685; baseline 0.003 -31"><span class='ocrx_word' id='word_1_6' title='bbox 467 586 542 654; x_wconf 84' lang='grc' dir='ltr'><strong>Ἐάν</strong></span> <span class='ocrx_word' id='word_1_7' title='bbox 573 588 613 657; x_wconf 88' lang='grc' dir='ltr'><strong>τὸ</strong></span> <span class='ocrx_word' id='word_1_8' title='bbox 645 590 729 657; x_wconf 85' lang='grc' dir='ltr'><strong><em>αὑτό</em></strong></span> <span class='ocrx_word' id='word_1_9' title='bbox 762 603 901 677; x_wconf 75' lang='grc' dir='ltr'><strong><em>πρᾶγμα</em></strong></span> <span class='ocrx_word' id='word_1_10' title='bbox 933 595 1091 670; x_wconf 75' lang='grc' dir='ltr'><strong><em>πολλάκις</em></strong></span> <span class='ocrx_word' id='word_1_11' title='bbox 1122 617 1178 678; x_wconf 89' lang='grc' dir='ltr'><strong><em>μοι</em></strong></span> <span class='ocrx_word' id='word_1_12' title='bbox 1205 602 1240 661; x_wconf 83' lang='grc' dir='ltr'><strong>ὲν</strong></span> <span class='ocrx_word' id='word_1_13' title='bbox 1267 600 1307 685; x_wconf 81' lang='grc' dir='ltr'><strong>τῇ</strong></span> <span class='ocrx_word' id='word_1_14' title='bbox 1403 595 1437 659; x_wconf 83' lang='lat' dir='ltr'><strong>Si</strong></span> <span class='ocrx_word' id='word_1_15' title='bbox 1460 595 1564 659; x_wconf 91' lang='lat' dir='ltr'><strong>eadem</strong></span> <span class='ocrx_word' id='word_1_16' title='bbox 1587 615 1637 657; x_wconf 88' lang='lat' dir='ltr'><strong>rea</strong></span> <span class='ocrx_word' id='word_1_17' title='bbox 1660 596 1781 677; x_wconf 78' lang='lat' dir='ltr'><strong>caepim</strong></span> <span class='ocrx_word' id='word_1_18' title='bbox 1796 594 1870 656; x_wconf 89' lang='lat' dir='ltr'><strong>mihi</strong></span> <span class='ocrx_word' id='word_1_19' title='bbox 1892 595 1925 656; x_wconf 92' lang='lat' dir='ltr'><strong>in</strong></span> <span class='ocrx_word' id='word_1_20' title='bbox 1940 595 2046 659; x_wconf 90' lang='lat' dir='ltr'><strong>ecdem</strong></span> <span class='ocrx_word' id='word_1_21' title='bbox 2061 604 2238 659; x_wconf 84' lang='lat' dir='ltr'><strong>teetamentc</strong></span> 
     </span>
     <span class='ocr_line' id='line_1_3' title="bbox 402 696 2239 787; baseline 0.002 -24"><span class='ocrx_word' id='word_1_22' title='bbox 402 697 487 785; x_wconf 83' lang='grc' dir='ltr'><strong><em>αὐτῇ</em></strong></span> <span class='ocrx_word' id='word_1_23' title='bbox 519 696 671 786; x_wconf 75' lang='grc' dir='ltr'><em>διαθήκῃ</em></span> <span class='ocrx_word' id='word_1_24' title='bbox 702 700 911 787; x_wconf 78' lang='grc' dir='ltr'><strong><em>ληγατενθῇ,</em></strong></span> <span class='ocrx_word' id='word_1_25' title='bbox 945 699 1038 786; x_wconf 79' lang='grc' dir='ltr'><strong><em>άπαξ</em></strong></span> <span class='ocrx_word' id='word_1_26' title='bbox 1074 704 1178 785; x_wconf 89' lang='grc' dir='ltr'><strong><em>μόνον</em></strong></span> <span class='ocrx_word' id='word_1_27' title='bbox 1214 704 1234 782; x_wconf 74' lang='grc' dir='ltr'><strong><em>λ</em></strong></span> <span class='ocrx_word' id='word_1_28' title='bbox 1267 702 1307 770; x_wconf 84' lang='grc' dir='ltr'><strong>τό</strong></span> <span class='ocrx_word' id='word_1_29' title='bbox 1335 702 1438 784; x_wconf 86' lang='lat' dir='ltr'><strong>legato</strong></span> <span class='ocrx_word' id='word_1_30' title='bbox 1464 700 1567 786; x_wconf 72' lang='lat' dir='ltr'><strong>fuerit,</strong></span> <span class='ocrx_word' id='word_1_31' title='bbox 1595 702 1689 765; x_wconf 82' lang='lat' dir='ltr'><strong>semel</strong></span> <span class='ocrx_word' id='word_1_32' title='bbox 1715 709 1835 764; x_wconf 87' lang='lat' dir='ltr'><strong>tantum</strong></span> <span class='ocrx_word' id='word_1_33' title='bbox 1862 702 1913 765; x_wconf 88' lang='lat' dir='ltr'><strong>vel</strong></span> <span class='ocrx_word' id='word_1_34' title='bbox 1939 722 2003 764; x_wconf 85' lang='lat' dir='ltr'><strong>rem</strong></span> <span class='ocrx_word' id='word_1_35' title='bbox 2025 703 2077 766; x_wconf 89' lang='lat' dir='ltr'><strong>vel</strong></span> <span class='ocrx_word' id='word_1_36' title='bbox 2103 704 2239 767; x_wconf 71' lang='lat' dir='ltr'><strong>aestima</strong></span> 
     </span>
     <span class='ocr_line' id='line_1_4' title="bbox 403 802 2238 895; baseline 0.002 -26"><span class='ocrx_word' id='word_1_37' title='bbox 403 814 541 889; x_wconf 78' lang='grc' dir='ltr'><strong><em>πρᾶγμα</em></strong></span> <span class='ocrx_word' id='word_1_38' title='bbox 568 804 589 883; x_wconf 73' lang='grc' dir='ltr'>ἢ</span> <span class='ocrx_word' id='word_1_39' title='bbox 616 802 678 883; x_wconf 80' lang='grc' dir='ltr'><strong>τὴν</strong></span> <span class='ocrx_word' id='word_1_40' title='bbox 706 808 910 889; x_wconf 75' lang='grc' dir='ltr'><em>ἀποτίμησιν</em></span> <span class='ocrx_word' id='word_1_41' title='bbox 936 809 1106 895; x_wconf 82' lang='grc' dir='ltr'><strong><em>λαμβάνω.</em></strong></span> <span class='ocrx_word' id='word_1_42' title='bbox 1158 816 1184 875; x_wconf 80' lang='lat' dir='ltr'><strong>el</strong></span> <span class='ocrx_word' id='word_1_43' title='bbox 1212 810 1247 876; x_wconf 79' lang='grc' dir='ltr'><strong><em>δί</em></strong></span> <span class='ocrx_word' id='word_1_44' title='bbox 1274 816 1309 876; x_wconf 84' lang='grc' dir='ltr'><strong><em>λν</em></strong></span> <span class='ocrx_word' id='word_1_45' title='bbox 1335 808 1448 873; x_wconf 89' lang='lat' dir='ltr'><strong>tionem</strong></span> <span class='ocrx_word' id='word_1_46' title='bbox 1470 810 1595 891; x_wconf 86' lang='lat' dir='ltr'><strong>accipio.</strong></span> <span class='ocrx_word' id='word_1_47' title='bbox 1641 808 1676 871; x_wconf 82' lang='lat' dir='ltr'><strong>Si</strong></span> <span class='ocrx_word' id='word_1_48' title='bbox 1697 829 1768 873; x_wconf 89' lang='lat' dir='ltr'><strong>vero</strong></span> <span class='ocrx_word' id='word_1_49' title='bbox 1790 810 1822 871; x_wconf 91' lang='lat' dir='ltr'><strong>in</strong></span> <span class='ocrx_word' id='word_1_50' title='bbox 1837 809 1965 872; x_wconf 86' lang='lat' dir='ltr'><strong>divereia</strong></span> <span class='ocrx_word' id='word_1_51' title='bbox 1982 812 2181 885; x_wconf 71' lang='lat' dir='ltr'><strong>testamentis,</strong></span> <span class='ocrx_word' id='word_1_52' title='bbox 2202 832 2238 873; x_wconf 82' lang='lat' dir='ltr'><strong>ex</strong></span> 
     </span>
     <span class='ocr_line' id='line_1_5' title="bbox 403 911 2090 1001; baseline 0.002 -27"><span class='ocrx_word' id='word_1_53' title='bbox 403 911 582 997; x_wconf 72' lang='grc' dir='ltr'><strong><em>διαφόροις</em></strong></span> <span class='ocrx_word' id='word_1_54' title='bbox 620 912 817 995; x_wconf 81' lang='grc' dir='ltr'><strong><em>διαθήκαις,</em></strong></span> <span class='ocrx_word' id='word_1_55' title='bbox 856 913 924 980; x_wconf 80' lang='grc' dir='ltr'><strong>άπὸ</strong></span> <span class='ocrx_word' id='word_1_56' title='bbox 962 916 1020 998; x_wconf 69' lang='grc' dir='ltr'><strong>μὲν</strong></span> <span class='ocrx_word' id='word_1_57' title='bbox 1057 928 1116 995; x_wconf 79' lang='grc' dir='ltr'><strong>τῆς</strong></span> <span class='ocrx_word' id='word_1_58' title='bbox 1152 928 1230 1001; x_wconf 80' lang='grc' dir='ltr'><strong><em>μιᾶς</em></strong></span> <span class='ocrx_word' id='word_1_59' title='bbox 1268 916 1307 983; x_wconf 84' lang='grc' dir='ltr'><strong>τό</strong></span> <span class='ocrx_word' id='word_1_60' title='bbox 1335 936 1397 979; x_wconf 89' lang='lat' dir='ltr'><strong>unc</strong></span> <span class='ocrx_word' id='word_1_61' title='bbox 1419 937 1496 992; x_wconf 90' lang='lat' dir='ltr'><strong>rem,</strong></span> <span class='ocrx_word' id='word_1_62' title='bbox 1518 937 1558 980; x_wconf 83' lang='lat' dir='ltr'><strong>ex</strong></span> <span class='ocrx_word' id='word_1_63' title='bbox 1580 917 1676 979; x_wconf 85' lang='lat' dir='ltr'><strong>altero</strong></span> <span class='ocrx_word' id='word_1_64' title='bbox 1700 916 1940 979; x_wconf 74' lang='lat' dir='ltr'><strong>aestimationem</strong></span> <span class='ocrx_word' id='word_1_65' title='bbox 1964 916 2090 998; x_wconf 89' lang='lat' dir='ltr'><strong>accipio.</strong></span> 
     </span>
     <span class='ocr_line' id='line_1_6' title="bbox 402 1016 2237 1112; baseline 0.002 -29"><span class='ocrx_word' id='word_1_66' title='bbox 402 1029 549 1105; x_wconf 83' lang='grc' dir='ltr'><strong><em>πράγμα,</em></strong></span> <span class='ocrx_word' id='word_1_67' title='bbox 573 1016 641 1085; x_wconf 82' lang='grc' dir='ltr'><strong>άπὸ</strong></span> <span class='ocrx_word' id='word_1_68' title='bbox 664 1018 700 1085; x_wconf 80' lang='grc' dir='ltr'><strong>δὲ</strong></span> <span class='ocrx_word' id='word_1_69' title='bbox 722 1031 781 1098; x_wconf 77' lang='grc' dir='ltr'><strong>της</strong></span> <span class='ocrx_word' id='word_1_70' title='bbox 803 1021 904 1099; x_wconf 84' lang='grc' dir='ltr'><strong><em>άλλης</em></strong></span> <span class='ocrx_word' id='word_1_71' title='bbox 918 1020 959 1089; x_wconf 84' lang='grc' dir='ltr'><strong>τό</strong></span> <span class='ocrx_word' id='word_1_72' title='bbox 975 1026 1100 1106; x_wconf 83' lang='grc' dir='ltr'><strong><em>τίμημα</em></strong></span> <span class='ocrx_word' id='word_1_73' title='bbox 1122 1024 1308 1112; x_wconf 60' lang='grc' dir='ltr'><strong><em>λαμβάνοί</em></strong></span> <span class='ocrx_word' id='word_1_74' title='bbox 2011 1024 2237 1102; x_wconf 64' lang='grc'><strong>634512.</strong></span> 
     </span>
    </p>

    <p class='ocr_par' dir='ltr' id='par_1_3' title="bbox 1077 1134 1307 1211">
     <span class='ocr_line' id='line_1_7' title="bbox 1077 1134 1307 1211; baseline 0.009 -16"><span class='ocrx_word' id='word_1_75' title='bbox 1077 1134 1112 1195; x_wconf 81' lang='lat' dir='ltr'><strong>fr.</strong></span> <span class='ocrx_word' id='word_1_76' title='bbox 1129 1138 1181 1197; x_wconf 87' lang='grc'><strong>34.</strong></span> <span class='ocrx_word' id='word_1_77' title='bbox 1198 1140 1215 1211; x_wconf 85' lang='lat'><strong>5</strong></span> <span class='ocrx_word' id='word_1_78' title='bbox 1235 1137 1262 1198; x_wconf 92' lang='grc'><strong>1.</strong></span> <span class='ocrx_word' id='word_1_79' title='bbox 1279 1137 1307 1197; x_wconf 85' lang='grc'><strong>2.</strong></span> 
     </span>
    </p>
   </div>
   <div class='ocr_carea' id='block_1_3' title="bbox 401 1260 2239 1987">
    <p class='ocr_par' dir='ltr' id='par_1_4' title="bbox 401 1260 2239 1987">
     <span class='ocr_line' id='line_1_8' title="bbox 468 1260 2237 1349; baseline 0.001 -24"><span class='ocrx_word' id='word_1_80' title='bbox 468 1261 510 1325; x_wconf 84' lang='grc' dir='ltr'><strong>Εἰ</strong></span> <span class='ocrx_word' id='word_1_81' title='bbox 538 1260 573 1324; x_wconf 78' lang='grc' dir='ltr'><strong>δέ</strong></span> <span class='ocrx_word' id='word_1_82' title='bbox 604 1284 636 1324; x_wconf 90' lang='grc' dir='ltr'><strong><em>τι</em></strong></span> <span class='ocrx_word' id='word_1_83' title='bbox 667 1271 735 1325; x_wconf 76' lang='grc' dir='ltr'><strong>τῶν</strong></span> <span class='ocrx_word' id='word_1_84' title='bbox 767 1263 1022 1347; x_wconf 78' lang='grc' dir='ltr'><strong><em>σταθμωμένιυν</em></strong></span> <span class='ocrx_word' id='word_1_85' title='bbox 1049 1267 1309 1349; x_wconf 69' lang='grc' dir='ltr'><strong>ἀριθμουμένων</strong></span> <span class='ocrx_word' id='word_1_86' title='bbox 1402 1265 1493 1327; x_wconf 80' lang='lat' dir='ltr'><strong>Etsi</strong></span> <span class='ocrx_word' id='word_1_87' title='bbox 1515 1264 1589 1346; x_wconf 88' lang='lat' dir='ltr'><strong>quid</strong></span> <span class='ocrx_word' id='word_1_88' title='bbox 1611 1284 1716 1327; x_wconf 90' lang='lat' dir='ltr'><strong>eorum</strong></span> <span class='ocrx_word' id='word_1_89' title='bbox 1742 1284 1822 1345; x_wconf 86' lang='lat' dir='ltr'><strong>quae</strong></span> <span class='ocrx_word' id='word_1_90' title='bbox 1849 1264 1981 1346; x_wconf 87' lang='lat' dir='ltr'><strong>pondere</strong></span> <span class='ocrx_word' id='word_1_91' title='bbox 2006 1284 2133 1327; x_wconf 89' lang='lat' dir='ltr'><strong>numero</strong></span> <span class='ocrx_word' id='word_1_92' title='bbox 2161 1286 2237 1327; x_wconf 92' lang='lat' dir='ltr'><strong>men·</strong></span> 
     </span>
     <span class='ocr_line' id='line_1_9' title="bbox 401 1370 2238 1461; baseline 0.002 -30"><span class='ocrx_word' id='word_1_93' title='bbox 401 1371 629 1453; x_wconf 79' lang='grc' dir='ltr'><strong><em>μετρονμόνοιν</em></strong></span> <span class='ocrx_word' id='word_1_94' title='bbox 651 1373 686 1432; x_wconf 77' lang='grc' dir='ltr'><strong>ἐν</strong></span> <span class='ocrx_word' id='word_1_95' title='bbox 708 1373 749 1456; x_wconf 83' lang='grc' dir='ltr'><strong>τῇ</strong></span> <span class='ocrx_word' id='word_1_96' title='bbox 772 1370 857 1456; x_wconf 84' lang='grc' dir='ltr'><strong><em>αὑτῇ</em></strong></span> <span class='ocrx_word' id='word_1_97' title='bbox 872 1370 1024 1458; x_wconf 76' lang='grc' dir='ltr'><strong><em>διαθήκῃ</em></strong></span> <span class='ocrx_word' id='word_1_98' title='bbox 1042 1374 1237 1461; x_wconf 82' lang='grc' dir='ltr'><strong><em>ληγατευθῇ</em></strong></span> <span class='ocrx_word' id='word_1_99' title='bbox 1251 1396 1306 1456; x_wconf 92' lang='grc' dir='ltr'><strong><em>μοι</em></strong></span> <span class='ocrx_word' id='word_1_100' title='bbox 1336 1392 1408 1433; x_wconf 88' lang='lat' dir='ltr'><strong>eura</strong></span> <span class='ocrx_word' id='word_1_101' title='bbox 1430 1373 1623 1434; x_wconf 88' lang='lat' dir='ltr'><strong>continentur</strong></span> <span class='ocrx_word' id='word_1_102' title='bbox 1644 1371 1678 1432; x_wconf 93' lang='lat' dir='ltr'><strong>in</strong></span> <span class='ocrx_word' id='word_1_103' title='bbox 1692 1371 1797 1434; x_wconf 89' lang='lat' dir='ltr'><strong>eodem</strong></span> <span class='ocrx_word' id='word_1_104' title='bbox 1812 1380 1994 1434; x_wconf 81' lang='lat' dir='ltr'><strong>tentamento</strong></span> <span class='ocrx_word' id='word_1_105' title='bbox 2016 1371 2151 1452; x_wconf 89' lang='lat' dir='ltr'><strong>legatum</strong></span> <span class='ocrx_word' id='word_1_106' title='bbox 2168 1372 2238 1434; x_wconf 86' lang='lat' dir='ltr'><strong>mihi</strong></span> 
     </span>
     <span class='ocr_line' id='line_1_10' title="bbox 402 1475 2239 1563; baseline 0.001 -23"><span class='ocrx_word' id='word_1_107' title='bbox 402 1475 574 1556; x_wconf 74' lang='grc' dir='ltr'><strong><em>πολλάκις,</em></strong></span> <span class='ocrx_word' id='word_1_108' title='bbox 602 1475 753 1563; x_wconf 80' lang='grc' dir='ltr'><strong><em>ληψομαι</em></strong></span> <span class='ocrx_word' id='word_1_109' title='bbox 782 1475 865 1540; x_wconf 82' lang='grc' dir='ltr'><strong><em>αὐτὸ</em></strong></span> <span class='ocrx_word' id='word_1_110' title='bbox 894 1478 1065 1560; x_wconf 76' lang='grc' dir='ltr'><strong><em>πολλάκις,</em></strong></span> <span class='ocrx_word' id='word_1_111' title='bbox 1094 1486 1121 1544; x_wconf 87' lang='grc' dir='ltr'><strong>εἰ</strong></span> <span class='ocrx_word' id='word_1_112' title='bbox 1144 1484 1163 1544; x_wconf 90' lang='grc' dir='ltr'><strong><em>ό</em></strong></span> <span class='ocrx_word' id='word_1_113' title='bbox 1192 1481 1308 1545; x_wconf 83' lang='grc' dir='ltr'><strong><em>διαθέ-</em></strong></span> <span class='ocrx_word' id='word_1_114' title='bbox 1336 1479 1427 1541; x_wconf 73' lang='lat' dir='ltr'><strong>fiterit</strong></span> <span class='ocrx_word' id='word_1_115' title='bbox 1449 1479 1578 1561; x_wconf 80' lang='lat' dir='ltr'><strong>saepius,</strong></span> <span class='ocrx_word' id='word_1_116' title='bbox 1601 1479 1722 1560; x_wconf 76' lang='lat' dir='ltr'><strong>saepius</strong></span> <span class='ocrx_word' id='word_1_117' title='bbox 1740 1478 1772 1540; x_wconf 92' lang='lat' dir='ltr'><strong>id</strong></span> <span class='ocrx_word' id='word_1_118' title='bbox 1787 1478 1944 1560; x_wconf 75' lang='lat' dir='ltr'><strong>accipiam,</strong></span> <span class='ocrx_word' id='word_1_119' title='bbox 1967 1478 2137 1559; x_wconf 81' lang='lat' dir='ltr'><strong>siquidem</strong></span> <span class='ocrx_word' id='word_1_120' title='bbox 2152 1489 2239 1541; x_wconf 84' lang='lat' dir='ltr'><strong>tecta·</strong></span> 
     </span>
     <span class='ocr_line' id='line_1_11' title="bbox 402 1583 2239 1673; baseline 0.001 -27"><span class='ocrx_word' id='word_1_121' title='bbox 402 1603 498 1664; x_wconf 86' lang='grc' dir='ltr'><strong><em>μενος</em></strong></span> <span class='ocrx_word' id='word_1_122' title='bbox 525 1590 627 1646; x_wconf 83' lang='grc' dir='ltr'><strong><em>τοῦτο</em></strong></span> <span class='ocrx_word' id='word_1_123' title='bbox 654 1583 827 1660; x_wconf 76' lang='grc' dir='ltr'><strong><em>ἠθέλησεν.</em></strong></span> <span class='ocrx_word' id='word_1_124' title='bbox 861 1584 911 1669; x_wconf 82' lang='lat' dir='ltr'><strong>[fr.</strong></span> <span class='ocrx_word' id='word_1_125' title='bbox 934 1589 984 1649; x_wconf 98' lang='grc'><strong>34.</strong></span> <span class='ocrx_word' id='word_1_126' title='bbox 1005 1593 1021 1664; x_wconf 98' lang='lat'><strong>5</strong></span> <span class='ocrx_word' id='word_1_127' title='bbox 1039 1587 1082 1672; x_wconf 94' lang='grc'><strong>3.]</strong></span> <span class='ocrx_word' id='word_1_128' title='bbox 1130 1592 1156 1651; x_wconf 87' lang='grc' dir='ltr'><strong>εἰ</strong></span> <span class='ocrx_word' id='word_1_129' title='bbox 1179 1586 1222 1670; x_wconf 82' lang='grc' dir='ltr'><strong>μὴ</strong></span> <span class='ocrx_word' id='word_1_130' title='bbox 1239 1589 1309 1673; x_wconf 80' lang='grc' dir='ltr'><strong><em>ἄρα</em></strong></span> <span class='ocrx_word' id='word_1_131' title='bbox 1335 1595 1384 1648; x_wconf 86' lang='lat' dir='ltr'><strong>tor</strong></span> <span class='ocrx_word' id='word_1_132' title='bbox 1409 1586 1468 1649; x_wconf 90' lang='lat' dir='ltr'><strong>hoc</strong></span> <span class='ocrx_word' id='word_1_133' title='bbox 1489 1586 1633 1649; x_wconf 87' lang='lat' dir='ltr'><strong>voluerit:</strong></span> <span class='ocrx_word' id='word_1_134' title='bbox 1663 1585 1714 1670; x_wconf 81' lang='lat' dir='ltr'><strong>[fr.</strong></span> <span class='ocrx_word' id='word_1_135' title='bbox 1731 1589 1782 1648; x_wconf 94' lang='grc'><strong>34.</strong></span> <span class='ocrx_word' id='word_1_136' title='bbox 1804 1587 1880 1667; x_wconf 76' lang='lat'><strong>53]</strong></span> <span class='ocrx_word' id='word_1_137' title='bbox 1907 1585 1966 1647; x_wconf 82' lang='lat' dir='ltr'><strong>nisi</strong></span> <span class='ocrx_word' id='word_1_138' title='bbox 1989 1585 2067 1648; x_wconf 85' lang='lat' dir='ltr'><strong>forte</strong></span> <span class='ocrx_word' id='word_1_139' title='bbox 2092 1586 2185 1666; x_wconf 78' lang='lat' dir='ltr'><strong>positi</strong></span> <span class='ocrx_word' id='word_1_140' title='bbox 2209 1585 2239 1647; x_wconf 92' lang='lat' dir='ltr'><strong>in</strong></span> 
     </span>
     <span class='ocr_line' id='line_1_12' title="bbox 402 1686 2239 1783; baseline 0.001 -31"><span class='ocrx_word' id='word_1_141' title='bbox 402 1686 448 1753; x_wconf 88' lang='grc' dir='ltr'><strong>τά</strong></span> <span class='ocrx_word' id='word_1_142' title='bbox 479 1693 514 1753; x_wconf 76' lang='grc' dir='ltr'><strong>ἐν</strong></span> <span class='ocrx_word' id='word_1_143' title='bbox 543 1690 655 1775; x_wconf 79' lang='grc' dir='ltr'><strong><em>άρκλρι</em></strong></span> <span class='ocrx_word' id='word_1_144' title='bbox 683 1690 814 1773; x_wconf 81' lang='grc' dir='ltr'><strong><em>κείμενα</em></strong></span> <span class='ocrx_word' id='word_1_145' title='bbox 837 1689 958 1756; x_wconf 75' lang='grc' dir='ltr'><strong><em>ἑκατόν</em></strong></span> <span class='ocrx_word' id='word_1_146' title='bbox 987 1707 1086 1776; x_wconf 76' lang='grc' dir='ltr'><strong><em>νομμ’</em></strong></span> <span class='ocrx_word' id='word_1_147' title='bbox 1113 1696 1309 1783; x_wconf 85' lang='grc' dir='ltr'><strong><em>ληγατευθῇ</em></strong></span> <span class='ocrx_word' id='word_1_148' title='bbox 1337 1713 1408 1756; x_wconf 84' lang='lat' dir='ltr'><strong>arca</strong></span> <span class='ocrx_word' id='word_1_149' title='bbox 1430 1703 1551 1756; x_wconf 90' lang='lat' dir='ltr'><strong>centum</strong></span> <span class='ocrx_word' id='word_1_150' title='bbox 1570 1692 1660 1754; x_wconf 90' lang='lat' dir='ltr'><strong>eolidi</strong></span> <span class='ocrx_word' id='word_1_151' title='bbox 1678 1693 1772 1773; x_wconf 91' lang='lat' dir='ltr'><strong>legati</strong></span> <span class='ocrx_word' id='word_1_152' title='bbox 1790 1692 1865 1753; x_wconf 90' lang='lat' dir='ltr'><strong>mihi</strong></span> <span class='ocrx_word' id='word_1_153' title='bbox 1884 1692 1998 1755; x_wconf 83' lang='lat' dir='ltr'><strong>fuerint</strong></span> <span class='ocrx_word' id='word_1_154' title='bbox 2011 1693 2147 1774; x_wconf 74' lang='lat' dir='ltr'><strong>saepius:</strong></span> <span class='ocrx_word' id='word_1_155' title='bbox 2171 1713 2239 1754; x_wconf 91' lang='lat' dir='ltr'><strong>nam</strong></span> 
     </span>
     <span class='ocr_line' id='line_1_13' title="bbox 406 1796 2238 1887; baseline 0.001 -27"><span class='ocrx_word' id='word_1_156' title='bbox 406 1817 462 1879; x_wconf 89' lang='grc' dir='ltr'><strong><em>μοι</em></strong></span> <span class='ocrx_word' id='word_1_157' title='bbox 490 1796 662 1871; x_wconf 78' lang='grc' dir='ltr'><strong><em>πολλάκις·</em></strong></span> <span class='ocrx_word' id='word_1_158' title='bbox 695 1807 805 1862; x_wconf 82' lang='grc' dir='ltr'><strong><em>ταῦτα</em></strong></span> <span class='ocrx_word' id='word_1_159' title='bbox 832 1796 898 1885; x_wconf 89' lang='grc' dir='ltr'><strong>γάρ</strong></span> <span class='ocrx_word' id='word_1_160' title='bbox 932 1802 1059 1864; x_wconf 78' lang='grc' dir='ltr'><strong><em>ἐοίκασι</em></strong></span> <span class='ocrx_word' id='word_1_161' title='bbox 1089 1800 1176 1884; x_wconf 78' lang='grc' dir='ltr'><strong><em>δήλῳ</em></strong></span> <span class='ocrx_word' id='word_1_162' title='bbox 1204 1803 1308 1887; x_wconf 85' lang='grc' dir='ltr'><strong><em>πράγ-</em></strong></span> <span class='ocrx_word' id='word_1_163' title='bbox 1336 1800 1387 1862; x_wconf 85' lang='lat' dir='ltr'><strong>lati</strong></span> <span class='ocrx_word' id='word_1_164' title='bbox 1409 1799 1522 1862; x_wconf 80' lang='lat' dir='ltr'><strong>similes</strong></span> <span class='ocrx_word' id='word_1_165' title='bbox 1544 1808 1617 1862; x_wconf 88' lang='lat' dir='ltr'><strong>eunt</strong></span> <span class='ocrx_word' id='word_1_166' title='bbox 1639 1808 1739 1862; x_wconf 87' lang='lat' dir='ltr'><strong>certae</strong></span> <span class='ocrx_word' id='word_1_167' title='bbox 1760 1800 1812 1862; x_wconf 85' lang='lat' dir='ltr'><strong>rei</strong></span> <span class='ocrx_word' id='word_1_168' title='bbox 2057 1798 2094 1860; x_wconf 79' lang='lat' dir='ltr'><strong>ir.</strong></span> <span class='ocrx_word' id='word_1_169' title='bbox 2111 1803 2163 1862; x_wconf 83' lang='lat'><strong>34.</strong></span> <span class='ocrx_word' id='word_1_170' title='bbox 2180 1806 2195 1877; x_wconf 88' lang='lat'><strong>5</strong></span> <span class='ocrx_word' id='word_1_171' title='bbox 2211 1802 2238 1861; x_wconf 90' lang='grc'><strong>4.</strong></span> 
     </span>
     <span class='ocr_line' id='line_1_14' title="bbox 403 1909 1308 1987; baseline 0.006 -21"><span class='ocrx_word' id='word_1_172' title='bbox 403 1924 498 1985; x_wconf 77' lang='grc' dir='ltr'><strong><em>ματιι</em></strong></span> <span class='ocrx_word' id='word_1_173' title='bbox 515 1940 558 1951; x_wconf 91' lang='grc'>-</span> <span class='ocrx_word' id='word_1_174' title='bbox 1122 1909 1158 1972; x_wconf 82' lang='lat' dir='ltr'><strong>fr.</strong></span> <span class='ocrx_word' id='word_1_175' title='bbox 1175 1913 1227 1974; x_wconf 88' lang='grc'><strong>34.</strong></span> <span class='ocrx_word' id='word_1_176' title='bbox 1244 1917 1261 1987; x_wconf 90' lang='lat'><strong>5</strong></span> <span class='ocrx_word' id='word_1_177' title='bbox 1278 1914 1308 1972; x_wconf 83' lang='lat'><strong>4.</strong></span> 
     </span>
    </p>
   </div>
   <div class='ocr_carea' id='block_1_4' title="bbox 403 2042 2240 3093">
    <p class='ocr_par' dir='ltr' id='par_1_5' title="bbox 403 2042 2240 3093">
     <span class='ocr_line' id='line_1_15' title="bbox 467 2042 2239 2136; baseline 0.002 -28"><span class='ocrx_word' id='word_1_178' title='bbox 467 2042 543 2109; x_wconf 84' lang='grc' dir='ltr'><strong>Ἐάν</strong></span> <span class='ocrx_word' id='word_1_179' title='bbox 570 2043 629 2109; x_wconf 88' lang='grc' dir='ltr'><strong>δὺο</strong></span> <span class='ocrx_word' id='word_1_180' title='bbox 657 2045 724 2110; x_wconf 91' lang='grc' dir='ltr'><strong><em>τισί</em></strong></span> <span class='ocrx_word' id='word_1_181' title='bbox 752 2047 948 2136; x_wconf 83' lang='grc' dir='ltr'><strong><em>ληγατιυθῇ</em></strong></span> <span class='ocrx_word' id='word_1_182' title='bbox 975 2060 1125 2134; x_wconf 83' lang='grc' dir='ltr'><strong><em>πράγμα,</em></strong></span> <span class='ocrx_word' id='word_1_183' title='bbox 1153 2047 1200 2116; x_wconf 82' lang='grc' dir='ltr'><strong>ὧν</strong></span> <span class='ocrx_word' id='word_1_184' title='bbox 1223 2054 1242 2114; x_wconf 90' lang='grc' dir='ltr'><strong><em>ό</em></strong></span> <span class='ocrx_word' id='word_1_185' title='bbox 1266 2048 1309 2126; x_wconf 75' lang='grc' dir='ltr'><strong>εἷς</strong></span> <span class='ocrx_word' id='word_1_186' title='bbox 1404 2049 1437 2112; x_wconf 82' lang='lat' dir='ltr'><strong>Si</strong></span> <span class='ocrx_word' id='word_1_187' title='bbox 1463 2049 1583 2112; x_wconf 78' lang='lat' dir='ltr'><strong>duobus</strong></span> <span class='ocrx_word' id='word_1_188' title='bbox 1609 2049 1793 2132; x_wconf 77' lang='lat' dir='ltr'><strong>quibusdam</strong></span> <span class='ocrx_word' id='word_1_189' title='bbox 1819 2069 1867 2111; x_wconf 85' lang='lat' dir='ltr'><strong>ree</strong></span> <span class='ocrx_word' id='word_1_190' title='bbox 1897 2048 1936 2110; x_wconf 83' lang='lat' dir='ltr'><strong>ait</strong></span> <span class='ocrx_word' id='word_1_191' title='bbox 1967 2046 2082 2126; x_wconf 82' lang='lat' dir='ltr'><strong>legata,</strong></span> <span class='ocrx_word' id='word_1_192' title='bbox 2114 2070 2239 2130; x_wconf 87' lang='lat' dir='ltr'><strong>quorum</strong></span> 
     </span>
     <span class='ocr_line' id='line_1_16' title="bbox 403 2152 2239 2245; baseline 0.001 -28"><span class='ocrx_word' id='word_1_193' title='bbox 403 2152 609 2238; x_wconf 75' lang='grc' dir='ltr'><strong><em>κληρονόμος</em></strong></span> <span class='ocrx_word' id='word_1_194' title='bbox 635 2152 739 2235; x_wconf 75' lang='grc' dir='ltr'><strong><em>ἐστὶν,</em></strong></span> <span class='ocrx_word' id='word_1_195' title='bbox 772 2156 812 2218; x_wconf 86' lang='grc' dir='ltr'><strong>οὐ</strong></span> <span class='ocrx_word' id='word_1_196' title='bbox 838 2156 949 2230; x_wconf 81' lang='grc' dir='ltr'><strong><em>καλῶς</em></strong></span> <span class='ocrx_word' id='word_1_197' title='bbox 977 2158 1069 2238; x_wconf 77' lang='grc' dir='ltr'><strong><em>αὐτῷ</em></strong></span> <span class='ocrx_word' id='word_1_198' title='bbox 1097 2158 1159 2245; x_wconf 85' lang='grc' dir='ltr'><strong>ἀφ’</strong></span> <span class='ocrx_word' id='word_1_199' title='bbox 1190 2161 1311 2223; x_wconf 77' lang='grc' dir='ltr'><strong><em>ἑαυτοῦ</em></strong></span> <span class='ocrx_word' id='word_1_200' title='bbox 1337 2157 1415 2219; x_wconf 89' lang='lat' dir='ltr'><strong>alter</strong></span> <span class='ocrx_word' id='word_1_201' title='bbox 1440 2157 1528 2219; x_wconf 81' lang='lat' dir='ltr'><strong>hereo</strong></span> <span class='ocrx_word' id='word_1_202' title='bbox 1557 2157 1608 2231; x_wconf 85' lang='lat' dir='ltr'><strong>eit,</strong></span> <span class='ocrx_word' id='word_1_203' title='bbox 1635 2177 1697 2218; x_wconf 92' lang='lat' dir='ltr'><strong>non</strong></span> <span class='ocrx_word' id='word_1_204' title='bbox 1724 2164 1805 2219; x_wconf 87' lang='lat' dir='ltr'><strong>recte</strong></span> <span class='ocrx_word' id='word_1_205' title='bbox 1832 2155 1861 2217; x_wconf 92' lang='lat' dir='ltr'><strong>ei</strong></span> <span class='ocrx_word' id='word_1_206' title='bbox 1883 2176 1903 2217; x_wconf 93' lang='lat' dir='ltr'><strong>a</strong></span> <span class='ocrx_word' id='word_1_207' title='bbox 1924 2156 2086 2236; x_wconf 81' lang='lat' dir='ltr'><strong>semetipso</strong></span> <span class='ocrx_word' id='word_1_208' title='bbox 2116 2156 2239 2238; x_wconf 80' lang='lat' dir='ltr'><strong>legemr,</strong></span> 
     </span>
     <span class='ocr_line' id='line_1_17' title="bbox 403 2258 2238 2352; baseline 0 -29"><span class='ocrx_word' id='word_1_209' title='bbox 403 2258 632 2341; x_wconf 85' lang='grc' dir='ltr'><strong><em>ληγατεὺεται,</em></strong></span> <span class='ocrx_word' id='word_1_210' title='bbox 662 2258 749 2325; x_wconf 89' lang='grc' dir='ltr'><strong><em>άλλά</em></strong></span> <span class='ocrx_word' id='word_1_211' title='bbox 773 2271 875 2325; x_wconf 82' lang='grc' dir='ltr'><strong><em>τοῦτο</em></strong></span> <span class='ocrx_word' id='word_1_212' title='bbox 898 2267 946 2344; x_wconf 77' lang='grc' dir='ltr'><strong>τῷ</strong></span> <span class='ocrx_word' id='word_1_213' title='bbox 969 2264 1223 2350; x_wconf 85' lang='grc' dir='ltr'><strong><em>σνλληγαταρίῳ</em></strong></span> <span class='ocrx_word' id='word_1_214' title='bbox 1251 2268 1309 2352; x_wconf 83' lang='grc' dir='ltr'><strong>άρ-</strong></span> <span class='ocrx_word' id='word_1_215' title='bbox 1337 2264 1390 2325; x_wconf 85' lang='lat' dir='ltr'><strong>aed</strong></span> <span class='ocrx_word' id='word_1_216' title='bbox 1413 2263 1471 2326; x_wconf 91' lang='lat' dir='ltr'><strong>hoo</strong></span> <span class='ocrx_word' id='word_1_217' title='bbox 1494 2264 1523 2344; x_wconf 75' lang='grc' dir='ltr'><strong>(ι.</strong></span> <span class='ocrx_word' id='word_1_218' title='bbox 1539 2284 1563 2325; x_wconf 87' lang='lat' dir='ltr'><strong>e</strong></span> <span class='ocrx_word' id='word_1_219' title='bbox 1586 2283 1657 2344; x_wconf 88' lang='lat' dir='ltr'><strong>pare</strong></span> <span class='ocrx_word' id='word_1_220' title='bbox 1680 2283 1759 2344; x_wconf 89' lang='lat' dir='ltr'><strong>quae</strong></span> <span class='ocrx_word' id='word_1_221' title='bbox 1773 2264 1800 2327; x_wconf 93' lang='lat' dir='ltr'><strong>ei</strong></span> <span class='ocrx_word' id='word_1_222' title='bbox 1816 2283 1835 2325; x_wconf 98' lang='lat' dir='ltr'><strong>a</strong></span> <span class='ocrx_word' id='word_1_223' title='bbox 1850 2263 2009 2344; x_wconf 85' lang='lat' dir='ltr'><strong>eemetipec</strong></span> <span class='ocrx_word' id='word_1_224' title='bbox 2032 2262 2163 2344; x_wconf 89' lang='lat' dir='ltr'><strong>legatur)</strong></span> <span class='ocrx_word' id='word_1_225' title='bbox 2184 2262 2238 2326; x_wconf 92' lang='lat' dir='ltr'><strong>col·</strong></span> 
     </span>
     <span class='ocr_line' id='line_1_18' title="bbox 403 2365 2239 2460; baseline 0.001 -30"><span class='ocrx_word' id='word_1_226' title='bbox 403 2368 501 2449; x_wconf 85' lang='grc' dir='ltr'><strong><em>μόζει.</em></strong></span> <span class='ocrx_word' id='word_1_227' title='bbox 547 2373 573 2431; x_wconf 78' lang='grc' dir='ltr'><strong>εἰ</strong></span> <span class='ocrx_word' id='word_1_228' title='bbox 601 2365 667 2453; x_wconf 88' lang='grc' dir='ltr'><strong>γάρ</strong></span> <span class='ocrx_word' id='word_1_229' title='bbox 695 2366 752 2432; x_wconf 87' lang='grc' dir='ltr'><strong><em>καί</em></strong></span> <span class='ocrx_word' id='word_1_230' title='bbox 781 2367 857 2432; x_wconf 88' lang='grc' dir='ltr'><strong>δυσί</strong></span> <span class='ocrx_word' id='word_1_231' title='bbox 889 2370 1108 2455; x_wconf 87' lang='grc' dir='ltr'><strong><em>κληρονόμοις</em></strong></span> <span class='ocrx_word' id='word_1_232' title='bbox 1139 2383 1308 2460; x_wconf 84' lang='grc' dir='ltr'><strong><em>γραφεῖσι,</em></strong></span> <span class='ocrx_word' id='word_1_233' title='bbox 1337 2370 1485 2450; x_wconf 85' lang='lat' dir='ltr'><strong>legatario</strong></span> <span class='ocrx_word' id='word_1_234' title='bbox 1507 2371 1646 2451; x_wconf 83' lang='lat' dir='ltr'><strong>pertinet</strong></span> <span class='ocrx_word' id='word_1_235' title='bbox 1687 2390 1759 2432; x_wconf 89' lang='lat' dir='ltr'><strong>nam</strong></span> <span class='ocrx_word' id='word_1_236' title='bbox 1781 2370 1808 2432; x_wconf 86' lang='lat' dir='ltr'><strong>ei</strong></span> <span class='ocrx_word' id='word_1_237' title='bbox 1829 2369 1949 2432; x_wconf 82' lang='lat' dir='ltr'><strong>duobus</strong></span> <span class='ocrx_word' id='word_1_238' title='bbox 1971 2369 2133 2431; x_wconf 78' lang='lat' dir='ltr'><strong>heredibus</strong></span> <span class='ocrx_word' id='word_1_239' title='bbox 2152 2370 2239 2451; x_wconf 62' lang='lat' dir='ltr'><strong>acrio</strong></span> 
     </span>
     <span class='ocr_line' id='line_1_19' title="bbox 404 2475 2240 2562; baseline 0 -25"><span class='ocrx_word' id='word_1_240' title='bbox 404 2477 452 2556; x_wconf 81' lang='grc' dir='ltr'><strong>τῷ</strong></span> <span class='ocrx_word' id='word_1_241' title='bbox 485 2475 543 2556; x_wconf 67' lang='grc' dir='ltr'><strong>μὲν</strong></span> <span class='ocrx_word' id='word_1_242' title='bbox 579 2479 623 2549; x_wconf 84' lang='grc' dir='ltr'><strong>εἰς</strong></span> <span class='ocrx_word' id='word_1_243' title='bbox 655 2475 791 2558; x_wconf 82' lang='grc' dir='ltr'><strong><em>οὑγκίας</em></strong></span> <span class='ocrx_word' id='word_1_244' title='bbox 828 2476 956 2558; x_wconf 69' lang='grc' dir='ltr'><strong><em>ἕνδεκα,</em></strong></span> <span class='ocrx_word' id='word_1_245' title='bbox 998 2482 1046 2558; x_wconf 78' lang='grc' dir='ltr'><strong>τῷ</strong></span> <span class='ocrx_word' id='word_1_246' title='bbox 1075 2478 1108 2541; x_wconf 84' lang='grc' dir='ltr'><strong>δὲ</strong></span> <span class='ocrx_word' id='word_1_247' title='bbox 1146 2485 1190 2555; x_wconf 94' lang='grc' dir='ltr'><strong>εἰς</strong></span> <span class='ocrx_word' id='word_1_248' title='bbox 1220 2481 1308 2562; x_wconf 88' lang='grc' dir='ltr'><strong><em>μιάν,</em></strong></span> <span class='ocrx_word' id='word_1_249' title='bbox 1337 2478 1385 2552; x_wconf 86' lang='lat' dir='ltr'><strong>tia,</strong></span> <span class='ocrx_word' id='word_1_250' title='bbox 1409 2477 1504 2539; x_wconf 87' lang='lat' dir='ltr'><strong>altero</strong></span> <span class='ocrx_word' id='word_1_251' title='bbox 1527 2497 1566 2538; x_wconf 89' lang='lat' dir='ltr'><strong>ex</strong></span> <span class='ocrx_word' id='word_1_252' title='bbox 1589 2478 1684 2540; x_wconf 79' lang='lat' dir='ltr'><strong>unciis</strong></span> <span class='ocrx_word' id='word_1_253' title='bbox 1707 2476 1860 2551; x_wconf 87' lang='lat' dir='ltr'><strong>undecim,</strong></span> <span class='ocrx_word' id='word_1_254' title='bbox 1889 2476 1983 2538; x_wconf 86' lang='lat' dir='ltr'><strong>altero</strong></span> <span class='ocrx_word' id='word_1_255' title='bbox 2006 2496 2045 2538; x_wconf 89' lang='lat' dir='ltr'><strong>ex</strong></span> <span class='ocrx_word' id='word_1_256' title='bbox 2067 2497 2132 2538; x_wconf 91' lang='lat' dir='ltr'><strong>una</strong></span> <span class='ocrx_word' id='word_1_257' title='bbox 2154 2477 2240 2539; x_wconf 87' lang='lat' dir='ltr'><strong>uncia</strong></span> 
     </span>
     <span class='ocr_line' id='line_1_20' title="bbox 404 2580 2240 2668; baseline 0 -24"><span class='ocrx_word' id='word_1_258' title='bbox 404 2580 599 2668; x_wconf 83' lang='grc' dir='ltr'><strong><em>ληγατευθῇ</em></strong></span> <span class='ocrx_word' id='word_1_259' title='bbox 622 2591 769 2666; x_wconf 79' lang='grc' dir='ltr'><strong><em>πρᾶγμα,</em></strong></span> <span class='ocrx_word' id='word_1_260' title='bbox 794 2585 812 2646; x_wconf 91' lang='grc' dir='ltr'><strong><em>ό</em></strong></span> <span class='ocrx_word' id='word_1_261' title='bbox 831 2584 889 2666; x_wconf 82' lang='grc' dir='ltr'><strong>μὲν</strong></span> <span class='ocrx_word' id='word_1_262' title='bbox 907 2590 952 2658; x_wconf 86' lang='grc' dir='ltr'><strong>εἰς</strong></span> <span class='ocrx_word' id='word_1_263' title='bbox 967 2581 1029 2658; x_wconf 86' lang='grc' dir='ltr'><strong>τάς</strong></span> <span class='ocrx_word' id='word_1_264' title='bbox 1043 2584 1159 2650; x_wconf 70' lang='grc' dir='ltr'><strong><em>ἕνδεκα</em></strong></span> <span class='ocrx_word' id='word_1_265' title='bbox 1174 2587 1310 2668; x_wconf 87' lang='grc' dir='ltr'><strong><em>οὑγκιάς</em></strong></span> <span class='ocrx_word' id='word_1_266' title='bbox 1338 2585 1472 2665; x_wconf 77' lang='lat' dir='ltr'><strong>(scripto)</strong></span> <span class='ocrx_word' id='word_1_267' title='bbox 1498 2605 1545 2646; x_wconf 86' lang='lat' dir='ltr'><strong>ree</strong></span> <span class='ocrx_word' id='word_1_268' title='bbox 1572 2584 1702 2664; x_wconf 83' lang='lat' dir='ltr'><strong>legetur,</strong></span> <span class='ocrx_word' id='word_1_269' title='bbox 1730 2584 1783 2666; x_wconf 93' lang='lat' dir='ltr'><strong>qui</strong></span> <span class='ocrx_word' id='word_1_270' title='bbox 1810 2603 1849 2645; x_wconf 85' lang='lat' dir='ltr'><strong>ex</strong></span> <span class='ocrx_word' id='word_1_271' title='bbox 1873 2584 2013 2646; x_wconf 80' lang='lat' dir='ltr'><strong>undecim</strong></span> <span class='ocrx_word' id='word_1_272' title='bbox 2036 2583 2134 2646; x_wconf 78' lang='lat' dir='ltr'><strong>unciis</strong></span> <span class='ocrx_word' id='word_1_273' title='bbox 2157 2584 2240 2645; x_wconf 81' lang='lat' dir='ltr'><strong>hereo</strong></span> 
     </span>
     <span class='ocr_line' id='line_1_21' title="bbox 403 2687 2239 2775; baseline 0 -24"><span class='ocrx_word' id='word_1_274' title='bbox 403 2688 618 2771; x_wconf 79' lang='grc' dir='ltr'><strong><em>κληρονομῶν</em></strong></span> <span class='ocrx_word' id='word_1_275' title='bbox 641 2687 755 2752; x_wconf 70' lang='grc' dir='ltr'><strong><em>ἕνδεκα</em></strong></span> <span class='ocrx_word' id='word_1_276' title='bbox 778 2692 914 2771; x_wconf 87' lang='grc' dir='ltr'><strong><em>οὑγκιάς</em></strong></span> <span class='ocrx_word' id='word_1_277' title='bbox 936 2692 997 2774; x_wconf 73' lang='grc' dir='ltr'><strong><em>ἔξει</em></strong></span> <span class='ocrx_word' id='word_1_278' title='bbox 1021 2701 1083 2756; x_wconf 84' lang='grc' dir='ltr'><strong>τοῦ</strong></span> <span class='ocrx_word' id='word_1_279' title='bbox 1105 2694 1266 2775; x_wconf 90' lang='grc' dir='ltr'><strong><em>ληγάτου,</em></strong></span> <span class='ocrx_word' id='word_1_280' title='bbox 1291 2697 1309 2757; x_wconf 94' lang='grc' dir='ltr'><strong><em>ό</em></strong></span> <span class='ocrx_word' id='word_1_281' title='bbox 1337 2702 1384 2754; x_wconf 87' lang='lat' dir='ltr'><strong>eat</strong></span> <span class='ocrx_word' id='word_1_282' title='bbox 1405 2712 1445 2753; x_wconf 83' lang='lat' dir='ltr'><strong>ex</strong></span> <span class='ocrx_word' id='word_1_283' title='bbox 1466 2691 1608 2753; x_wconf 86' lang='lat' dir='ltr'><strong>undecim</strong></span> <span class='ocrx_word' id='word_1_284' title='bbox 1630 2690 1727 2753; x_wconf 76' lang='lat' dir='ltr'><strong>unciis</strong></span> <span class='ocrx_word' id='word_1_285' title='bbox 1754 2690 1881 2754; x_wconf 90' lang='lat' dir='ltr'><strong>habebit</strong></span> <span class='ocrx_word' id='word_1_286' title='bbox 1902 2691 2045 2771; x_wconf 82' lang='lat' dir='ltr'><strong>legatum,</strong></span> <span class='ocrx_word' id='word_1_287' title='bbox 2072 2689 2152 2752; x_wconf 80' lang='lat' dir='ltr'><strong>alter</strong></span> <span class='ocrx_word' id='word_1_288' title='bbox 2173 2710 2239 2754; x_wconf 89' lang='lat' dir='ltr'><strong>vero</strong></span> 
     </span>
     <span class='ocr_line' id='line_1_22' title="bbox 404 2794 2240 2886; baseline 0.001 -29"><span class='ocrx_word' id='word_1_289' title='bbox 404 2794 438 2857; x_wconf 82' lang='grc' dir='ltr'><strong>δὲ</strong></span> <span class='ocrx_word' id='word_1_290' title='bbox 462 2799 572 2880; x_wconf 75' lang='grc' dir='ltr'><strong><em>ἕτερος</em></strong></span> <span class='ocrx_word' id='word_1_291' title='bbox 593 2797 683 2878; x_wconf 80' lang='grc' dir='ltr'><strong><em>μίαν.</em></strong></span> <span class='ocrx_word' id='word_1_292' title='bbox 729 2802 755 2860; x_wconf 90' lang='grc' dir='ltr'><strong>εἰ</strong></span> <span class='ocrx_word' id='word_1_293' title='bbox 775 2796 808 2861; x_wconf 82' lang='grc' dir='ltr'><strong>δὲ</strong></span> <span class='ocrx_word' id='word_1_294' title='bbox 824 2797 1029 2884; x_wconf 88' lang='grc' dir='ltr'><strong><em>ληγατάριος</em></strong></span> <span class='ocrx_word' id='word_1_295' title='bbox 1044 2803 1176 2881; x_wconf 81' lang='grc' dir='ltr'><strong><em>γένηται</em></strong></span> <span class='ocrx_word' id='word_1_296' title='bbox 1193 2801 1310 2886; x_wconf 91' lang='grc' dir='ltr'><strong><em>κληρο-</em></strong></span> <span class='ocrx_word' id='word_1_297' title='bbox 1337 2820 1375 2861; x_wconf 85' lang='lat' dir='ltr'><strong>ex</strong></span> <span class='ocrx_word' id='word_1_298' title='bbox 1397 2818 1461 2859; x_wconf 91' lang='lat' dir='ltr'><strong>una</strong></span> <span class='ocrx_word' id='word_1_299' title='bbox 1482 2799 1603 2878; x_wconf 84' lang='lat' dir='ltr'><strong>(uncia).</strong></span> <span class='ocrx_word' id='word_1_300' title='bbox 1640 2797 1734 2876; x_wconf 74' lang='lat' dir='ltr'><strong>Quod</strong></span> <span class='ocrx_word' id='word_1_301' title='bbox 1756 2797 1782 2859; x_wconf 85' lang='grc' dir='ltr'><strong>εἰ</strong></span> <span class='ocrx_word' id='word_1_302' title='bbox 1804 2797 1970 2878; x_wconf 81' lang='lat' dir='ltr'><strong>legatarius</strong></span> <span class='ocrx_word' id='word_1_303' title='bbox 1992 2797 2047 2859; x_wconf 87' lang='lat' dir='ltr'><strong>fiat</strong></span> <span class='ocrx_word' id='word_1_304' title='bbox 2068 2797 2155 2859; x_wconf 88' lang='lat' dir='ltr'><strong>heree</strong></span> <span class='ocrx_word' id='word_1_305' title='bbox 2171 2797 2240 2858; x_wconf 79' lang='lat' dir='ltr'><strong>alte</strong></span> 
     </span>
     <span class='ocr_line' id='line_1_23' title="bbox 404 2899 2239 2992; baseline 0.002 -28"><span class='ocrx_word' id='word_1_306' title='bbox 404 2903 505 2984; x_wconf 92' lang='grc' dir='ltr'><strong><em>νόμος</em></strong></span> <span class='ocrx_word' id='word_1_307' title='bbox 536 2899 608 2976; x_wconf 78' lang='grc' dir='ltr'><strong><em>ἑνός</em></strong></span> <span class='ocrx_word' id='word_1_308' title='bbox 634 2913 702 2966; x_wconf 79' lang='grc' dir='ltr'><strong>τῶν</strong></span> <span class='ocrx_word' id='word_1_309' title='bbox 729 2904 956 2989; x_wconf 81' lang='grc' dir='ltr'><strong><em>κληρονόμων,</em></strong></span> <span class='ocrx_word' id='word_1_310' title='bbox 985 2908 1149 2989; x_wconf 84' lang='grc' dir='ltr'><strong><em>άμείοιτον</em></strong></span> <span class='ocrx_word' id='word_1_311' title='bbox 1176 2909 1236 2992; x_wconf 70' lang='grc' dir='ltr'><strong><em>ἕξει</em></strong></span> <span class='ocrx_word' id='word_1_312' title='bbox 1270 2906 1310 2972; x_wconf 87' lang='grc' dir='ltr'><strong>τό</strong></span> <span class='ocrx_word' id='word_1_313' title='bbox 1337 2906 1399 2968; x_wconf 90' lang='lat' dir='ltr'><strong>riue</strong></span> <span class='ocrx_word' id='word_1_314' title='bbox 1414 2905 1535 2966; x_wconf 85' lang='lat' dir='ltr'><strong>heredia</strong></span> <span class='ocrx_word' id='word_1_315' title='bbox 1551 2905 1741 2966; x_wconf 90' lang='lat' dir='ltr'><strong>imminutam</strong></span> <span class='ocrx_word' id='word_1_316' title='bbox 1756 2903 1882 2967; x_wconf 88' lang='lat' dir='ltr'><strong>habebit</strong></span> <span class='ocrx_word' id='word_1_317' title='bbox 1895 2925 1958 2966; x_wconf 89' lang='lat' dir='ltr'><strong>rem</strong></span> <span class='ocrx_word' id='word_1_318' title='bbox 1975 2905 2032 2967; x_wconf 86' lang='lat' dir='ltr'><strong>eibi</strong></span> <span class='ocrx_word' id='word_1_319' title='bbox 2047 2904 2239 2984; x_wconf 85' lang='lat' dir='ltr'><strong>legatam:-</strong></span> 
     </span>
     <span class='ocr_line' id='line_1_24' title="bbox 404 3008 2239 3093; baseline 0.001 -22"><span class='ocrx_word' id='word_1_320' title='bbox 404 3008 613 3090; x_wconf 79' lang='grc' dir='ltr'><strong><em>ληγατευθὲυ</em></strong></span> <span class='ocrx_word' id='word_1_321' title='bbox 635 3010 740 3093; x_wconf 54' lang='lat' dir='ltr'><strong>adrui:</strong></span> <span class='ocrx_word' id='word_1_322' title='bbox 756 3008 820 3058; x_wconf 65' lang='lat'><strong>-2</strong></span> <span class='ocrx_word' id='word_1_323' title='bbox 1103 3017 1138 3077; x_wconf 80' lang='lat' dir='ltr'><strong>fr.</strong></span> <span class='ocrx_word' id='word_1_324' title='bbox 1157 3019 1207 3079; x_wconf 87' lang='grc'><strong>34.</strong></span> <span class='ocrx_word' id='word_1_325' title='bbox 1224 3023 1241 3093; x_wconf 88' lang='lat'><strong>5</strong></span> <span class='ocrx_word' id='word_1_326' title='bbox 1261 3019 1309 3077; x_wconf 93' lang='grc'><strong>13.</strong></span> <span class='ocrx_word' id='word_1_327' title='bbox 2035 3011 2140 3074; x_wconf 66' lang='lat' dir='ltr'><strong>frat.</strong></span> <span class='ocrx_word' id='word_1_328' title='bbox 2159 3014 2239 3088; x_wconf 87' lang='lat'><strong>513.</strong></span> 
     </span>
    </p>
   </div>
   <div class='ocr_carea' id='block_1_5' title="bbox 403 3141 2239 3442">
    <p class='ocr_par' dir='ltr' id='par_1_6' title="bbox 403 3141 2239 3442">
     <span class='ocr_line' id='line_1_25' title="bbox 471 3141 2239 3234; baseline 0.001 -29"><span class='ocrx_word' id='word_1_329' title='bbox 471 3141 593 3217; x_wconf 76' lang='grc' dir='ltr'><strong><em>Καλῶς</em></strong></span> <span class='ocrx_word' id='word_1_330' title='bbox 625 3143 794 3226; x_wconf 87' lang='grc' dir='ltr'><strong><em>ληγατεὺοι</em></strong></span> <span class='ocrx_word' id='word_1_331' title='bbox 827 3167 880 3209; x_wconf 94' lang='grc' dir='ltr'><strong><em>σοι</em></strong></span> <span class='ocrx_word' id='word_1_332' title='bbox 914 3143 1021 3231; x_wconf 84' lang='grc' dir='ltr'><strong><em>άγρόν</em></strong></span> <span class='ocrx_word' id='word_1_333' title='bbox 1053 3145 1104 3212; x_wconf 84' lang='grc' dir='ltr'><strong>ὲπί</strong></span> <span class='ocrx_word' id='word_1_334' title='bbox 1140 3145 1180 3212; x_wconf 86' lang='grc' dir='ltr'><strong>τό</strong></span> <span class='ocrx_word' id='word_1_335' title='bbox 1211 3153 1311 3234; x_wconf 68' lang='grc' dir='ltr'><strong><em>μέρος</em></strong></span> <span class='ocrx_word' id='word_1_336' title='bbox 1404 3145 1498 3207; x_wconf 86' lang='lat' dir='ltr'><strong>Recte</strong></span> <span class='ocrx_word' id='word_1_337' title='bbox 1521 3142 1588 3225; x_wconf 88' lang='lat' dir='ltr'><strong>lego</strong></span> <span class='ocrx_word' id='word_1_338' title='bbox 1611 3143 1667 3207; x_wconf 91' lang='lat' dir='ltr'><strong>tibi</strong></span> <span class='ocrx_word' id='word_1_339' title='bbox 1690 3143 1819 3206; x_wconf 82' lang='lat' dir='ltr'><strong>fundum</strong></span> <span class='ocrx_word' id='word_1_340' title='bbox 1842 3153 1877 3206; x_wconf 91' lang='lat' dir='ltr'><strong>ut</strong></span> <span class='ocrx_word' id='word_1_341' title='bbox 1890 3144 1956 3207; x_wconf 86' lang='lat' dir='ltr'><strong>eiua</strong></span> <span class='ocrx_word' id='word_1_342' title='bbox 1978 3154 2097 3227; x_wconf 84' lang='lat' dir='ltr'><strong>partem</strong></span> <span class='ocrx_word' id='word_1_343' title='bbox 2117 3144 2239 3220; x_wconf 79' lang='lat' dir='ltr'><strong>habeas,</strong></span> 
     </span>
     <span class='ocr_line' id='line_1_26' title="bbox 404 3248 2239 3340; baseline 0.002 -30"><span class='ocrx_word' id='word_1_344' title='bbox 404 3248 511 3312; x_wconf 85' lang='grc' dir='ltr'><strong><em>αὑτοῦ</em></strong></span> <span class='ocrx_word' id='word_1_345' title='bbox 532 3258 624 3327; x_wconf 81' lang='grc' dir='ltr'><strong><em>σχεῖν</em></strong></span> <span class='ocrx_word' id='word_1_346' title='bbox 645 3248 703 3314; x_wconf 86' lang='grc' dir='ltr'><strong><em>καί</em></strong></span> <span class='ocrx_word' id='word_1_347' title='bbox 726 3248 767 3315; x_wconf 86' lang='grc' dir='ltr'><strong>τό</strong></span> <span class='ocrx_word' id='word_1_348' title='bbox 789 3255 888 3338; x_wconf 74' lang='grc' dir='ltr'><strong><em>μέρος</em></strong></span> <span class='ocrx_word' id='word_1_349' title='bbox 911 3250 977 3337; x_wconf 84' lang='grc' dir='ltr'><strong>γάρ</strong></span> <span class='ocrx_word' id='word_1_350' title='bbox 1001 3263 1063 3321; x_wconf 81' lang='grc' dir='ltr'><strong>τοῦ</strong></span> <span class='ocrx_word' id='word_1_351' title='bbox 1081 3256 1188 3339; x_wconf 85' lang='grc' dir='ltr'><strong><em>άγροῦ</em></strong></span> <span class='ocrx_word' id='word_1_352' title='bbox 1206 3254 1311 3340; x_wconf 83' lang='grc' dir='ltr'><strong><em>ἀγρὸς</em></strong></span> <span class='ocrx_word' id='word_1_353' title='bbox 1337 3273 1408 3334; x_wconf 87' lang='lat' dir='ltr'><strong>pare</strong></span> <span class='ocrx_word' id='word_1_354' title='bbox 1432 3252 1513 3315; x_wconf 90' lang='lat' dir='ltr'><strong>enim</strong></span> <span class='ocrx_word' id='word_1_355' title='bbox 1535 3251 1622 3312; x_wconf 85' lang='lat' dir='ltr'><strong>fundi</strong></span> <span class='ocrx_word' id='word_1_356' title='bbox 1644 3250 1756 3312; x_wconf 81' lang='lat' dir='ltr'><strong>fundus</strong></span> <span class='ocrx_word' id='word_1_357' title='bbox 1779 3250 1898 3312; x_wconf 88' lang='lat' dir='ltr'><strong>dicitur.</strong></span> <span class='ocrx_word' id='word_1_358' title='bbox 2033 3251 2069 3315; x_wconf 79' lang='lat' dir='ltr'><strong>fr.</strong></span> <span class='ocrx_word' id='word_1_359' title='bbox 2089 3254 2141 3315; x_wconf 89' lang='grc'><strong>34.</strong></span> <span class='ocrx_word' id='word_1_360' title='bbox 2159 3258 2176 3329; x_wconf 88' lang='lat'><strong>5</strong></span> <span class='ocrx_word' id='word_1_361' title='bbox 2194 3255 2239 3312; x_wconf 85' lang='lat'><strong>15.</strong></span> 
     </span>
     <span class='ocr_line' id='line_1_27' title="bbox 403 3355 1310 3442; baseline 0.009 -23"><span class='ocrx_word' id='word_1_362' title='bbox 403 3355 546 3437; x_wconf 74' lang='grc' dir='ltr'><strong><em>λέγεταιι</em></strong></span> <span class='ocrx_word' id='word_1_363' title='bbox 564 3392 607 3403; x_wconf 93' lang='grc'>-</span> <span class='ocrx_word' id='word_1_364' title='bbox 1104 3364 1140 3425; x_wconf 84' lang='lat' dir='ltr'><strong>fr.</strong></span> <span class='ocrx_word' id='word_1_365' title='bbox 1157 3367 1208 3426; x_wconf 91' lang='grc'><strong>34.</strong></span> <span class='ocrx_word' id='word_1_366' title='bbox 1225 3371 1242 3442; x_wconf 83' lang='lat'><strong>5</strong></span> <span class='ocrx_word' id='word_1_367' title='bbox 1261 3369 1310 3427; x_wconf 80' lang='lat'><strong>15.</strong></span> 
     </span>
    </p>
   </div>
   <div class='ocr_carea' id='block_1_6' title="bbox 320 3495 2239 4441">
    <p class='ocr_par' dir='ltr' id='par_1_7' title="bbox 320 3495 2239 4336">
     <span class='ocr_line' id='line_1_28' title="bbox 320 3495 2239 3590; baseline 0.001 -28"><span class='ocrx_word' id='word_1_368' title='bbox 320 3507 368 3581; x_wconf 68' lang='grc' dir='ltr'><strong>λβ.</strong></span> <span class='ocrx_word' id='word_1_369' title='bbox 470 3495 545 3562; x_wconf 84' lang='grc' dir='ltr'><strong>Ἐάν</strong></span> <span class='ocrx_word' id='word_1_370' title='bbox 571 3497 776 3579; x_wconf 77' lang='grc' dir='ltr'><strong><em>ἐληγάτευσά</em></strong></span> <span class='ocrx_word' id='word_1_371' title='bbox 803 3522 856 3565; x_wconf 93' lang='grc' dir='ltr'><strong><em>σοι</em></strong></span> <span class='ocrx_word' id='word_1_372' title='bbox 890 3499 968 3576; x_wconf 89' lang='grc' dir='ltr'><strong>τοὺς</strong></span> <span class='ocrx_word' id='word_1_373' title='bbox 999 3503 1154 3590; x_wconf 85' lang='grc' dir='ltr'><strong><em>ὑφάντας</em></strong></span> <span class='ocrx_word' id='word_1_374' title='bbox 1182 3506 1311 3581; x_wconf 88' lang='grc' dir='ltr'><strong><em>πάντας</em></strong></span> <span class='ocrx_word' id='word_1_375' title='bbox 1405 3501 1437 3563; x_wconf 80' lang='lat' dir='ltr'><strong>Si</strong></span> <span class='ocrx_word' id='word_1_376' title='bbox 1453 3501 1595 3583; x_wconf 83' lang='lat' dir='ltr'><strong>legavero</strong></span> <span class='ocrx_word' id='word_1_377' title='bbox 1613 3500 1670 3563; x_wconf 90' lang='lat' dir='ltr'><strong>tibi</strong></span> <span class='ocrx_word' id='word_1_378' title='bbox 1692 3508 1823 3563; x_wconf 75' lang='lat' dir='ltr'><strong>textores</strong></span> <span class='ocrx_word' id='word_1_379' title='bbox 1840 3520 1943 3563; x_wconf 86' lang='lat' dir='ltr'><strong>omnee</strong></span> <span class='ocrx_word' id='word_1_380' title='bbox 1965 3510 2085 3581; x_wconf 87' lang='lat' dir='ltr'><strong>praeter</strong></span> <span class='ocrx_word' id='word_1_381' title='bbox 2099 3521 2153 3564; x_wconf 86' lang='lat' dir='ltr'><strong>cca</strong></span> <span class='ocrx_word' id='word_1_382' title='bbox 2168 3522 2239 3584; x_wconf 87' lang='lat' dir='ltr'><strong>quoe</strong></span> 
     </span>
     <span class='ocr_line' id='line_1_29' title="bbox 401 3600 2239 3697; baseline 0.003 -31"><span class='ocrx_word' id='word_1_383' title='bbox 401 3602 507 3688; x_wconf 80' lang='grc' dir='ltr'><strong><em>χωρὶς</em></strong></span> <span class='ocrx_word' id='word_1_384' title='bbox 530 3600 577 3668; x_wconf 82' lang='grc' dir='ltr'><strong>ὧν</strong></span> <span class='ocrx_word' id='word_1_385' title='bbox 599 3602 642 3668; x_wconf 83' lang='grc' dir='ltr'><strong>άν</strong></span> <span class='ocrx_word' id='word_1_386' title='bbox 664 3607 763 3691; x_wconf 78' lang='grc' dir='ltr'><strong><em>ἑτέρῳ</em></strong></span> <span class='ocrx_word' id='word_1_387' title='bbox 787 3606 992 3691; x_wconf 82' lang='grc' dir='ltr'><strong><em>ληγατεὺσοι,</em></strong></span> <span class='ocrx_word' id='word_1_388' title='bbox 1016 3608 1073 3674; x_wconf 88' lang='grc' dir='ltr'><strong><em>καί</em></strong></span> <span class='ocrx_word' id='word_1_389' title='bbox 1097 3615 1205 3697; x_wconf 77' lang='grc' dir='ltr'><strong><em>πέτρῳ</em></strong></span> <span class='ocrx_word' id='word_1_390' title='bbox 1233 3610 1311 3689; x_wconf 87' lang='grc' dir='ltr'><strong><em>τοὺς</em></strong></span> <span class='ocrx_word' id='word_1_391' title='bbox 1339 3608 1392 3671; x_wconf 88' lang='lat' dir='ltr'><strong>alii</strong></span> <span class='ocrx_word' id='word_1_392' title='bbox 1419 3608 1559 3688; x_wconf 82' lang='lat' dir='ltr'><strong>legavero</strong></span> <span class='ocrx_word' id='word_1_393' title='bbox 1585 3616 1616 3669; x_wconf 90' lang='lat' dir='ltr'><strong>et</strong></span> <span class='ocrx_word' id='word_1_394' title='bbox 1642 3607 1735 3669; x_wconf 91' lang='lat' dir='ltr'><strong>Petro</strong></span> <span class='ocrx_word' id='word_1_395' title='bbox 1766 3627 1876 3671; x_wconf 87' lang='lat' dir='ltr'><strong>vernae</strong></span> <span class='ocrx_word' id='word_1_396' title='bbox 1908 3627 2011 3670; x_wconf 82' lang='lat' dir='ltr'><strong>omnen</strong></span> <span class='ocrx_word' id='word_1_397' title='bbox 2042 3618 2165 3689; x_wconf 87' lang='lat' dir='ltr'><strong>praeter</strong></span> <span class='ocrx_word' id='word_1_398' title='bbox 2193 3629 2239 3671; x_wconf 85' lang='lat' dir='ltr'><strong>ece</strong></span> 
     </span>
     <span class='ocr_line' id='line_1_30' title="bbox 405 3712 2239 3802; baseline 0.003 -28"><span class='ocrx_word' id='word_1_399' title='bbox 405 3716 580 3792; x_wconf 78' lang='grc' dir='ltr'><strong><em>οἰκογενεῖς</em></strong></span> <span class='ocrx_word' id='word_1_400' title='bbox 613 3712 743 3788; x_wconf 86' lang='grc' dir='ltr'><strong><em>πάντας</em></strong></span> <span class='ocrx_word' id='word_1_401' title='bbox 771 3713 877 3798; x_wconf 82' lang='grc' dir='ltr'><strong><em>χοιρίς</em></strong></span> <span class='ocrx_word' id='word_1_402' title='bbox 909 3712 955 3779; x_wconf 84' lang='grc' dir='ltr'><strong>ὧν</strong></span> <span class='ocrx_word' id='word_1_403' title='bbox 982 3718 1081 3802; x_wconf 78' lang='grc' dir='ltr'><strong><em>ἑτέρῳ</em></strong></span> <span class='ocrx_word' id='word_1_404' title='bbox 1109 3718 1310 3800; x_wconf 87' lang='grc' dir='ltr'><strong><em>ληγατεὺσοι,</em></strong></span> <span class='ocrx_word' id='word_1_405' title='bbox 1338 3736 1413 3797; x_wconf 86' lang='lat' dir='ltr'><strong>quoe</strong></span> <span class='ocrx_word' id='word_1_406' title='bbox 1436 3715 1490 3777; x_wconf 88' lang='lat' dir='ltr'><strong>alii</strong></span> <span class='ocrx_word' id='word_1_407' title='bbox 1511 3715 1661 3794; x_wconf 78' lang='lat' dir='ltr'><strong>legavero,</strong></span> <span class='ocrx_word' id='word_1_408' title='bbox 1685 3735 1789 3776; x_wconf 82' lang='lat' dir='ltr'><strong>omnes</strong></span> <span class='ocrx_word' id='word_1_409' title='bbox 1812 3714 1865 3796; x_wconf 90' lang='lat' dir='ltr'><strong>qui</strong></span> <span class='ocrx_word' id='word_1_410' title='bbox 1891 3715 2085 3778; x_wconf 89' lang='lat' dir='ltr'><strong>inveniantur</strong></span> <span class='ocrx_word' id='word_1_411' title='bbox 2111 3725 2239 3779; x_wconf 85' lang='lat' dir='ltr'><strong>textoree</strong></span> 
     </span>
     <span class='ocr_line' id='line_1_31' title="bbox 404 3814 2145 3910; baseline 0.001 -28"><span class='ocrx_word' id='word_1_412' title='bbox 404 3815 483 3892; x_wconf 82' lang='grc' dir='ltr'><strong><em>τοὺς</em></strong></span> <span class='ocrx_word' id='word_1_413' title='bbox 505 3814 659 3895; x_wconf 75' lang='grc' dir='ltr'><strong><em>ἅπαντας</em></strong></span> <span class='ocrx_word' id='word_1_414' title='bbox 673 3820 923 3905; x_wconf 71' lang='grc' dir='ltr'><strong><em>εὑρισκομένους</em></strong></span> <span class='ocrx_word' id='word_1_415' title='bbox 938 3822 1094 3910; x_wconf 83' lang='grc' dir='ltr'><strong><em>ὑφάντας</em></strong></span> <span class='ocrx_word' id='word_1_416' title='bbox 1114 3823 1173 3889; x_wconf 89' lang='grc' dir='ltr'><strong><em>καί</em></strong></span> <span class='ocrx_word' id='word_1_417' title='bbox 1189 3829 1312 3908; x_wconf 90' lang='grc' dir='ltr'><strong><em>οἰκογε-</em></strong></span> <span class='ocrx_word' id='word_1_418' title='bbox 1339 3822 1429 3885; x_wconf 87' lang='lat' dir='ltr'><strong>eimul</strong></span> <span class='ocrx_word' id='word_1_419' title='bbox 1457 3832 1489 3885; x_wconf 92' lang='lat' dir='ltr'><strong>et</strong></span> <span class='ocrx_word' id='word_1_420' title='bbox 1514 3842 1627 3885; x_wconf 87' lang='lat' dir='ltr'><strong>vernae</strong></span> <span class='ocrx_word' id='word_1_421' title='bbox 1654 3823 1853 3884; x_wconf 90' lang='lat' dir='ltr'><strong>communiter</strong></span> <span class='ocrx_word' id='word_1_422' title='bbox 1879 3821 2025 3903; x_wconf 88' lang='lat' dir='ltr'><strong>adquirit,</strong></span> <span class='ocrx_word' id='word_1_423' title='bbox 2056 3822 2145 3884; x_wconf 85' lang='lat' dir='ltr'><strong>sicuti</strong></span> 
     </span>
     <span class='ocr_line' id='line_1_32' title="bbox 405 3927 2239 4014; baseline -0.001 -23"><span class='ocrx_word' id='word_1_424' title='bbox 405 3936 469 4001; x_wconf 88' lang='grc' dir='ltr'><strong><em>νεῖς</em></strong></span> <span class='ocrx_word' id='word_1_425' title='bbox 490 3936 610 4001; x_wconf 76' lang='grc' dir='ltr'><strong><em>κοινῶς</em></strong></span> <span class='ocrx_word' id='word_1_426' title='bbox 632 3927 838 4014; x_wconf 76' lang='grc' dir='ltr'><strong><em>λαμβάνεται</em></strong></span> <span class='ocrx_word' id='word_1_427' title='bbox 854 3927 959 4014; x_wconf 86' lang='grc' dir='ltr'><strong><em>ὥςπερ</em></strong></span> <span class='ocrx_word' id='word_1_428' title='bbox 983 3977 1111 3995; x_wconf 91' lang='grc'><strong>......</strong></span> <span class='ocrx_word' id='word_1_429' title='bbox 1134 3937 1159 3995; x_wconf 83' lang='grc' dir='ltr'><strong>εἰ</strong></span> <span class='ocrx_word' id='word_1_430' title='bbox 1176 3931 1210 3996; x_wconf 78' lang='grc' dir='ltr'><strong><em>δί</em></strong></span> <span class='ocrx_word' id='word_1_431' title='bbox 1233 3930 1312 4006; x_wconf 84' lang='grc' dir='ltr'><strong><em>τοὺς</em></strong></span> <span class='ocrx_word' id='word_1_432' title='bbox 1339 3929 1373 3992; x_wconf 80' lang='lat' dir='ltr'><strong>si</strong></span> <span class='ocrx_word' id='word_1_433' title='bbox 1399 3949 1472 3993; x_wconf 88' lang='lat' dir='ltr'><strong>vero</strong></span> <span class='ocrx_word' id='word_1_434' title='bbox 1500 3937 1632 3991; x_wconf 83' lang='lat' dir='ltr'><strong>textores</strong></span> <span class='ocrx_word' id='word_1_435' title='bbox 1659 3937 1781 4010; x_wconf 87' lang='lat' dir='ltr'><strong>praeter</strong></span> <span class='ocrx_word' id='word_1_436' title='bbox 1806 3950 1917 3991; x_wconf 83' lang='lat' dir='ltr'><strong>vernae</strong></span> <span class='ocrx_word' id='word_1_437' title='bbox 1943 3929 2085 4009; x_wconf 80' lang='lat' dir='ltr'><strong>legavero</strong></span> <span class='ocrx_word' id='word_1_438' title='bbox 2108 3938 2139 3991; x_wconf 93' lang='lat' dir='ltr'><strong>et</strong></span> <span class='ocrx_word' id='word_1_439' title='bbox 2162 3929 2239 3990; x_wconf 90' lang='lat' dir='ltr'><strong>dein·</strong></span> 
     </span>
     <span class='ocr_line' id='line_1_33' title="bbox 405 4033 2239 4121; baseline 0.001 -25"><span class='ocrx_word' id='word_1_440' title='bbox 405 4034 560 4121; x_wconf 86' lang='grc' dir='ltr'><strong><em>ὑφάντας</em></strong></span> <span class='ocrx_word' id='word_1_441' title='bbox 579 4033 684 4119; x_wconf 83' lang='grc' dir='ltr'><strong><em>χωρίς</em></strong></span> <span class='ocrx_word' id='word_1_442' title='bbox 702 4046 770 4098; x_wconf 78' lang='grc' dir='ltr'><strong>τῶν</strong></span> <span class='ocrx_word' id='word_1_443' title='bbox 788 4040 965 4118; x_wconf 73' lang='grc' dir='ltr'><strong><em>οἰκογενῶν</em></strong></span> <span class='ocrx_word' id='word_1_444' title='bbox 980 4037 1148 4119; x_wconf 84' lang='grc' dir='ltr'><strong><em>ληγιιτεὺιο</em></strong></span> <span class='ocrx_word' id='word_1_445' title='bbox 1167 4034 1239 4101; x_wconf 82' lang='grc' dir='ltr'><strong><em>εἶτα</em></strong></span> <span class='ocrx_word' id='word_1_446' title='bbox 1254 4038 1310 4102; x_wconf 88' lang='grc' dir='ltr'><strong><em>καί</em></strong></span> <span class='ocrx_word' id='word_1_447' title='bbox 1338 4057 1409 4117; x_wconf 86' lang='lat' dir='ltr'><strong>cepe</strong></span> <span class='ocrx_word' id='word_1_448' title='bbox 1432 4056 1541 4099; x_wconf 84' lang='lat' dir='ltr'><strong>vernae</strong></span> <span class='ocrx_word' id='word_1_449' title='bbox 1564 4045 1685 4118; x_wconf 89' lang='lat' dir='ltr'><strong>praeter</strong></span> <span class='ocrx_word' id='word_1_450' title='bbox 1706 4044 1846 4111; x_wconf 81' lang='lat' dir='ltr'><strong>textores,</strong></span> <span class='ocrx_word' id='word_1_451' title='bbox 1869 4036 1989 4117; x_wconf 78' lang='lat' dir='ltr'><strong>eosqui</strong></span> <span class='ocrx_word' id='word_1_452' title='bbox 2008 4035 2099 4097; x_wconf 80' lang='lat' dir='ltr'><strong>simul</strong></span> <span class='ocrx_word' id='word_1_453' title='bbox 2113 4045 2239 4098; x_wconf 68' lang='lat' dir='ltr'><strong>textores</strong></span> 
     </span>
     <span class='ocr_line' id='line_1_34' title="bbox 405 4137 2093 4231; baseline 0.001 -28"><span class='ocrx_word' id='word_1_454' title='bbox 405 4137 483 4215; x_wconf 84' lang='grc' dir='ltr'><strong><em>τοὺς</em></strong></span> <span class='ocrx_word' id='word_1_455' title='bbox 511 4144 685 4222; x_wconf 78' lang='grc' dir='ltr'><strong><em>οἰκογενεῖς</em></strong></span> <span class='ocrx_word' id='word_1_456' title='bbox 710 4141 815 4225; x_wconf 80' lang='grc' dir='ltr'><strong><em>χοιρίς</em></strong></span> <span class='ocrx_word' id='word_1_457' title='bbox 842 4155 910 4207; x_wconf 84' lang='grc' dir='ltr'><strong>τῶν</strong></span> <span class='ocrx_word' id='word_1_458' title='bbox 936 4144 1106 4231; x_wconf 84' lang='grc' dir='ltr'><strong><em>ὑφάντοιν,</em></strong></span> <span class='ocrx_word' id='word_1_459' title='bbox 1134 4142 1213 4220; x_wconf 87' lang='grc' dir='ltr'><strong>τοὺς</strong></span> <span class='ocrx_word' id='word_1_460' title='bbox 1240 4143 1312 4228; x_wconf 84' lang='grc' dir='ltr'><strong><em>άμα</em></strong></span> <span class='ocrx_word' id='word_1_461' title='bbox 1339 4144 1400 4206; x_wconf 83' lang='lat' dir='ltr'><strong>sint</strong></span> <span class='ocrx_word' id='word_1_462' title='bbox 1422 4153 1515 4223; x_wconf 88' lang='lat' dir='ltr'><strong>atque</strong></span> <span class='ocrx_word' id='word_1_463' title='bbox 1536 4163 1649 4206; x_wconf 86' lang='lat' dir='ltr'><strong>vernae</strong></span> <span class='ocrx_word' id='word_1_464' title='bbox 1671 4153 1781 4204; x_wconf 89' lang='lat' dir='ltr'><strong>neuter</strong></span> <span class='ocrx_word' id='word_1_465' title='bbox 1801 4152 1938 4205; x_wconf 86' lang='lat' dir='ltr'><strong>nostrum</strong></span> <span class='ocrx_word' id='word_1_466' title='bbox 1961 4141 2093 4204; x_wconf 85' lang='lat' dir='ltr'><strong>habebit</strong></span> 
     </span>
     <span class='ocr_line' id='line_1_35' title="bbox 405 4245 2239 4336; baseline -0.001 -25"><span class='ocrx_word' id='word_1_467' title='bbox 405 4247 560 4334; x_wconf 88' lang='grc' dir='ltr'><strong><em>ὑφάντας</em></strong></span> <span class='ocrx_word' id='word_1_468' title='bbox 585 4245 644 4311; x_wconf 86' lang='grc' dir='ltr'><strong><em>καί</em></strong></span> <span class='ocrx_word' id='word_1_469' title='bbox 674 4252 848 4330; x_wconf 86' lang='grc' dir='ltr'><strong><em>οἰκογενεῖς</em></strong></span> <span class='ocrx_word' id='word_1_470' title='bbox 875 4249 980 4325; x_wconf 78' lang='grc' dir='ltr'><strong><em>οὐδεὶς</em></strong></span> <span class='ocrx_word' id='word_1_471' title='bbox 1006 4251 1041 4335; x_wconf 73' lang='grc' dir='ltr'><strong>ἐξ</strong></span> <span class='ocrx_word' id='word_1_472' title='bbox 1063 4254 1154 4334; x_wconf 76' lang='grc' dir='ltr'><strong><em>ἡμῶν</em></strong></span> <span class='ocrx_word' id='word_1_473' title='bbox 1176 4253 1251 4336; x_wconf 65' lang='grc' dir='ltr'><strong><em>ἔξεις</em></strong></span> <span class='ocrx_word' id='word_1_474' title='bbox 1267 4291 1310 4300; x_wconf 88' lang='grc'><strong>-</strong></span> <span class='ocrx_word' id='word_1_475' title='bbox 2008 4249 2043 4310; x_wconf 86' lang='lat' dir='ltr'><strong>fr.</strong></span> <span class='ocrx_word' id='word_1_476' title='bbox 2060 4251 2102 4311; x_wconf 82' lang='lat'><strong>36</strong></span> <span class='ocrx_word' id='word_1_477' title='bbox 2118 4270 2164 4330; x_wconf 91' lang='lat' dir='ltr'><strong>pr.</strong></span> <span class='ocrx_word' id='word_1_478' title='bbox 2181 4255 2197 4325; x_wconf 86' lang='lat'><strong>5</strong></span> <span class='ocrx_word' id='word_1_479' title='bbox 2214 4252 2239 4309; x_wconf 87' lang='lat'><strong>1.</strong></span> 
     </span>
    </p>

    <p class='ocr_par' dir='ltr' id='par_1_8' title="bbox 1074 4359 1309 4441">
     <span class='ocr_line' id='line_1_36' title="bbox 1074 4359 1309 4441; baseline 0.004 -21"><span class='ocrx_word' id='word_1_480' title='bbox 1074 4359 1109 4422; x_wconf 80' lang='lat' dir='ltr'><strong>fr.</strong></span> <span class='ocrx_word' id='word_1_481' title='bbox 1127 4364 1168 4422; x_wconf 88' lang='lat'><strong>36</strong></span> <span class='ocrx_word' id='word_1_482' title='bbox 1185 4382 1229 4441; x_wconf 90' lang='lat' dir='ltr'><strong>pr.</strong></span> <span class='ocrx_word' id='word_1_483' title='bbox 1246 4367 1263 4437; x_wconf 90' lang='lat'><strong>5</strong></span> <span class='ocrx_word' id='word_1_484' title='bbox 1283 4364 1309 4421; x_wconf 89' lang='lat'><strong>1.</strong></span> 
     </span>
    </p>
   </div>
   <div class='ocr_carea' id='block_1_7' title="bbox 403 4478 2240 4899">
    <p class='ocr_par' dir='ltr' id='par_1_9' title="bbox 403 4478 2240 4899">
     <span class='ocr_line' id='line_1_37' title="bbox 470 4478 2240 4585; baseline 0 -25"><span class='ocrx_word' id='word_1_485' title='bbox 470 4493 545 4560; x_wconf 81' lang='grc' dir='ltr'><strong>Ἐάν</strong></span> <span class='ocrx_word' id='word_1_486' title='bbox 567 4478 762 4585; x_wconf 79' lang='grc' dir='ltr'><strong><em>ληγατευθῇ</em></strong></span> <span class='ocrx_word' id='word_1_487' title='bbox 785 4498 903 4574; x_wconf 84' lang='grc' dir='ltr'><strong><em>δοῦλος</em></strong></span> <span class='ocrx_word' id='word_1_488' title='bbox 926 4500 985 4564; x_wconf 91' lang='grc' dir='ltr'><strong>δὺο</strong></span> <span class='ocrx_word' id='word_1_489' title='bbox 1009 4499 1077 4564; x_wconf 81' lang='grc' dir='ltr'><strong><em>τισὶ</em></strong></span> <span class='ocrx_word' id='word_1_490' title='bbox 1104 4499 1161 4565; x_wconf 91' lang='grc' dir='ltr'><strong><em>καί</em></strong></span> <span class='ocrx_word' id='word_1_491' title='bbox 1189 4505 1237 4583; x_wconf 78' lang='grc' dir='ltr'><strong>τῷ</strong></span> <span class='ocrx_word' id='word_1_492' title='bbox 1265 4499 1310 4564; x_wconf 76' lang='lat' dir='ltr'><strong>iul</strong></span> <span class='ocrx_word' id='word_1_493' title='bbox 1404 4499 1438 4562; x_wconf 85' lang='lat' dir='ltr'><strong>Si</strong></span> <span class='ocrx_word' id='word_1_494' title='bbox 1459 4499 1578 4580; x_wconf 82' lang='lat' dir='ltr'><strong>legatus</strong></span> <span class='ocrx_word' id='word_1_495' title='bbox 1605 4498 1696 4561; x_wconf 75' lang='lat' dir='ltr'><strong>merit</strong></span> <span class='ocrx_word' id='word_1_496' title='bbox 1717 4519 1821 4561; x_wconf 82' lang='lat' dir='ltr'><strong>cervus</strong></span> <span class='ocrx_word' id='word_1_497' title='bbox 1849 4497 1967 4561; x_wconf 86' lang='lat' dir='ltr'><strong>duobua</strong></span> <span class='ocrx_word' id='word_1_498' title='bbox 1994 4508 2026 4560; x_wconf 87' lang='lat' dir='ltr'><strong>et</strong></span> <span class='ocrx_word' id='word_1_499' title='bbox 2052 4500 2107 4560; x_wconf 90' lang='lat' dir='ltr'><strong>uni</strong></span> <span class='ocrx_word' id='word_1_500' title='bbox 2129 4497 2240 4560; x_wconf 79' lang='lat' dir='ltr'><strong>dederit</strong></span> 
     </span>
     <span class='ocr_line' id='line_1_38' title="bbox 406 4603 2238 4694; baseline -0.002 -26"><span class='ocrx_word' id='word_1_501' title='bbox 406 4603 503 4668; x_wconf 79' lang='grc' dir='ltr'><strong><em>δώσει</em></strong></span> <span class='ocrx_word' id='word_1_502' title='bbox 527 4604 631 4670; x_wconf 83' lang='grc' dir='ltr'><strong><em>αὑτὸν</em></strong></span> <span class='ocrx_word' id='word_1_503' title='bbox 654 4609 673 4669; x_wconf 90' lang='grc' dir='ltr'><strong><em>ό</em></strong></span> <span class='ocrx_word' id='word_1_504' title='bbox 696 4607 909 4691; x_wconf 88' lang='grc' dir='ltr'><strong><em>κληρονόμος,</em></strong></span> <span class='ocrx_word' id='word_1_505' title='bbox 933 4604 1005 4671; x_wconf 80' lang='grc' dir='ltr'><strong><em>εἶτα</em></strong></span> <span class='ocrx_word' id='word_1_506' title='bbox 1028 4606 1106 4690; x_wconf 81' lang='grc' dir='ltr'><strong><em>πρὶν</em></strong></span> <span class='ocrx_word' id='word_1_507' title='bbox 1133 4607 1153 4685; x_wconf 76' lang='grc' dir='ltr'><strong><em>ὑ</em></strong></span> <span class='ocrx_word' id='word_1_508' title='bbox 1177 4609 1311 4694; x_wconf 79' lang='grc' dir='ltr'><strong><em>ἰναχθῇ</em></strong></span> <span class='ocrx_word' id='word_1_509' title='bbox 1338 4627 1407 4668; x_wconf 91' lang='lat' dir='ltr'><strong>eum</strong></span> <span class='ocrx_word' id='word_1_510' title='bbox 1429 4606 1516 4668; x_wconf 82' lang='lat' dir='ltr'><strong>heren</strong></span> <span class='ocrx_word' id='word_1_511' title='bbox 1538 4614 1569 4668; x_wconf 89' lang='lat' dir='ltr'><strong>et</strong></span> <span class='ocrx_word' id='word_1_512' title='bbox 1591 4605 1732 4686; x_wconf 84' lang='lat' dir='ltr'><strong>deinceps</strong></span> <span class='ocrx_word' id='word_1_513' title='bbox 1756 4614 1918 4685; x_wconf 90' lang='lat' dir='ltr'><strong>antequam</strong></span> <span class='ocrx_word' id='word_1_514' title='bbox 1934 4606 2145 4668; x_wconf 77' lang='lat' dir='ltr'><strong>convenirettu</strong></span> <span class='ocrx_word' id='word_1_515' title='bbox 2167 4624 2238 4666; x_wconf 90' lang='lat' dir='ltr'><strong>mor·</strong></span> 
     </span>
     <span class='ocr_line' id='line_1_39' title="bbox 406 4709 2237 4799; baseline -0.003 -24"><span class='ocrx_word' id='word_1_516' title='bbox 406 4709 501 4795; x_wconf 85' lang='grc' dir='ltr'><strong><em>παρά</em></strong></span> <span class='ocrx_word' id='word_1_517' title='bbox 532 4722 595 4777; x_wconf 86' lang='grc' dir='ltr'><strong><em>τοὺ</em></strong></span> <span class='ocrx_word' id='word_1_518' title='bbox 625 4714 728 4778; x_wconf 87' lang='grc' dir='ltr'><strong><em>άλλου</em></strong></span> <span class='ocrx_word' id='word_1_519' title='bbox 758 4714 923 4799; x_wconf 85' lang='grc' dir='ltr'><strong><em>άποθάνη</em></strong></span> <span class='ocrx_word' id='word_1_520' title='bbox 951 4716 970 4777; x_wconf 92' lang='grc' dir='ltr'><strong><em>ό</em></strong></span> <span class='ocrx_word' id='word_1_521' title='bbox 1001 4713 1126 4795; x_wconf 84' lang='grc' dir='ltr'><strong><em>δοῦλος,</em></strong></span> <span class='ocrx_word' id='word_1_522' title='bbox 1159 4716 1220 4779; x_wconf 87' lang='grc' dir='ltr'><strong><em>οὑκ</em></strong></span> <span class='ocrx_word' id='word_1_523' title='bbox 1250 4718 1311 4779; x_wconf 69' lang='lat' dir='ltr'><strong>iue-</strong></span> <span class='ocrx_word' id='word_1_524' title='bbox 1339 4723 1410 4776; x_wconf 88' lang='lat' dir='ltr'><strong>tuua</strong></span> <span class='ocrx_word' id='word_1_525' title='bbox 1432 4711 1523 4775; x_wconf 83' lang='lat' dir='ltr'><strong>fuerit</strong></span> <span class='ocrx_word' id='word_1_526' title='bbox 1545 4732 1658 4787; x_wconf 78' lang='lat' dir='ltr'><strong>servus,</strong></span> <span class='ocrx_word' id='word_1_527' title='bbox 1681 4732 1742 4774; x_wconf 91' lang='lat' dir='ltr'><strong>non</strong></span> <span class='ocrx_word' id='word_1_528' title='bbox 1764 4720 1891 4774; x_wconf 88' lang='lat' dir='ltr'><strong>tenetur.</strong></span> <span class='ocrx_word' id='word_1_529' title='bbox 2058 4711 2095 4773; x_wconf 77' lang='lat' dir='ltr'><strong>u.</strong></span> <span class='ocrx_word' id='word_1_530' title='bbox 2112 4715 2163 4773; x_wconf 88' lang='grc'><strong>36.</strong></span> <span class='ocrx_word' id='word_1_531' title='bbox 2180 4718 2196 4789; x_wconf 80' lang='lat'><strong>5</strong></span> <span class='ocrx_word' id='word_1_532' title='bbox 2212 4712 2237 4771; x_wconf 89' lang='lat'><strong>3.</strong></span> 
     </span>
     <span class='ocr_line' id='line_1_40' title="bbox 403 4821 1310 4899; baseline 0.001 -16"><span class='ocrx_word' id='word_1_533' title='bbox 403 4841 514 4897; x_wconf 79' lang='grc' dir='ltr'><strong><em>χεταιι</em></strong></span> <span class='ocrx_word' id='word_1_534' title='bbox 531 4856 573 4868; x_wconf 89' lang='lat'>-</span> <span class='ocrx_word' id='word_1_535' title='bbox 1125 4821 1161 4883; x_wconf 83' lang='lat' dir='ltr'><strong>fr.</strong></span> <span class='ocrx_word' id='word_1_536' title='bbox 1179 4826 1230 4885; x_wconf 91' lang='grc'><strong>36.</strong></span> <span class='ocrx_word' id='word_1_537' title='bbox 1248 4829 1264 4899; x_wconf 90' lang='lat'><strong>5</strong></span> <span class='ocrx_word' id='word_1_538' title='bbox 1282 4826 1310 4886; x_wconf 89' lang='grc'><strong>3.</strong></span> 
     </span>
    </p>
   </div>
   <div class='ocr_carea' id='block_1_8' title="bbox 299 4960 2238 5260">
    <p class='ocr_par' dir='ltr' id='par_1_10' title="bbox 299 4960 2238 5260">
     <span class='ocr_line' id='line_1_41' title="bbox 299 4960 2238 5053; baseline -0.004 -25"><span class='ocrx_word' id='word_1_539' title='bbox 299 4980 370 5053; x_wconf 55' lang='grc' dir='ltr'><strong>μγ.</strong></span> <span class='ocrx_word' id='word_1_540' title='bbox 475 4962 603 5027; x_wconf 84' lang='grc' dir='ltr'><strong><em>Δούλου</em></strong></span> <span class='ocrx_word' id='word_1_541' title='bbox 624 4973 760 5044; x_wconf 81' lang='grc' dir='ltr'><strong><em>γενικῶς</em></strong></span> <span class='ocrx_word' id='word_1_542' title='bbox 781 4962 1061 5044; x_wconf 81' lang='grc' dir='ltr'><strong><em>ληγατευθέντος,</em></strong></span> <span class='ocrx_word' id='word_1_543' title='bbox 1090 4963 1165 5028; x_wconf 81' lang='grc' dir='ltr'><strong><em>οὔτε</em></strong></span> <span class='ocrx_word' id='word_1_544' title='bbox 1188 4966 1207 5027; x_wconf 88' lang='grc' dir='ltr'>ὁ</span> <span class='ocrx_word' id='word_1_545' title='bbox 1234 4964 1312 5028; x_wconf 89' lang='grc' dir='ltr'><strong><em>κάλ-</em></strong></span> <span class='ocrx_word' id='word_1_546' title='bbox 1406 4962 1499 5026; x_wconf 83' lang='lat' dir='ltr'><strong>Servo</strong></span> <span class='ocrx_word' id='word_1_547' title='bbox 1522 4960 1703 5043; x_wconf 80' lang='lat' dir='ltr'><strong>generaliter</strong></span> <span class='ocrx_word' id='word_1_548' title='bbox 1723 4960 1838 5043; x_wconf 90' lang='lat' dir='ltr'><strong>legato,</strong></span> <span class='ocrx_word' id='word_1_549' title='bbox 1867 4982 1966 5042; x_wconf 91' lang='lat' dir='ltr'><strong>neque</strong></span> <span class='ocrx_word' id='word_1_550' title='bbox 1988 4962 2121 5042; x_wconf 85' lang='lat' dir='ltr'><strong>optimus</strong></span> <span class='ocrx_word' id='word_1_551' title='bbox 2145 4980 2238 5041; x_wconf 89' lang='lat' dir='ltr'><strong>neque</strong></span> 
     </span>
     <span class='ocr_line' id='line_1_42' title="bbox 405 5065 2237 5155; baseline -0.003 -21"><span class='ocrx_word' id='word_1_552' title='bbox 405 5071 519 5144; x_wconf 86' lang='grc' dir='ltr'><strong><em>λιστος</em></strong></span> <span class='ocrx_word' id='word_1_553' title='bbox 542 5072 618 5135; x_wconf 77' lang='grc' dir='ltr'><strong><em>οὔτε</em></strong></span> <span class='ocrx_word' id='word_1_554' title='bbox 641 5072 660 5133; x_wconf 88' lang='grc' dir='ltr'>ὁ</span> <span class='ocrx_word' id='word_1_555' title='bbox 680 5071 851 5155; x_wconf 84' lang='grc' dir='ltr'><strong><em>χείριστος</em></strong></span> <span class='ocrx_word' id='word_1_556' title='bbox 869 5069 1013 5135; x_wconf 85' lang='grc' dir='ltr'><strong><em>δίδοται·</em></strong></span> <span class='ocrx_word' id='word_1_557' title='bbox 1037 5071 1111 5134; x_wconf 81' lang='grc' dir='ltr'><strong><em>οὔτε</em></strong></span> <span class='ocrx_word' id='word_1_558' title='bbox 1129 5068 1195 5154; x_wconf 89' lang='grc' dir='ltr'><strong>γάρ</strong></span> <span class='ocrx_word' id='word_1_559' title='bbox 1215 5070 1311 5135; x_wconf 86' lang='grc' dir='ltr'><strong><em>δόνα-</em></strong></span> <span class='ocrx_word' id='word_1_560' title='bbox 1338 5071 1489 5152; x_wconf 83' lang='lat' dir='ltr'><strong>peeeimua</strong></span> <span class='ocrx_word' id='word_1_561' title='bbox 1527 5069 1630 5131; x_wconf 87' lang='lat' dir='ltr'><strong>datur:</strong></span> <span class='ocrx_word' id='word_1_562' title='bbox 1668 5087 1765 5149; x_wconf 88' lang='lat' dir='ltr'><strong>neque</strong></span> <span class='ocrx_word' id='word_1_563' title='bbox 1801 5069 1882 5131; x_wconf 91' lang='lat' dir='ltr'><strong>enim</strong></span> <span class='ocrx_word' id='word_1_564' title='bbox 1918 5077 2021 5149; x_wconf 89' lang='lat' dir='ltr'><strong>poteet</strong></span> <span class='ocrx_word' id='word_1_565' title='bbox 2051 5065 2237 5149; x_wconf 71' lang='lat' dir='ltr'><strong>[legatarius]</strong></span> 
     </span>
     <span class='ocr_line' id='line_1_43' title="bbox 406 5174 2237 5260; baseline -0.005 -18"><span class='ocrx_word' id='word_1_566' title='bbox 406 5199 462 5242; x_wconf 90' lang='grc' dir='ltr'><strong>ται</strong></span> <span class='ocrx_word' id='word_1_567' title='bbox 486 5174 548 5242; x_wconf 86' lang='grc' dir='ltr'><strong>τὸν</strong></span> <span class='ocrx_word' id='word_1_568' title='bbox 570 5175 739 5256; x_wconf 84' lang='grc' dir='ltr'><strong><em>διοικητὴν</em></strong></span> <span class='ocrx_word' id='word_1_569' title='bbox 761 5174 1015 5260; x_wconf 76' lang='grc' dir='ltr'><strong>ἐπιλέξασθαι.8</strong></span> <span class='ocrx_word' id='word_1_570' title='bbox 1152 5179 1188 5240; x_wconf 83' lang='lat' dir='ltr'><strong>fr.</strong></span> <span class='ocrx_word' id='word_1_571' title='bbox 1206 5182 1246 5241; x_wconf 83' lang='grc'><strong>37</strong></span> <span class='ocrx_word' id='word_1_572' title='bbox 1263 5200 1311 5260; x_wconf 91' lang='lat' dir='ltr'><strong>pr.</strong></span> <span class='ocrx_word' id='word_1_573' title='bbox 1339 5186 1472 5240; x_wconf 89' lang='lat' dir='ltr'><strong>actorem</strong></span> <span class='ocrx_word' id='word_1_574' title='bbox 1491 5175 1609 5258; x_wconf 81' lang='lat' dir='ltr'><strong>eligere.</strong></span> <span class='ocrx_word' id='word_1_575' title='bbox 2089 5174 2126 5238; x_wconf 80' lang='lat' dir='ltr'><strong>fr.</strong></span> <span class='ocrx_word' id='word_1_576' title='bbox 2142 5177 2182 5237; x_wconf 78' lang='lat'><strong>37</strong></span> <span class='ocrx_word' id='word_1_577' title='bbox 2198 5193 2237 5255; x_wconf 88' lang='lat' dir='ltr'><strong>pr.</strong></span> 
     </span>
    </p>
   </div>
   <div class='ocr_carea' id='block_1_9' title="bbox 254 5316 2238 5508">
    <p class='ocr_par' dir='ltr' id='par_1_11' title="bbox 254 5316 2238 5508">
     <span class='ocr_line' id='line_1_44' title="bbox 254 5316 2237 5404; baseline -0.002 -23"><span class='ocrx_word' id='word_1_578' title='bbox 254 5328 301 5396; x_wconf 79' lang='lat' dir='ltr'><strong>sot.</strong></span> <span class='ocrx_word' id='word_1_579' title='bbox 315 5332 369 5381; x_wconf 67' lang='grc' dir='ltr'><strong>ευ.</strong></span> <span class='ocrx_word' id='word_1_580' title='bbox 471 5316 548 5383; x_wconf 81' lang='grc' dir='ltr'><strong>Ἐάν</strong></span> <span class='ocrx_word' id='word_1_581' title='bbox 575 5318 647 5404; x_wconf 89' lang='grc' dir='ltr'><strong>περί</strong></span> <span class='ocrx_word' id='word_1_582' title='bbox 675 5319 776 5396; x_wconf 84' lang='grc' dir='ltr'><strong><em>δήλου</em></strong></span> <span class='ocrx_word' id='word_1_583' title='bbox 807 5320 916 5404; x_wconf 83' lang='grc' dir='ltr'><strong>άγροὺ</strong></span> <span class='ocrx_word' id='word_1_584' title='bbox 946 5321 1114 5396; x_wconf 77' lang='grc' dir='ltr'><strong><em>ἐνενόησεν</em></strong></span> <span class='ocrx_word' id='word_1_585' title='bbox 1144 5321 1163 5382; x_wconf 91' lang='grc' dir='ltr'><strong><em>ό</em></strong></span> <span class='ocrx_word' id='word_1_586' title='bbox 1196 5318 1312 5383; x_wconf 82' lang='grc' dir='ltr'><strong><em>διαθέ-</em></strong></span> <span class='ocrx_word' id='word_1_587' title='bbox 1406 5318 1440 5382; x_wconf 84' lang='lat' dir='ltr'><strong>Si</strong></span> <span class='ocrx_word' id='word_1_588' title='bbox 1458 5318 1593 5381; x_wconf 88' lang='lat' dir='ltr'><strong>decerto</strong></span> <span class='ocrx_word' id='word_1_589' title='bbox 1608 5317 1704 5379; x_wconf 85' lang='lat' dir='ltr'><strong>lirndo</strong></span> <span class='ocrx_word' id='word_1_590' title='bbox 1719 5317 1867 5398; x_wconf 86' lang='lat' dir='ltr'><strong>cogitavit</strong></span> <span class='ocrx_word' id='word_1_591' title='bbox 1883 5324 2011 5381; x_wconf 89' lang='lat' dir='ltr'><strong>teetator</strong></span> <span class='ocrx_word' id='word_1_592' title='bbox 2026 5326 2057 5379; x_wconf 91' lang='lat' dir='ltr'><strong>et</strong></span> <span class='ocrx_word' id='word_1_593' title='bbox 2071 5337 2134 5379; x_wconf 91' lang='lat' dir='ltr'><strong>non</strong></span> <span class='ocrx_word' id='word_1_594' title='bbox 2148 5335 2237 5397; x_wconf 82' lang='lat' dir='ltr'><strong>appa·</strong></span> 
     </span>
     <span class='ocr_line' id='line_1_45' title="bbox 406 5423 2238 5508; baseline -0.003 -19"><span class='ocrx_word' id='word_1_595' title='bbox 406 5448 502 5508; x_wconf 87' lang='grc' dir='ltr'><strong><em>μενος</em></strong></span> <span class='ocrx_word' id='word_1_596' title='bbox 532 5424 590 5490; x_wconf 84' lang='grc' dir='ltr'><strong><em>καί</em></strong></span> <span class='ocrx_word' id='word_1_597' title='bbox 614 5427 654 5490; x_wconf 95' lang='grc' dir='ltr'><strong>οὑ</strong></span> <span class='ocrx_word' id='word_1_598' title='bbox 681 5425 839 5503; x_wconf 86' lang='grc' dir='ltr'><strong><em>δηλοῦται</em></strong></span> <span class='ocrx_word' id='word_1_599' title='bbox 868 5426 902 5490; x_wconf 82' lang='grc' dir='ltr'><strong>δὲ</strong></span> <span class='ocrx_word' id='word_1_600' title='bbox 930 5428 1040 5506; x_wconf 90' lang='grc' dir='ltr'><strong><em>ποιόυ,</em></strong></span> <span class='ocrx_word' id='word_1_601' title='bbox 1067 5425 1087 5503; x_wconf 74' lang='grc' dir='ltr'><strong><em>ὑ</em></strong></span> <span class='ocrx_word' id='word_1_602' title='bbox 1111 5423 1169 5491; x_wconf 84' lang='grc' dir='ltr'><strong>ὲάν</strong></span> <span class='ocrx_word' id='word_1_603' title='bbox 1196 5425 1313 5489; x_wconf 85' lang='grc' dir='ltr'><strong><em>δίσκον</em></strong></span> <span class='ocrx_word' id='word_1_604' title='bbox 1339 5435 1386 5489; x_wconf 90' lang='lat' dir='ltr'><strong>ret</strong></span> <span class='ocrx_word' id='word_1_605' title='bbox 1406 5427 1444 5487; x_wconf 93' lang='lat' dir='ltr'><strong>de</strong></span> <span class='ocrx_word' id='word_1_606' title='bbox 1467 5444 1540 5506; x_wconf 90' lang='lat' dir='ltr'><strong>quc,</strong></span> <span class='ocrx_word' id='word_1_607' title='bbox 1563 5423 1613 5488; x_wconf 90' lang='lat' dir='ltr'><strong>vel</strong></span> <span class='ocrx_word' id='word_1_608' title='bbox 1629 5425 1678 5486; x_wconf 90' lang='lat' dir='ltr'><strong>cui</strong></span> <span class='ocrx_word' id='word_1_609' title='bbox 1693 5424 1811 5487; x_wconf 90' lang='lat' dir='ltr'><strong>lancem</strong></span> <span class='ocrx_word' id='word_1_610' title='bbox 1834 5423 1980 5503; x_wconf 82' lang='lat' dir='ltr'><strong>legaverit</strong></span> <span class='ocrx_word' id='word_1_611' title='bbox 1995 5433 2026 5486; x_wconf 89' lang='lat' dir='ltr'><strong>et</strong></span> <span class='ocrx_word' id='word_1_612' title='bbox 2040 5444 2102 5486; x_wconf 92' lang='lat' dir='ltr'><strong>non</strong></span> <span class='ocrx_word' id='word_1_613' title='bbox 2117 5428 2238 5504; x_wconf 84' lang='lat' dir='ltr'><strong>apparet</strong></span> 
     </span>
    </p>
   </div>
   <div class='ocr_carea' id='block_1_10' title="bbox 406 5523 2236 5717">
    <p class='ocr_par' dir='ltr' id='par_1_12' title="bbox 406 5523 2236 5717">
     <span class='ocr_line' id='line_1_46' title="bbox 406 5523 2236 5619; baseline -0.005 -22"><span class='ocrx_word' id='word_1_614' title='bbox 406 5531 591 5619; x_wconf 87' lang='grc' dir='ltr'><strong><em>ληγατεὺση</em></strong></span> <span class='ocrx_word' id='word_1_615' title='bbox 613 5531 671 5597; x_wconf 86' lang='grc' dir='ltr'><strong><em>καί</em></strong></span> <span class='ocrx_word' id='word_1_616' title='bbox 693 5532 736 5615; x_wconf 84' lang='grc' dir='ltr'><strong>μὴ</strong></span> <span class='ocrx_word' id='word_1_617' title='bbox 760 5532 917 5610; x_wconf 81' lang='grc' dir='ltr'><strong><em>δηλοῦται</em></strong></span> <span class='ocrx_word' id='word_1_618' title='bbox 941 5543 1046 5613; x_wconf 89' lang='grc' dir='ltr'><strong><em>ποῖον,</em></strong></span> <span class='ocrx_word' id='word_1_619' title='bbox 1070 5535 1089 5596; x_wconf 92' lang='grc' dir='ltr'><strong><em>ό</em></strong></span> <span class='ocrx_word' id='word_1_620' title='bbox 1108 5534 1314 5616; x_wconf 89' lang='grc' dir='ltr'><strong><em>κληρονόμος</em></strong></span> <span class='ocrx_word' id='word_1_621' title='bbox 1339 5532 1469 5613; x_wconf 87' lang='lat' dir='ltr'><strong>qualem,</strong></span> <span class='ocrx_word' id='word_1_622' title='bbox 1490 5532 1576 5593; x_wconf 85' lang='lat' dir='ltr'><strong>heroe</strong></span> <span class='ocrx_word' id='word_1_623' title='bbox 1591 5551 1682 5612; x_wconf 92' lang='lat' dir='ltr'><strong>quem</strong></span> <span class='ocrx_word' id='word_1_624' title='bbox 1696 5530 1765 5594; x_wconf 87' lang='lat' dir='ltr'><strong>vult</strong></span> <span class='ocrx_word' id='word_1_625' title='bbox 1781 5531 1843 5592; x_wconf 85' lang='lat' dir='ltr'><strong>dat</strong></span> <span class='ocrx_word' id='word_1_626' title='bbox 1963 5523 2236 5605; x_wconf 63' lang='lat' dir='ltr'><strong>detranat.</strong></span> 
     </span>
     <span class='ocr_line' id='line_1_47' title="bbox 406 5637 1311 5717; baseline -0.001 -14"><span class='ocrx_word' id='word_1_627' title='bbox 406 5637 447 5703; x_wconf 83' lang='grc' dir='ltr'><strong>όν</strong></span> <span class='ocrx_word' id='word_1_628' title='bbox 469 5639 562 5704; x_wconf 81' lang='grc' dir='ltr'><strong><em>θέλει</em></strong></span> <span class='ocrx_word' id='word_1_629' title='bbox 585 5639 729 5704; x_wconf 85' lang='grc' dir='ltr'><strong><em>δίδωσιν.</em></strong></span> <span class='ocrx_word' id='word_1_630' title='bbox 1002 5641 1038 5702; x_wconf 80' lang='lat' dir='ltr'><strong>fr.</strong></span> <span class='ocrx_word' id='word_1_631' title='bbox 1056 5642 1107 5704; x_wconf 88' lang='lat'><strong>31.</strong></span> <span class='ocrx_word' id='word_1_632' title='bbox 1124 5647 1141 5717; x_wconf 87' lang='lat'><strong>5</strong></span> <span class='ocrx_word' id='word_1_633' title='bbox 1160 5643 1187 5701; x_wconf 93' lang='lat' dir='ltr'><strong>l.</strong></span> <span class='ocrx_word' id='word_1_634' title='bbox 1202 5640 1243 5702; x_wconf 94' lang='lat' dir='ltr'><strong>D.</strong></span> <span class='ocrx_word' id='word_1_635' title='bbox 1260 5643 1311 5702; x_wconf 87' lang='grc'><strong>30.</strong></span> 
     </span>
    </p>
   </div>
   <div class='ocr_carea' id='block_1_11' title="bbox 482 5956 1227 6030">
    <p class='ocr_par' dir='ltr' id='par_1_13' title="bbox 482 5956 1227 6030">
     <span class='ocr_line' id='line_1_48' title="bbox 482 5956 1227 6030; baseline -0.001 -17"><span class='ocrx_word' id='word_1_636' title='bbox 482 5961 490 5992; x_wconf 92' lang='lat'>¹</span> <span class='ocrx_word' id='word_1_637' title='bbox 508 5958 595 6014; x_wconf 90' lang='lat' dir='ltr'><strong>habet</strong></span> <span class='ocrx_word' id='word_1_638' title='bbox 613 5957 680 6030; x_wconf 82' lang='lat' dir='ltr'><strong>Syn.</strong></span> <span class='ocrx_word' id='word_1_639' title='bbox 754 5959 765 5990; x_wconf 85' lang='lat'>²</span> <span class='ocrx_word' id='word_1_640' title='bbox 782 5958 869 6015; x_wconf 90' lang='lat' dir='ltr'><strong>habet</strong></span> <span class='ocrx_word' id='word_1_641' title='bbox 887 5958 954 6029; x_wconf 80' lang='lat' dir='ltr'><strong>Syn.</strong></span> <span class='ocrx_word' id='word_1_642' title='bbox 1027 5958 1142 6013; x_wconf 82' lang='lat' dir='ltr'><strong>⁸habet</strong></span> <span class='ocrx_word' id='word_1_643' title='bbox 1161 5956 1227 6028; x_wconf 85' lang='lat' dir='ltr'><strong>Syn.</strong></span> 
     </span>
    </p>
   </div>
   <div class='ocr_carea' id='block_1_12' title="bbox 0 0 2430 7012">
    <p class='ocr_par' dir='ltr' id='par_1_14' title="bbox 0 0 2430 7012">
     <span class='ocr_line' id='line_1_49' title="bbox 0 0 2430 7012; baseline 0 0"><span class='ocrx_word' id='word_1_644' title='bbox 0 0 2430 7012; x_wconf 95' lang='lat' dir='ltr'><strong> </strong></span> 
     </span>
    </p>
   </div>
  </div>
 </body>
</html>
