4978 7018
140 1612 193 1681 fot.
206 1618 274 1669 νον.
397 1603 524 1669 ΠΙΝΑΞ
548 1604 626 1669 (ΥΝ
652 1604 743 1695 ΘΕΩι
766 1605 848 1670 ΤΟΥ
872 1606 895 1668 Β
918 1604 1116 1671 ΤΕΥΧΟΥ(.
1323 1603 1466 1666 INDEX
1488 1604 1581 1667 (ΝΜ
1603 1603 1693 1667 1)Εο
1716 1603 1827 1667 ΤΟΜΙ
1849 1603 2051 1667 suevum.

675 1814 806 1868 ΒΙΒΛΙΟΝ
827 1815 868 1879 id.
1583 1813 1700 1869 LIBER
1717 1814 1796 1871 XVI.

202 1964 224 1998 ι.
237 1945 273 1999 α’.
377 1900 570 2024 ἀχρήστως
592 1949 739 2024 καρπῶν.
1306 1943 1344 2006 de
1366 1962 1424 2004 usu
1446 1941 1555 2004 fructu.
2099 2000 2101 2005 ,
2176 1953 2231 2003 tl.

204 2124 225 2158 τ.
239 2102 273 2176 μ’.
377 2059 400 2162 λι
420 2100 571 2184 χρήσεως
593 2110 732 2184 καρπῶν
755 2101 1076 2184 προσαυξανομένης.
1304 2102 1343 2163 de
1365 2122 1423 2164 usn
1444 2101 1546 2164 fruotu
1568 2101 1779 2164 adoresoendo.
2176 2113 2194 2163 t.
2207 2113 2232 2163 2.

663 2276 793 2330 ΒΙΒΛΙΟΝ
813 2276 860 2330 ΙΗ’.
1567 2275 1683 2331 LIBER
1700 2276 1808 2332 XVIH.

204 2426 224 2459 τ.
237 2407 272 2459 α’.
376 2362 399 2465 π
431 2413 489 2480 της
527 2404 659 2483 ἀγωγῆς
701 2412 760 2478 τῆς
796 2406 986 2486 κινουμένης
1022 2399 1113 2467 κατά
1150 2411 1211 2466 τοῦ
1304 2404 1342 2466 de
1369 2405 1488 2467 notione
1518 2423 1598 2484 quae
1624 2403 1792 2465 intenditur
1818 2404 1851 2465 in
1877 2424 1946 2465 eum
1973 2405 2026 2485 qui
2052 2425 2138 2486 prae·
2175 2415 2193 2468 t.
2208 2416 2231 2465 1.

310 2509 566 2593 προστήσαντός
581 2530 657 2572 τινα
673 2508 808 2573 διοικεῖν
822 2507 862 2573 τὸ
878 2509 964 2574 ίδιον
978 2510 1208 2594 ἐργαστήριον.
1237 2511 1339 2591 posuit
1353 2510 1484 2592 aliquem
1500 2510 1539 2572 ad
1555 2510 1708 2592 propriam
1724 2510 1875 2573 offioinam
1891 2511 2100 2574 exeroendam.

204 2693 223 2726 ι.
238 2670 270 2744 μ’.
375 2628 601 2749 πσυγκλήτου
617 2669 850 2751 θεσπίσματος
864 2669 1113 2751 μακεδονιανοῦ,
1130 2668 1209 2752 ὅπερ
1304 2670 1342 2732 de
1372 2670 1634 2732 senatusconsulto
1666 2671 1896 2745 macedoniano,
1933 2691 1995 2751 qno
2025 2672 2139 2733 utimur
2161 2681 2193 2761 ι.
2206 2682 2230 2731 ν.

134 2770 186 2841 s⁰l
200 2776 271 2825 203¹.
307 2784 445 2839 κινεῖται
481 2776 578 2853 ἡνίκα
613 2775 805 2860 ὑπιξούσιος
842 2775 862 2854 ἣ
898 2777 1078 2861 ὑπεξουσιά
1116 2774 1210 2862 παρά
1237 2797 1306 2838 oum
1328 2776 1408 2837 filius
1439 2776 1490 2839 vel
1520 2776 1584 2838 filia
1611 2777 1741 2839 familias
1773 2787 1880 2839 eontra
1904 2777 1936 2838 in
1964 2776 2022 2839 hoo
2049 2777 2138 2840 titulo

309 2878 370 2956 τάς
385 2886 418 2945 έν
434 2881 542 2964 τούτῳ
563 2886 610 2964 τῷ
629 2883 728 2964 τίτλιμ
752 2887 901 2965 κειμένας
923 2883 1090 2967 διατάξεις
1106 2884 1209 2947 δανεί-
1237 2884 1352 2965 positus
1374 2883 1607 2946 constitutiones
1629 2892 1768 2946 mutuum
1791 2884 1929 2965 aooipiat

308 2990 406 3069 ζεται.
1051 2991 1162 3064 τίτλος
1177 2991 1209 3054 ε’.
1984 2990 2090 3054 titulus
2107 2994 2136 3052 5.

374 3093 447 3180 περὶ
471 3096 644 3160 πεκουλίου
667 3098 807 3178 ἀγωγῆς.
1048 3096 1159 3171 τίτλος
1174 3097 1209 3177 ζ.
1303 3098 1341 3159 de
1363 3096 1476 3178 peonlii
1499 3097 1626 3160 notione.
1983 3096 2091 3159 titulus
2109 3102 2136 3160 7.

374 3216 396 3319 π
420 3258 553 3337 ἀγωγῆς
577 3267 634 3333 τῆς
657 3210 742 3338 περὶΟ
754 3255 798 3321 τά
817 3257 1001 3340 πράγματα
1017 3265 1078 3320 τοῦ
1093 3255 1209 3320 δεσπό·
1302 3257 1341 3319 de
1363 3256 1483 3319 sotione
1505 3257 1545 3319 de
1566 3257 1657 3319 rebus
1680 3257 1794 3319 domini
1817 3266 1849 3318 et
1870 3258 1966 3337 patris
1981 3267 2074 3331 mota,
2097 3278 2136 3320 ex

308 3385 369 3426 του
383 3361 441 3427 καί
457 3371 518 3426 τοῦ
533 3358 660 3449 πατρὸς
675 3365 865 3445 κινουμένης
880 3365 915 3447 ἐξ
930 3358 1207 3428 ’ὧνσυναλλάσσει
1235 3364 1346 3445 quibus
1370 3363 1523 3426 contrahit
1544 3363 1756 3426 filiusfamilias
1778 3364 1829 3426 vel
1856 3384 1962 3428 servus
1992 3384 2061 3427 oum
2084 3385 2136 3427 ex-

307 3472 325 3532 ό
349 3468 543 3553 ὑπεξούσιος
565 3467 585 3546 ἣ
609 3470 628 3533 ὁ
652 3469 769 3544 δοῦλος
793 3467 876 3554 πρὸς
898 3473 1037 3555 ἑτέρους.
1235 3471 1355 3533 traneis

654 3646 784 3700 ΒΙΒΛΙΟΝ
804 3646 853 3701 ΙΘ’.
1578 3645 1694 3700 LIBER
1710 3645 1791 3701 XIX.

215 3817 220 3828 ·
253 3775 269 3829 '.
373 3732 395 3836 π
429 3772 704 3853 συναλλάγματος
741 3772 893 3856 πράσεως
928 3769 985 3835 καί
1018 3774 1207 3857 ἀγορασίας
1301 3774 1339 3836 de
1369 3781 1528 3836 oontrootu
1559 3772 1743 3835 venditionis
1774 3782 1806 3834 et
1842 3774 2003 3855 emptionis
2035 3783 2066 3835 et
2098 3775 2137 3836 de
2173 3781 2229 3831 tl.

305 3877 362 3943 καλ
394 3877 467 3963 περὶ
506 3880 694 3965 συμφώνων
725 3887 787 3941 τοῦ
822 3899 857 3942 τε
889 3879 1021 3962 πράτου
1057 3877 1115 3943 καί
1146 3888 1208 3943 τοῦ
1233 3880 1332 3961 puetis
1365 3880 1528 3942 venditoris
1559 3889 1591 3941 et
1621 3880 1764 3960 emptoris
1794 3881 1967 3961 eompositis
1995 3888 2026 3941 et
2055 3900 2135 3961 quae

306 3988 503 4070 άγοραστοῦ
540 3985 772 4050 συντεθέντων
808 3984 866 4049 καί
904 3994 985 4050 ποῖα
1023 3986 1207 4070 πράγματα
1233 4007 1281 4049 res
1303 4007 1364 4048 non
1386 3996 1515 4067 possunt
1537 3986 1629 4049 vendi
1651 3996 1682 4048 et
1704 3987 1742 4048 de
1764 3986 1910 4049 eunuchis
1933 3988 2021 4049 etde
2043 3987 2135 4069 patri·

305 4094 345 4156 od
373 4092 533 4156 δύνανται
561 4092 819 4176 πιπράσκεσθαι
845 4090 903 4155 καλ
936 4090 1009 4175 περὶ
1041 4092 1206 4170 εὐνούχων
1233 4093 1291 4156 bus
1314 4093 1392 4155 filios
1415 4092 1627 4155 alienantibus.

304 4198 361 4263 καλ
385 4203 538 4283 πατέρων
561 4195 639 4272 τοὺς
661 4194 751 4272 υίοδς
774 4202 1021 4281 έκποιουμένων.

199 4392 219 4425 ι.
233 4371 266 4426 δ’.
372 4320 394 4424 π
417 4360 638 4444 κληρονομίας
660 4357 680 4437 ἣ
703 4361 836 4440 ἀγωγῆς
858 4358 1057 4443 πραθείσης.
1298 4360 1348 4422 De
1370 4360 1538 4423 hereditate
1559 4360 1610 4423 vel
1633 4361 1752 4422 actione
1773 4360 1908 4422 vendita
2171 4376 2188 4426 t.
2202 4377 2227 4425 4.

203 4553 223 4586 ι.
236 4534 267 4587 ι’.
371 4481 683 4603 πάνατρεπομέυης
704 4520 856 4604 πράσεως
870 4516 927 4583 καί
944 4520 1133 4602 ἀγορασιάς
1147 4518 1204 4583 καὶ
1297 4520 1347 4583 De
1384 4520 1583 4584 resoindenda
1623 4521 1796 4583 venditione
1836 4530 1867 4582 et
1909 4521 2060 4601 emptione
2102 4529 2133 4582 et
2170 4526 2188 4576 t.
2201 4528 2226 4576 ο.

304 4629 383 4692 πότε
420 4627 546 4710 έξεστιν
583 4636 653 4701 τοῖς
691 4626 982 4690 συναλλάσσουσιν
1018 4628 1205 4710 ἀναχωρεῖν
1232 4628 1353 4709 quondo
1376 4627 1447 4691 lieet
1468 4627 1717 4691 contrahentibus
1743 4627 1881 4689 recedere
1908 4627 1948 4689 ab
1970 4626 2131 4707 emptione.
2240 4680 2245 4693 .

303 4730 371 4798 ἀπὸ
394 4744 452 4811 της
475 4734 672 4815 ἀγορασιάς.

198 4918 218 4951 1·
232 4899 266 4963 ς’·
369 4854 392 4958 ιλ
424 4892 580 4957 κινδύνου
615 4891 674 4958 καί
711 4893 871 4980 ὠφελείας
911 4902 972 4956 τοῦ
1008 4892 1204 4979 πραθέντος
1297 4895 1336 4957 de
1356 4895 1491 4977 perieulo
1514 4904 1546 4958 et
1567 4894 1724 4957 eommodo
1746 4892 1889 4957 venditae
1911 4894 1963 4954 rei.
2168 4898 2186 4948 t.
2200 4899 2225 4948 ε.

303 5002 509 5085 πράγματος.

201 5195 222 5229 ι,
236 5177 265 5239 ζ’.
370 5120 544 5224 πδούλων
566 5160 627 5243 ἔξω
655 5164 931 5243 πιπρασκομένων
956 5171 1014 5237 τῆς
1037 5159 1203 5238 πόλεωςὴ
1296 5163 1335 5225 de
1362 5162 1458 5226 servis
1485 5171 1573 5224 extra
1599 5161 1752 5224 eivitatem
1779 5160 1909 5223 venditis
1940 5169 1971 5222 et
1997 5160 2024 5221 si
2046 5117 2132 5222 man·
2168 5175 2186 5225 t.
2202 5174 2225 5224 ’1.

303 5265 361 5332 έάν
384 5266 599 5349 ἀνδράποδον
622 5267 744 5353 πραθῇ
767 5265 817 5330 ἐπὶ
845 5265 913 5351 ὅρῳ
937 5276 999 5330 τοῦ
1025 5267 1203 5351 έλευθερω-
1231 5270 1344 5351 oipium
1369 5277 1481 5332 venest
1507 5268 1564 5332 sub
1593 5268 1798 5331 oondioionem
1826 5266 2059 5330 manumittendi
2081 5267 2130 5330 vel

304 5374 410 5452 θῆναι
434 5373 454 5451 ἢ
476 5373 519 5455 μὴ
539 5374 822 5460 ἐλευθερωθῆναι.
1230 5397 1292 5439 non
1315 5376 1555 5439 manumittendi.

202 5571 222 5604 ι,
236 5551 266 5619 η’.
370 5494 548 5615 πάγωγῆς
575 5534 728 5618 πράσεως
750 5532 807 5598 καλ
835 5516 1023 5619 αγορασίας
1049 5531 1202 5618 καὶπερὶ
1296 5537 1335 5599 de
1357 5536 1475 5599 actione
1498 5534 1679 5598 venditionis
1702 5542 1733 5596 et
1746 5534 1906 5615 emptionis
1929 5541 1961 5595 et
1979 5533 2018 5595 de
2039 5533 2130 5596 rebus
2166 5547 2226 5597 te.

303 5642 510 5725 πραγμάτων
532 5638 775 5723 αλλοτρίωνμὴ
796 5643 1035 5722 ἐκποιουμένων
1049 5638 1201 5725 καὶπερὶ
1230 5644 1336 5706 alienis
1371 5663 1432 5705 non
1468 5641 1635 5704 alienandis
1666 5651 1697 5705 et
1728 5642 1767 5703 de
1801 5641 1897 5703 vetita
1926 5661 2027 5702 rerum
2059 5639 2130 5701 alie

302 5759 361 5825 της
384 5747 605 5830 κεκωλυμένης
633 5748 840 5831 πραγμάτων
862 5747 1059 5824 έκποιήσεως
1082 5745 1102 5824 ἢ
1126 5747 1202 5811 ὑπο-
1229 5752 1352 5813 natione
1382 5749 1432 5812 vel
1464 5749 1635 5831 hypotheoe
1666 5758 1697 5811 et
1731 5748 1769 5810 de
1799 5746 2003 5809 communium
2030 5766 2129 5808 rerum

302 5855 414 5932 θήκης
444 5852 502 5918 καλ
534 5852 606 5938 περὶ
639 5864 698 5931 της
733 5863 800 5916 τῶν
837 5863 959 5916 κοινῶν
995 5854 1202 5938 πραγμάτων
1230 5856 1420 5919 alienatione.

301 5961 508 6038 έκποιήσεως.

363 6075 430 6118 nnn.
449 6075 536 6117 nvn.
1892 6072 1904 6120 1
