4842 7018
837 473 989 541 LIBER
1009 472 1113 541 LVII.
1157 470 1247 538 TIT.
1270 470 1313 538 Π.
1354 465 1356 471 ’
1923 473 1982 537 tat

90 661 130 734 ιγ.
233 652 454 727 Τελευτωντος
477 650 570 736 παρά
586 663 655 727 τοῖς
675 654 838 736 πολεμίοις
854 664 915 718 τοῦ
929 656 1060 739 ὑπεξου
1153 653 1275 716 Mortuo
1304 654 1386 735 apud
1413 653 1514 716 hostes
1536 652 1729 715 filiofamilias
1756 652 1859 727 milite,
1885 653 1986 733 isqui

163 761 237 823 σίου
260 762 483 845 στρατιώτου,
509 763 528 823 ὁ
552 760 631 845 παρ’
657 761 761 825 αὐτοῦ
781 762 922 850 γραφείς
944 763 1061 847 κληρο-
1088 762 1127 823 ab
1151 781 1187 823 eo
1209 771 1255 824 est
1269 760 1424 822 institutus
1442 760 1527 822 heres
1545 760 1587 835 fit,
1610 780 1704 840 eoque
1718 770 1860 833 cessante,
1883 770 1986 821 manet

163 876 260 948 νομεῖ,
278 867 716 949 παραλιπομίνουδὲαύτοῦ,
731 872 814 951 μένει
832 867 925 954 παρά
940 874 987 951 τῷ
999 855 1061 953 πμ
1089 867 1170 949 apud
1197 877 1314 949 patrem
1340 867 1492 948 peculium
1519 877 1550 928 et
1575 867 1722 948 quidquid
1747 867 1867 928 interim
1890 866 1984 928 servis

163 970 201 1037 τὸ
229 973 400 1037 πεκούλιον
426 972 483 1038 καλ
510 972 646 1038 ἅπαντα
672 972 696 1038 ά
723 980 756 1038 ἐν
778 980 826 1057 τῷ
848 973 970 1059 μεταξὺ
993 985 1063 1051 τοῖς
1089 977 1242 1056 quaeritur
1256 975 1305 1037 vel
1320 975 1421 1036 heredi
1436 974 1485 1037 vel
1499 975 1580 1054 patri
1595 974 1770 1055 adquiritur.
1814 973 1850 1036 tr.
1863 975 1911 1034 14.
1929 976 1985 1048 51.

163 1078 293 1155 δούλοις
315 1082 420 1145 αὐτοῦ
449 1083 600 1163 κτώμενοι
626 1080 646 1158 h
674 1086 721 1164 τῷ
748 1083 940 1167 κληρονόμῳ
968 1083 988 1160 ή
1016 1087 1062 1165 τῷ

164 1211 221 1274 πρι
245 1189 511 1272 προςπορίζεταιι
528 1226 569 1235 -
878 1190 914 1253 fr.
932 1193 982 1254 14.
999 1199 1015 1269 ξ
1035 1195 1061 1252 1.

91 1302 129 1354 ι’.
227 1292 301 1358 Ἐάν
324 1293 383 1371 τήν
402 1293 544 1379 γρήσιν1
566 1304 626 1359 τοῦ
645 1295 763 1359 δούλου
783 1298 802 1359 d
822 1282 887 1380 νιηρ
908 1297 1062 1383 ἀπολέσῃ,
1156 1294 1190 1357 si
1211 1294 1431 1357 usumfructum
1450 1295 1528 1357 servi
1550 1305 1637 1375 pater
1650 1295 1791 1369 amiserit,
1813 1293 1899 1356 cuius
1920 1313 1987 1374 pro·

164 1399 293 1475 οὔτινος
320 1400 380 1479 τήν
408 1401 602 1466 δεσποτείαν
628 1406 647 1466 ό
675 1401 744 1477 υίὸς
771 1408 805 1466 ὲν
832 1408 1062 1489 στρατιωτικῷ
1090 1403 1247 1483 prietatem
1269 1402 1349 1463 filius
1363 1402 1395 1463 in
1417 1402 1561 1464 castrensi
1582 1400 1695 1463 haheat
1716 1400 1842 1482 peculio,
1864 1400 1987 1481 plenum

165 1509 322 1590 πεκουλίῳ
332 1512 405 1589 ἔχει,
416 1510 538 1573 τέλειον
546 1508 756 1585 αὐτὸνόυίὸς
765 1521 896 1574 κτᾶται.
911 1511 1063 1598 ίτ.15.ξο4.
1091 1511 1153 1571 eius
1176 1509 1341 1572 dominium
1363 1508 1443 1570 filius
1466 1508 1606 1589 adquirit
1804 1507 1840 1568 h.
1858 1510 1906 1569 15.
1924 1513 1940 1585 ξ
1957 1510 1987 1569 t.

93 1622 130 1676 ι’.
226 1616 273 1680 Ἡ
290 1615 389 1700 προίξ
411 1625 472 1681 τοῦ
494 1619 705 1702 στρατιώτου
728 1619 788 1681 οὔκ
810 1621 880 1681 εστι
901 1640 1063 1702 στρατιω-
1156 1616 1221 1678 Dos
1244 1636 1305 1677 nou
1327 1617 1426 1677 estin
1449 1615 1552 1678 militis
1575 1615 1693 1695 peculio
1708 1615 1860 1689 castrensi,
1883 1635 1987 1698 quam·

165 1721 258 1786 τικὸν
281 1723 460 1804 πεκούλιον,
484 1722 548 1787 κάν
570 1728 597 1787 εἰ
620 1721 664 1787 τά
691 1725 838 1805 μάλιστα
865 1723 925 1801 τήν
947 1724 1063 1808 κληρο-
1091 1724 1137 1785 vis
1163 1722 1267 1784 uxoris
1293 1721 1489 1784 hereditatem
1515 1723 1612 1803 possit
1637 1723 1669 1784 in
1696 1723 1842 1785 castrensi
1868 1722 1987 1804 peculio

164 1832 283 1912 νομίαν
311 1841 368 1906 της
395 1827 550 1911 γυναικὸς
578 1830 718 1894 δύναται
746 1828 990 1916 στρατιωτικὸν
1012 1852 1063 1894 πε·
1091 1830 1209 1892 hebere.
1246 1829 1397 1891 hereditas
1420 1849 1491 1891 vero
1513 1829 1594 1891 illius
1610 1829 1743 1908 adgnati,
1765 1831 1817 1911 qui
1832 1849 1987 1911 nunquam

164 1937 296 2001 κοάλιον
318 1941 410 2015 ἔχειν.
456 1939 475 2013 ή
500 1937 534 2001 δὲ
556 1938 759 2021 κληρονομία
781 1946 842 2001 τοῦ
863 1938 1064 2022 γράψαντος
1092 1958 1160 1998 cum
1197 1956 1233 1998 eo
1269 1936 1443 1998 militaverit
1473 1955 1602 2016 eumque
1637 1937 1811 2011 instituerit,
1849 1957 1909 1999 non
1941 1946 1988 1998 est

165 2041 268 2107 αὐτὸν
300 2052 475 2124 συγγενοῦς
502 2052 563 2107 τοῦ
589 2044 748 2126 μηδέποτε
786 2044 1064 2130 [συ]στρατευσα-
1091 2045 1251 2106 castrensis
1273 2043 1389 2123 peculii
1754 2043 1789 2103 h.
1808 2045 1847 2106 lo
1863 2065 1908 2124 pr.
1925 2049 1941 2120 ξ
1959 2046 1987 2105 1.

164 2154 262 2234 μένου
284 2151 376 2231 αὐτῷ
391 2152 452 2214 οίίκ
469 2155 539 2214 ἐστι
558 2148 802 2237 στρατιωτικὸν
820 2151 1003 2215 πεκούλιονι
1019 2187 1061 2198 -

828 2260 863 2321 h.
882 2263 921 2321 16
937 2280 982 2339 pr.
999 2265 1015 2335 ς
1035 2260 1062 2320 1.

235 2362 316 2428 Οὔτε
339 2365 521 2445 ὲνάγεσθαι
545 2366 621 2428 οὔτε
636 2369 736 2449 χρέος
755 2365 976 2450 καταβάλλειν
996 2362 1062 2427 άπὸ
1156 2365 1263 2446 Neque
1277 2363 1436 2425 defendere
1451 2383 1548 2444 nsque
1562 2363 1677 2427 solvere
1696 2383 1734 2425 ex
1749 2384 1843 2426 causa
1857 2374 1987 2427 castren

166 2483 406 2555 στρατιωτικῆς
429 2473 540 2546 αίτίιις
562 2474 581 2534 ὁ
605 2458 670 2557 affe
694 2474 928 2553 άναγκάζεταιι
945 2508 987 2519 -
1091 2472 1131 2534 sis
1153 2471 1265 2553 peculii
1285 2480 1372 2551 pater
1393 2471 1517 2550 cogitur.
1805 2470 1840 2533 fr.
1858 2472 1908 2533 18.
1925 2477 1941 2549 ἃ
1958 2475 1987 2533 5.

880 2581 915 2641 fr.
934 2582 982 2642 18.
1000 2586 1016 2656 ξ
1034 2582 1063 2640 5.

81 2710 90 2741 ι
114 2689 130 2742 ‘-
229 2685 275 2748 Ἡ
291 2694 353 2749 τοῦ
374 2694 550 2766 συγγενοῦς
573 2687 672 2749 οίισιά
699 2695 760 2750 τοῦ
781 2688 981 2771 γράψαντος
1004 2682 1063 2748 τὸν
1157 2685 1293 2764 Adgnati
1303 2684 1461 2758 hereditas,
1476 2685 1526 2765 qui
1541 2684 1666 2746 militem
1680 2683 1819 2746 heredem
1828 2685 1988 2766 scripserit,

167 2793 378 2877 στρατιώτην
403 2793 610 2875 κληρονόμον
637 2794 698 2856 οὔκ
725 2797 794 2856 ἐστι
822 2789 1064 2876 στρατιωτικὸν
1092 2813 1152 2856 non
1174 2803 1221 2854 est
1241 2791 1353 2873 peculii
1374 2792 1528 2865 catrensis,
1551 2792 1609 2853 nisi
1632 2811 1701 2853 oum
1716 2812 1751 2854 eo
1766 2792 1799 2852 in
1813 2790 1989 2854 commilitio

166 2900 346 2980 πεκούλιον,
362 2904 389 2962 εί
404 2897 446 2980 μή
456 2898 513 2962 καί
524 2901 800 2981 συνεστράτευσεν
810 2897 966 2981 αὐτῷκαὶ
982 2895 1064 2978 μετά
1093 2899 1180 2961 fuerit
1216 2908 1247 2961 et
1287 2909 1357 2980 post
1397 2898 1536 2960 militiam
1576 2907 1790 2960 testamentum
1832 2899 1990 2980 scripserit

165 3002 205 3070 τὸ
222 3007 473 3091 στρατευθήναι
489 3004 549 3083 τήν
565 3006 734 3083 διαθήκην
749 3010 896 3093 ἔγραψεν
909 3007 1064 3087 (fr.l9pr.)
1092 3006 1136 3087 (fr.
1155 3008 1194 3067 19
1209 3006 1267 3088 pr.)
1310 3025 1481 3086 quaerero
1503 3024 1557 3086 per
1578 3025 1710 3079 servum,
1736 3005 1788 3085 qui
1814 3005 1846 3066 in
1872 3005 1990 3086 peculio

165 3116 185 3190 ή
218 3113 252 3176 δὲ
284 3110 340 3176 διά
371 3122 432 3176 τοῦ
463 3117 498 3176 ὲκ
529 3122 590 3177 τοῦ
621 3123 866 3195 στρατιωτικοῦ
892 3113 1065 3177 πεκουλίου
1092 3124 1138 3175 est
1168 3113 1320 3187 castrensi,
1352 3112 1560 3192 undecumque
1595 3112 1733 3191 quaesita
1764 3121 1810 3174 est
1841 3111 1990 3174 hereditas

166 3220 285 3283 δούλου
308 3217 393 3282 ὅθεν
412 3220 532 3297 δήποτε
551 3221 719 3297 κτηθεῐσα
742 3220 945 3306 κληρονομία
963 3242 1064 3305 στρα-
1092 3219 1250 3282 castrensis
1272 3219 1383 3300 peculii
1403 3229 1457 3281 est.
1806 3218 1842 3281 fr.
1860 3222 1910 3281 19.
1927 3225 1943 3295 ξ
1962 3220 1989 3279 1.

166 3325 320 3390 τιωτικὸν
343 3325 514 3390 πεκούλιόν
536 3331 637 3390 totas:
655 3364 696 3373 —
877 3327 912 3388 fr.
934 3331 983 3390 19.
1001 3333 1016 3404 5
1036 3331 1064 3389 1.

237 3431 303 3497 Τὸν
318 3442 379 3497 τοῦ
393 3443 639 3518 στρατιωτικοῦ
653 3434 824 3498 πεκουλίου
847 3433 965 3497 δοῦλον
983 3433 1064 3496 ἐλευ-
1157 3433 1251 3494 Pater
1272 3432 1324 3512 qui
1343 3431 1454 3494 adfecit
1468 3433 1626 3495 castrensis
1645 3431 1756 3512 peculii
1769 3451 1889 3494 servum
1904 3431 1991 3493 liber·

168 3541 270 3620 θερίρι
285 3541 426 3622 τιμήσας
444 3543 463 3603 ὁ
479 3526 544 3625 effla
561 3578 603 3588 -
620 3579 662 3588 -
678 3577 721 3589 —
737 3578 779 3588 -
795 3541 1064 3625 άκληρονόμητος
1093 3550 1154 3602 tate
1169 3574 1210 3585 —
1235 3576 1276 3584 -
1297 3575 1338 3583 —
1359 3575 1399 3583 —
1424 3573 1466 3607 ⁷-
1491 3573 1990 3585 --------

165 3648 407 3731 intepescente
427 3648 539 3725 αὐτοῦ,
561 3650 702 3732 ἔρρωται
727 3653 763 3711 ἐκ
785 3656 846 3711 τοῦ
861 3647 1064 3728 συνθέμενος
1095 3679 1989 3692 --------------

167 3754 376 3838 ήίλευθερία
399 3751 457 3817 ἐάν
479 3753 513 3816 δὲ
536 3755 658 3834 ζῶντος
681 3763 741 3819 τοῦ
764 3756 836 3817 υἱοῦ
854 3754 990 3817 ἐκδικῶν
1005 3750 1066 3816 τὸν
1094 3786 1989 3799 --------------

167 3860 285 3924 δοῦλον
308 3863 326 3923 ὁ
350 3846 415 3944 πηρ
439 3861 646 3947 ἐλευθερώσῃ
674 3893 1989 3909 --------------------

169 4004 670 4016 --------
688 3962 1066 4041 ὲάνάδιάθετοςὸυίὸς
1094 4002 1135 4011 -
1161 4002 1199 4012 -
1226 4002 1266 4012 -
1292 4001 1333 4011 -
1357 4002 1398 4011 -
1423 4002 1464 4011 -
1491 4002 1531 4012 -
1555 4000 1596 4011 -
1621 4001 1662 4012 -
1687 4000 1729 4010 -
1752 4001 1795 4012 -
1819 4001 1860 4010 -
1885 4001 1926 4010 —
1948 3998 1990 4011 -

167 4075 349 4159 τελευτήσῃ.
394 4078 420 4138 εί
436 4075 470 4138 δὲ
492 4073 584 4139 καὶὸ
608 4061 676 4160 ειη-ρ’
695 4074 752 4139 καί
768 4077 787 4139 ὁ
804 4073 872 4149 υίὸς
887 4073 947 4138 τὸν
962 4071 1066 4138 αίιτὸν
1094 4106 1464 4121 ------
1491 4073 1517 4132 si
1539 4072 1699 4135 intestatus
1726 4071 1805 4134 iilius
1832 4056 1993 4134 decesserit

166 4185 200 4244 ἐν
215 4180 399 4256 διαθήκαις
413 4181 720 4266 ἐλευθερώ[σαντες]
735 4180 806 4263 άμα
821 4181 1064 4260 τελευτήσωσιν,
1092 4179 1173 4260 quod
1199 4180 1225 4241 si
1246 4188 1334 4259 pater
1355 4188 1386 4240 et
1407 4178 1488 4240 filius
1515 4179 1643 4241 eundem
1665 4180 1696 4239 in
1718 4179 1906 4241 testamentis
1929 4178 1991 4239 suis

167 4292 203 4350 ἐκ
221 4298 278 4364 τῆς
297 4290 410 4372 ἐτέρας
434 4287 601 4364 διαθήκης
624 4290 758 4373 ἁρμόζει
780 4291 800 4364 ἡ
820 4289 1006 4373 ἐλευθερίας
1023 4324 1064 4334 -
1093 4306 1162 4349 oum
1184 4285 1376 4348 liberaverint
1393 4285 1506 4366 pariter
1520 4285 1709 4359 decesserint,
1732 4306 1771 4346 ex
1785 4285 1880 4347 altero
1902 4294 1991 4346 testa-

883 4396 918 4457 fr.
937 4399 985 4458 19.
1003 4402 1019 4472 ξ
1037 4400 1065 4457 3.
1094 4402 1195 4455 mento
1218 4393 1361 4472 competit
1383 4392 1557 4455 domiuium.
1804 4392 1840 4453 fr.
1858 4393 1907 4453 19.
1925 4396 1941 4467 ξ
1962 4395 1990 4451 3.

232 4499 305 4566 Ἐάν
333 4504 351 4564 ὁ
379 4487 444 4587 emp-p
476 4505 510 4564 ἐν
537 4501 687 4588 διαθήκῃ
714 4501 833 4564 δοῦλον
859 4502 1066 4587 ἐλευθερώσῃ
1160 4498 1193 4561 si
1215 4508 1301 4580 peter
1322 4501 1355 4560 in
1377 4508 1555 4562 testamento
1578 4520 1696 4563 servum
1715 4499 1770 4560 filii
1783 4498 1992 4560 manumiserit

168 4618 228 4673 τοῦ
250 4611 324 4673 υίοῦ
349 4608 406 4672 καί
433 4606 516 4691 μετὰ
543 4617 651 4672 ταῦτα
677 4609 795 4695 γράψῃ
817 4608 1024 4693 κληρονόμον
1047 4610 1066 4670 ὁ
1093 4617 1124 4668 et
1149 4618 1254 4687 postea
1285 4606 1441 4687 scripserit
1465 4607 1545 4668 filius
1576 4615 1693 4687 petrem
1724 4605 1879 4680 heredem,
1910 4604 1993 4667 valet

168 4715 237 4790 υίὸς
259 4714 319 4779 τὸν
342 4701 420 4800 affe,
443 4718 584 4799 ἔρρωται
608 4717 628 4791 ή
650 4715 823 4797 ἐλευθερία
845 4713 902 4778 καλ
925 4714 987 4777 οὐκ
1009 4716 1067 4777 άσ-
1095 4712 1219 4775 libertas
1242 4722 1274 4774 et
1295 4734 1357 4773 non
1379 4712 1560 4786 infirmatur;
1583 4713 1678 4775 veluti
1692 4733 1760 4774 cum
1776 4710 1992 4817 quisvalienum

167 4823 269 4903 θενεῖ,
293 4820 395 4905 ὥςπερ
419 4819 503 4886 ὅταν
525 4844 575 4896 τις
593 4821 770 4906 άλλότριον
785 4820 992 4905 ἐλευθερώσῃ
1010 4818 1066 4883 καί
1093 4820 1233 4901 (servum)
1255 4821 1462 4881 manumiserit
1484 4829 1515 4881 et
1536 4819 1645 4881 deinde
1667 4840 1735 4880 eum
1759 4819 1943 4899 adquisierit

168 4926 307 5011 ὕστερον
334 4924 438 4992 αὐτὸν
460 4928 686 5005 ὲπικτήσηταιε
702 4966 744 4976 -
962 4927 997 4988 fr.
1015 4931 1065 4990 20.
1889 4923 1924 4985 fr.
1942 4927 1992 4986 20.

120 5049 137 5101 '.
233 5033 306 5099 Ἐάν
329 5038 348 5098 ὁ
371 5021 437 5120 acy-p
461 5036 599 5116 ὀνόματι
622 5043 683 5098 τοῦ
705 5035 900 5118 ὑπεξουσιόυ
919 5035 992 5097 υἱοῦ
1007 5042 1068 5096 τοῦ
1161 5032 1194 5095 si
1215 5042 1304 5115 pater
1325 5033 1445 5095 nomine
1467 5032 1529 5107 filii,
1552 5034 1604 5114 qui
1625 5034 1657 5093 in
1679 5033 1744 5093 eius
1766 5041 1992 5112 estpotestate,
2028 5040 2074 5094 tte.
2087 5039 2153 5116 XII.

37 5119 128 5173 Π·
169 5145 378 5227 στρατιώτου
394 5144 548 5228 ἀγοράσῃ]
567 5144 758 5227 πράγματα,
778 5152 836 5217 τῆς
855 5141 971 5215 οὐσίας
986 5138 1068 5203 εἰσίν
1095 5141 1198 5202 militis
1220 5161 1268 5202 res
1290 5141 1402 5215 emerit,
1424 5141 1482 5203 hae
1501 5141 1540 5202 ad
1563 5140 1658 5221 ipsius
1680 5139 1775 5219 patris
1791 5138 1991 5201 substantiam
2013 5111 2076 5166 (Μ’
2092 5116 2109 5164 ¹·
2123 5115 2165 5164 ³⁶'

39 5249 46 5261 '
107 5248 113 5261 '
168 5250 273 5312 αὐτοῦ
287 5259 348 5313 τοῦ
361 5236 437 5333 hp}
454 5247 513 5312 τὸν
529 5249 563 5313 δὲ
578 5245 815 5332 πορευόμενον2
830 5252 873 5321 είς
889 5248 1067 5335 φοσσάτον
1093 5249 1259 5328 pertinent3
1282 5267 1357 5327 quas
1373 5268 1443 5309 vero
1461 5248 1489 5310 ei
1512 5247 1551 5309 ad
1569 5256 1670 5308 castra
1687 5246 1885 5325 proficiscenti
1906 5256 1993 5326 peter

169 5354 263 5441 ὅ[σα]
287 5342 354 5440 affl
375 5356 394 5433 ή
413 5342 477 5441 ἦρ
494 5355 513 5432 i>
534 5365 698 5436 συγγενεῖς
713 5355 732 5432 ή
748 5355 840 5442 φίλοι
856 5354 1067 5437 ἐδωρήσαντο
1094 5353 1142 5416 vel
1157 5363 1254 5415 mater
1268 5353 1317 5415 vel
1332 5355 1452 5434 cognati
1467 5353 1516 5415 vel
1531 5354 1620 5415 amici
1638 5352 1826 5426 donaverint,
1849 5351 1898 5414 vel
1912 5351 1992 5413 filius

169 5462 188 5538 ή
211 5461 281 5536 υίὸς
303 5469 339 5526 ἐκ
360 5472 422 5527 τοῦ
440 5462 630 5547 στρατεύειν
644 5462 818 5541 κτήσηται,
841 5470 950 5524 ταῦτα
968 5459 1067 5524 ίδιόκ-
1094 5481 1131 5522 ex
1149 5460 1257 5522 militia
1272 5460 1455 5541 adquisierit,
1476 5459 1535 5521 hae
1549 5460 1627 5521 fiunt
1641 5460 1780 5540 propriae
1795 5460 1867 5533 eius,
1890 5479 1944 5520 seu
1959 5458 1992 5519 in

169 5593 254 5646 τητα
277 5572 349 5646 ήτοι
374 5567 600 5654 στρατιωτικά
616 5573 677 5632 εἰσι
706 5568 861 5632 πεκούλια
883 5565 987 5650 ώςπερ
1010 5564 1066 5629 καί
1094 5568 1238 5629 castrensi
1259 5565 1386 5647 peculio,
1408 5565 1503 5628 veluti
1526 5567 1617 5627 etiam
1640 5565 1789 5627 hereditas
1807 5585 1918 5638 eorum,
1941 5566 1992 5645 qui

169 5680 188 5754 ή
211 5678 414 5760 κληρονομία
437 5687 504 5739 των
530 5679 779 5758 γινωσκομένων
801 5671 904 5738 αὐτὸν
927 5673 977 5737 ἐπί
1000 5684 1067 5737 τῶν
1094 5695 1163 5737 eum
1178 5674 1210 5735 in
1225 5674 1332 5735 castris
1346 5684 1557 5754 cognoverunt
1599 5671 1992 5753 e.1pr.§1.2.0.X11,3t.

169 5785 338 5868 κάστρων;
355 5822 397 5832 -
610 5805 634 5846 c.
654 5785 669 5843 l
686 5804 731 5863 pr.
748 5790 764 5859 ξ
784 5785 811 5844 1.
828 5786 856 5845 2.
871 5782 906 5845 (λ
921 5782 998 5856 XII,
1015 5783 1066 5843 36.

261 6016 269 6047 ¹
288 6013 356 6070 Cod.
377 6016 422 6084 ἔχῃ
440 6013 515 6068 linea
532 6013 683 6068 inductum.
755 6010 803 6065 ¹1.
821 6013 858 6081 τῷ
875 6029 962 6081 π-ῳ.

232 6112 298 6155 Basss.
323 6114 348 6154 Τ.
358 6113 409 6153 vn.
