4842 7018
376 410 421 480 90
1017 403 1171 473 LIBER
1192 400 1313 471 XLIV.
1358 402 1449 471 ΤΙΤ.
1471 401 1563 470 XIX

298 601 340 658 ιθ.
441 591 515 657 'Eds
530 590 722 673 leycestriae
740 597 784 666 εἰς
802 586 922 675 καιρόν
944 590 1061 671 γάμον,
1084 589 1210 661 εὐθέως
1226 584 1281 650 ὅτε
1375 588 1408 650 81
1435 589 1575 668 legavero
1602 588 1633 648 in
1656 597 1776 668 tempus
1799 587 1982 669 nuptiarum,
2009 587 2112 652 statim
2139 610 2210 652 cum

375 702 519 786 γαμηθῇ
538 701 719 785 πληροῦται
740 701 760 774 η
784 697 919 783 αἵρεσις,
943 701 970 760 εί
988 695 1044 759 καλ
1061 694 1161 777 ’μήπω
1178 696 1280 772 είσηλ-
1308 696 1445 776 nupserit
1471 694 1654 777 adimpletur
1682 694 1826 775 condicio,
1855 697 1994 777 quamvis
2020 697 2154 759 nondum
2177 699 2210 758 in

377 809 442 871 θεν
469 811 513 881 εἰς
541 803 580 870 τδ
608 804 842 891 κουβοόκλειον
870 811 932 868 τοῦ
957 803 1095 886 ἀνδρός·
1124 800 1183 866 τὸν
1212 798 1279 885 γάρ
1307 802 1480 865 cubiculum
1507 803 1564 864 viri
1592 801 1729 886 [mulier]
1758 804 1798 864 sit
1824 803 1973 884 ingressa;
2005 825 2077 865 nam
2108 806 2210 866 matri·

375 916 485 996 γάμον
512 915 552 977 οὐ
579 911 618 977 τδ
643 910 919 994 σνγκαθενδησαι
948 909 1020 974 ἀλλ’
1046 911 1065 986 ip
1094 909 1280 981 mulcente
1308 911 1441 972 monium
1457 930 1518 971 non
1534 909 1714 971 concubitus
1730 908 1783 971 sed
1798 930 1963 973 consensus
1977 911 2060 974 facit
2104 910 2140 973 fr.
2159 914 2210 973 15.

376 1018 489 1085 ποιεῖ.1
1176 1016 1280 1077 fr.15.

299 1137 339 1193 ιε’.
449 1126 500 1191 Tol
526 1129 584 1209 μὲν
611 1126 740 1209 ἔξωθεν
772 1136 829 1201 τῆς
861 1123 1030 1201 διαθήκης
1062 1123 1281 1210 ἀναφυόμενα
1373 1124 1463 1202 Quae
1494 1133 1582 1187 extra
1613 1131 1827 1186 testamentum
1860 1124 2031 1199 incurrunt,
2059 1145 2098 1187 ex
2129 1125 2211 1187 bono

227 1244 274 1313 sol.
288 1248 339 1298 ον’.
377 1231 461 1317 πρὸς
484 1231 523 1297 τδ
546 1230 651 1297 καλὸν
673 1231 731 1296 καλ
754 1230 793 1296 τδ
818 1231 949 1295 δίκαιόν
971 1235 1062 1294 ἐστιν
1084 1228 1279 1311 ἑρμηνεύειν·
1306 1240 1338 1293 et
1373 1251 1471 1312 aequo
1506 1230 1642 1311 intellegi
1668 1239 1800 1312 oportet;
1832 1250 1911 1312 quse
1943 1252 2016 1294 vero
2048 1253 2087 1294 ex
2119 1242 2212 1296 testa·

376 1339 421 1404 τά
444 1341 478 1404 δὲ
501 1345 537 1403 έκ
559 1352 617 1418 της
640 1339 809 1416 διαθήκης
832 1336 915 1421 πρὸς
937 1337 997 1415 τὴν
1022 1336 1196 1420 ἀκρίβειαν
1220 1345 1281 1400 τοῦ
1307 1349 1415 1413 mento,
1439 1340 1527 1400 iuxta
1548 1337 1747 1419 suptilitatem
1770 1339 1851 1400 iuris.
2105 1339 2141 1401 fr.
2160 1343 2211 1402 16.

375 1449 492 1530 νόμουι
508 1483 551 1494 -
1175 1443 1210 1505 ir.
1229 1446 1278 1505 16,

440 1552 579 1618 Ἐἀνκαλ
591 1556 683 1617 είπω·
693 1551 837 1634 „dom
847 1548 907 1615 τόν
916 1551 1075 1633 μάγειρον
1090 1549 1278 1631 ληγατεόωέί
1373 1552 1456 1614 Etsi
1471 1552 1586 1614 dixero:
1610 1550 1778 1626 „Thomam
1794 1573 1923 1633 coquum
1940 1552 2027 1633 lego“
2043 1565 2074 1616 et
2088 1574 2148 1615 non
2164 1565 2213 1617 eet

374 1660 431 1724 καλ
448 1662 509 1724 οόκ
523 1665 594 1724 ἐστι
609 1660 766 1745 μάγειρος
781 1661 800 1722 ό
817 1657 947 1741 Θωμᾶς,
966 1661 1110 1743 έρρωται
1125 1654 1165 1720 τδ
1181 1655 1279 1736 ληγά-
1306 1681 1420 1740 coquus
1436 1658 1578 1733 Thomas,
1601 1658 1685 1722 velet
1702 1658 1844 1739 legatum,
1867 1660 1962 1722 veluti
1979 1670 2010 1723 et
2028 1663 2054 1723 si
2069 1681 2212 1724 erravero

375 1790 444 1849 τον,
473 1765 576 1851 ὥςπερ
604 1765 660 1830 καί
689 1770 716 1829 cl
744 1766 916 1846 πλανῶμαι
945 1768 989 1838 εἰς
1016 1760 1056 1827 τδ
1084 1765 1192 1845 ὄνομα
1219 1770 1280 1825 τοῦ
1305 1768 1337 1827 in
1364 1768 1484 1828 nomine
1510 1764 1661 1844 legatarii:
1693 1767 1802 1828 modus
1829 1777 1932 1830 autem
1959 1777 2018 1841 est,
2045 1788 2115 1829 cum
2142 1767 2212 1848 lego

374 1874 593 1957 ληγαταρίοα·
616 1875 742 1956 τρόπος
769 1872 803 1935 δέ
826 1877 917 1935 ἐστιν
939 1869 995 1934 ὅτε
1021 1869 1190 1952 ληματεόω
1214 1868 1278 1932 τινὶ
1306 1872 1399 1934 alicui
1425 1882 1461 1934 ut
1486 1872 1581 1934 faciat
1607 1871 1736 1952 aliquid;
1763 1873 1868 1948 veluti,
1896 1884 1931 1936 ut
1958 1911 2000 1921 —
2028 1910 2071 1920 -—
2100 1910 2141 1920 —
2167 1910 2210 1920 -

375 1979 427 2044 έπλ
448 1985 496 2062 τῷ
519 1982 659 2057 ποιῆσαί
679 2004 721 2061 τι,
746 1975 819 2043 οἷον
841 1978 897 2043 ἵνα
916 1979 1021 2057 εὐωχη
1040 2015 1082 2024 -
1106 2014 1149 2024 -
1174 1978 1193 2053 ίη
1215 1999 1278 2039 τινι
1305 1979 1355 2042 vel
1378 1979 1427 2041 cui
1448 1988 1567 2060 partem
1590 1999 1701 2054 eorum,
1725 2000 1803 2059 quae
1826 1982 1949 2062 accepit
1974 1981 2033 2043 det

374 2090 473 2170 μέρος
495 2083 542 2150 ὧν
564 2088 660 2173 έλαβε
683 2087 847 2173 δώσῃε-
1048 2084 1084 2146 fr.
1103 2087 1232 2160 1192.
1249 2088 1278 2145 4.
1979 2088 2015 2150 fr.
2033 2090 2082 2151 17.
2100 2094 2117 2164 δ
2135 2091 2164 2149 2.
2181 2092 2211 2149 4.

298 2204 339 2267 ις’.
439 2193 576 2268 Ἐκεῖνος
598 2193 758 2279 λαμβάνει
782 2191 843 2270 τὴν
869 2188 1050 2274 μουκιανην
1078 2189 1277 2277 ἀσφάλειαν,
1372 2192 1431 2254 Ille
1453 2193 1564 2273 accipit
1585 2195 1757 2256 mucianam
1779 2194 1959 2279 cautionem,
1982 2195 2031 2257 cui
2054 2194 2212 2256 deficiente

375 2305 419 2374 είς
442 2298 481 2363 δν
504 2301 690 2377 ἀτονούσης
708 2310 766 2376 τῆς
785 2302 940 2382 αἱρέσεως
957 2297 1060 2381 μέλλει
1077 2293 1117 2360 τδ
1132 2296 1278 2377 ληγάτον
1306 2299 1480 2361 condicione
1507 2301 1571 2361 iure
1598 2300 1681 2364 civili
1708 2300 1842 2381 legatum
1870 2300 1920 2363 vel
1946 2301 2097 2363 hereditas
2128 2322 2211 2363 com·

375 2406 395 2484 ἢ
408 2410 428 2485 η
442 2407 647 2492 κληρονομία
661 2406 836 2480 πολιτικῶς
851 2405 1100 2488 ἀρμόττεσθαιι
1111 2440 1153 2451 -
1180 2404 1215 2465 fr.
1229 2405 1277 2464 18.
1305 2407 1437 2486 petitura
1460 2416 1539 2469 sunt
2106 2406 2141 2468 fr.
2162 2409 2211 2468 18.

288 2525 339 2579 ιθΙ.
448 2511 494 2577 To
527 2518 640 2578 εἰπεῖν·
672 2511 735 2577 έάν
767 2516 907 2596 πέτρος
942 2515 1102 2593 γένηται
1140 2510 1278 2592 κληρο·
1372 2513 1406 2575 81
1428 2512 1496 2593 quis
1519 2514 1615 2576 dicat:
1643 2514 1695 2589 „Si
1718 2515 1828 2577 Petrus
1851 2514 1937 2577 heres
1959 2535 2046 2576 meus
2068 2514 2130 2589 fiet,
2160 2513 2212 2575 det

375 2622 506 2703 νόμος,
531 2621 632 2684 δότω
656 2620 762 2701 δέκα,
787 2621 848 2684 οὔκ
870 2624 960 2683 ἐστιν
975 2617 1101 2703 αἵρεσις
1120 2615 1207 2681 ἀλλά
1226 2616 1278 2692 δή·
1306 2620 1435 2694 decem“‚
1458 2640 1520 2681 non
1543 2630 1590 2683 est
1612 2622 1747 2683 condicio
1770 2622 1822 2684 sed
1846 2622 2070 2685 demonstratio.

375 2728 547 2802 εσσις-
1094 2726 1278 2800 urcei
2025 2728 2211 2804 fr.19.§1.

447 2835 531 2898 Τότε
546 2834 597 2898 δεῖ
609 2834 768 2915 δοθῆναι,
784 2839 811 2898 sl
826 2832 869 2915 μὴ
886 2836 905 2897 ό
920 2833 1119 2914 διαθέμενος
1135 2833 1178 2904 ὡς
1194 2827 1279 2911 αίρε-
1372 2834 1459 2896 lunc
1486 2834 1552 2895 dari
1576 2834 1677 2909 debet,
1706 2836 1764 2896 nisi
1787 2844 1912 2898 testator
1938 2837 1969 2897 in
1993 2834 2117 2896 modum
2140 2854 2211 2896 con·

376 2962 431 3003 ces
457 2940 562 3018 αὐτὴν
594 2944 751 3027 ἔγραψεν.
797 2941 919 3022 ὁμοίιος
946 2941 1008 3004 clix
1035 2943 1126 3003 ἐστιν
1153 2934 1279 3023 αἵρεσις
1307 2941 1432 3003 dicionis
1454 2941 1486 3002 id
1509 2941 1636 3022 scripsit
1682 2941 1760 3003 Item
1783 2962 1845 3004 non
1867 2952 1913 3004 eet
1935 2942 2071 3005 condicio
2094 2942 2119 3003 si
2141 2943 2212 3023 quis

375 3044 416 3111 τδ
440 3053 551 3112 εἰπεῖν·
579 3044 667 3128 „doc
688 3048 933 3131 κεχρεόστηται
960 3051 995 3110 έν
1018 3048 1126 3133 έφέσῳ
1149 3042 1278 3128 λαβέτω
1307 3048 1390 3110 dicat
1415 3047 1580 3129 „quidquid
1608 3047 1722 3129 Ephesi
1749 3048 1878 3111 debetur
1907 3048 2023 3111 Paulus
2051 3049 2211 3130 accipiat‘.

375 3155 530 3228 nauloc‘t
569 3158 596 3217 εί
619 3155 654 3219 δέ
676 3154 867 3235 ληγατεύσω
887 3174 951 3232 σοι,
979 3151 1046 3216 έάν
1068 3151 1115 3235 μὴ
1138 3151 1279 3233 κληρο·
1306 3155 1387 3235 quod
1418 3156 1444 3216 si
1476 3155 1532 3218 tibi
1562 3154 1704 3236 legavero
1741 3156 1817 3230 „nisi
1853 3155 1938 3218 heres
1969 3155 2079 3218 Petrus
2110 3155 2212 3218 iactus

375 3261 526 3347 κομήση
558 3264 714 3343 πέτρος,
753 3260 1038 3346 κληρονομοῦντος
1070 3261 1200 3339 πέτρον,
1239 3257 1279 3319 οὐ
1306 3261 1421 3336 fuerit‘,
1445 3262 1615 3343 Petrusque
1637 3261 1725 3324 heres
1748 3262 1815 3337 fiat,
1838 3283 1899 3324 non
1917 3262 2045 3324 debetur
2067 3263 2210 3342 legatum.

375 3368 620 3451 κεχραόστηται
644 3364 684 3431 τό
707 3368 866 3449 ληγάτονε
883 3404 925 3413 -
1095 3366 1130 3426 fr.
1148 3367 1197 3427 19.
1215 3370 1231 3441 5
1251 3367 1278 3425 1.
2138 3370 2211 3431 ibid.

440 3471 515 3537 Ἐὰν
537 3473 762 3558 ἀπελεύθερος
776 3473 961 3559 ληγατεόση
978 3468 1041 3535 ὑπό
1061 3470 1189 3555 αἵρεσιν
1204 3468 1278 3547 τὴν·
1373 3476 1406 3538 81
1428 3475 1555 3537 libertus
1578 3474 1726 3556 legaverit
1747 3475 1805 3538 sub
1827 3495 1894 3537 eam
1917 3476 2139 3539 condicionem:
2168 3478 2211 3550 „si

376 3580 442 3645 έάν
474 3583 492 3644 ό
526 3582 685 3666 πάτρων
716 3582 840 3645 αὐτοῦ
865 3579 913 3663 μὴ
945 3583 1105 3660 γένηται
1138 3578 1279 3660 κληρο-
1306 3592 1452 3664 patronus
1474 3583 1539 3644 eius
1560 3602 1622 3644 non
1644 3582 1699 3644 liat
1721 3582 1833 3658 heres“,
1860 3583 2094 3667 patronus[que]
2118 3583 2211 3646 bono·

375 3689 505 3769 νόμος,
521 3686 604 3770 [xci]
613 3688 751 3765 κινήσας
766 3685 827 3765 τὴν
840 3688 1034 3751 ἐναντίωσιν
1043 3697 1101 3762 της
1111 3685 1279 3760 διαθήκης
1306 3710 1374 3750 rum
1405 3690 1625 3770 possessionem
1658 3699 1766 3751 contra
1798 3690 1920 3752 tabulas
1953 3701 2060 3772 petens
2091 3700 2210 3772 partem

376 3797 395 3858 d
423 3796 561 3879 πάτρων
587 3795 675 3881 λοίβη
702 3790 742 3857 τδ
771 3798 870 3879 μέρος
902 3794 1024 3871 αὐτοῦ,
1051 3795 1070 3856 ό
1098 3792 1279 3874 σογκληρο·
1307 3816 1393 3857 suam
1418 3797 1592 3876 optinuerit,
1614 3795 1736 3859 coheres
1759 3797 1824 3859 eius
1845 3796 1981 3878 legatum
2004 3818 2066 3859 non
2088 3798 2151 3860 dat.

375 3902 475 3983 νόμος
490 3898 649 3965 αὐτοῦτὸ
666 3901 812 3984 λημοίτον
827 3901 868 3964 od
883 3899 1031 3964 δίδωσινε
1048 3935 1090 3946 -
1127 3899 1279 3975 fr.19.§2.
2027 3905 2064 3966 fr.
2081 3907 2132 3967 19.
2149 3912 2166 3982 ς
2184 3910 2210 3968 2.

332 4057 339 4075 .
441 4006 515 4072 ’Ede
537 4007 729 4090 ληγατεύσω
752 4011 793 4094 τῇ
816 4007 951 4088 γυναικί
973 4028 1039 4088 μου
1062 4002 1126 4069 ὑπδ
1149 4002 1278 4089 αἵρεσιν
1372 4010 1407 4072 81
1432 4008 1572 4090 legavero
1600 4010 1688 4071 uxori
1715 4030 1800 4072 meae
1823 4011 1880 4073 sub
1907 4013 2094 4075 condicione:
2123 4034 2210 4087 „cum

377 4112 450 4192 τὴν·
474 4115 685 4191 ότεδηποτε
705 4116 820 4192 σχοίη
842 4113 984 4187 παῖδας
1002 4111 1060 4176 καλ
1076 4111 1279 4177 διαλυθεῖσα
1306 4116 1419 4178 habeat
1448 4115 1549 4177 filios“
1580 4125 1611 4178 et
1641 4116 1795 4179 divertens
1827 4138 1846 4179 a
1877 4140 1926 4181 me
1957 4120 2044 4182 alteri
2075 4121 2211 4201 nupserit

376 4223 411 4305 ἐξ
433 4227 512 4305 ἐμοῦ
533 4222 675 4308 γαμηθῇ
698 4221 787 4303 ἀλλην
803 4219 860 4285 καί
876 4221 1022 4305 τεκνώσῃ
1038 4219 1073 4302 ἐξ
1088 4220 1193 4283 αὐτοῦ
1207 4214 1279 4282 εἶτα
1305 4223 1517 4304 pepereritque
1531 4243 1570 4284 ex
1585 4243 1629 4298 eo,
1652 4224 1762 4285 deiude
1776 4224 1816 4287 ad
1831 4245 1880 4286 me
1894 4225 1986 4287 fuerit
2003 4247 2132 4301 reversa,
2151 4247 2210 4288 non

377 4330 460 4415 πρός
485 4351 524 4411 με
554 4329 765 4414 ὑποστρέψῃ,
798 4329 838 4423 od
868 4325 1029 4412 λαμβάνει
1057 4323 1096 4389 τδ
1124 4324 1278 4407 ληγάτον,
1307 4330 1416 4410 accipit
1438 4330 1585 4409 legatum
1608 4351 1670 4392 non
1692 4332 1774 4393 enim
1796 4331 1900 4393 videor
1923 4331 1962 4393 de
1985 4333 2036 4407 iis,
2064 4354 2142 4413 quos
2164 4353 2210 4393 me

376 4433 483 4513 ἐπειδὴ
506 4434 548 4517 μὴ
573 4435 661 4499 δοκῶ
677 4433 749 4520 περὶ
773 4445 840 4498 τῶν
858 4439 891 4498 έν
914 4435 979 4521 ζωῇ
1001 4455 1065 4515 μον
1080 4435 1280 4514 τικτομένων
1306 4436 1377 4499 vivo
1399 4438 1548 4518 pepererit
1569 4457 1607 4498 ex
1630 4437 1700 4510 alio,
1722 4437 1829 4500 dicere.
2108 4440 2145 4501 fr.
2162 4442 2210 4501 25.

376 4543 411 4625 ἐξ
433 4542 537 4606 ἄλλον
559 4543 673 4623 λέγειν
690 4579 733 4589 -
1176 4541 1212 4601 fr.
1229 4542 1279 4600 25.

323 4661 339 4715 '.
449 4647 495 4714 Τὸ
519 4655 629 4713 είπεῖν·
659 4652 690 4712 εἰ
717 4647 920 4712 ἀποδώσοι
949 4644 1040 4721 τοὺς
1066 4641 1280 4728 λογισμοὺς
1374 4651 1408 4714 81
1439 4651 1506 4731 quis
1537 4650 1631 4713 dicct:
1663 4650 1715 4726 „si
1747 4652 1879 4715 rationes
1910 4652 2099 4728 mddderit“‚
2137 4652 2211 4714 nihil

377 4755 472 4820 οὐδὲν
494 4757 607 4841 έτερόν
629 4760 719 4819 ἐστιν
746 4754 766 4833 δ
789 4758 887 4818 εἰπεῖν
914 4754 1099 4818 ἀποδοῦναι
1127 4752 1188 4827 τὰς
1215 4752 1280 4816 λοι·
1308 4758 1392 4819 aliud
1415 4768 1462 4819 est
1483 4779 1576 4838 quam
1598 4759 1624 4819 si
1641 4758 1753 4821 dixerit
1770 4760 1893 4823 reddere
1911 4760 2037 4841 reliqua
2084 4760 2117 4822 81
2141 4781 2210 4824 vero

377 4863 495 4938 ποίδας.
535 4862 593 4927 edo
614 4866 725 4945 μέντοι
749 4863 768 4924 ό
792 4859 855 4927 ὑπὸ
878 4860 1038 4939 τοιαύτην
1053 4860 1181 4944 αἵρεσιν
1200 4860 1280 4923 elev-
1308 4865 1376 4945 quis
1399 4864 1456 4926 sub
1479 4864 1627 4926 eiusmodi
1650 4865 1825 4930 condicione
1839 4869 2042 4931 manumissus
2058 4870 2124 4931 sine
2141 4867 2210 4930 dolo

378 4968 549 5052 θερωθεὶς
573 4968 680 5054 χωρὶς
707 4969 807 5033 δόλον
833 4966 890 5032 καλ
914 4968 1064 5049 ἀμελείας
1091 4970 1197 5032 αὐτοῦ
1223 4966 1279 5031 καὶ
1308 4970 1357 5034 vel
1375 4971 1475 5053 culpa,
1498 4992 1567 5033 cum
1582 4981 1614 5033 et
1627 4972 1767 5035 dominus
1782 4974 1814 5035 in
1830 4974 1949 5037 calculo
1965 4986 2090 5049 erraret,
2112 4977 2210 5036 minus

376 5085 438 5140 τοῦ
452 5076 616 5141 δεσπότου
631 5075 704 5162 περὶ
719 5074 781 5153 την
795 5086 917 5162 ψῆφον
932 5076 1164 5151 πλανηθέντος
1179 5069 1281 5150 ίηττον
1308 5078 1410 5140 debito
1433 5077 1566 5153 solverit
1590 5078 1668 5141 liber
1689 5079 1730 5140 fit
2108 5082 2144 5144 fr.
2161 5084 2209 5144 32.

376 5193 444 5246 τῶν
457 5186 751 5268 κεχρεωστημένων
760 5180 967 5267 καταβολλλη,
977 5181 1226 5265 έλενθεροῦταιε
1237 5217 1278 5228 -

1176 5289 1211 5351 fr.
1229 5294 1279 5352 32.

323 5409 340 5465 ¹.
441 5395 620 5479 Ὀνομαστί
640 5401 711 5460 έστι
733 5396 934 5477 ληγατεῦσαι
957 5394 996 5460 τδ
1024 5400 1217 5483 ὲκφωνησαι
1240 5394 1279 5459 τὸ
1374 5398 1563 5460 Nominatim
1591 5399 1691 5479 legare
1717 5410 1765 5463 est
1791 5402 1947 5482 proprium
1970 5425 2080 5467 nomen
2106 5407 2209 5467 dicere

375 5503 493 5587 κόριον
516 5501 631 5586 όνομα.
669 5506 713 5578 ὡς
729 5502 778 5568 έπλ
795 5500 835 5567 τό
851 5503 1005 5567 πλεῖστον
1021 5503 1056 5567 δέ
1070 5501 1129 5566 καλ
1143 5505 1163 5580 ἡ
1180 5503 1280 5580 δήλω·
1308 5505 1485 5586 plerumque
1522 5526 1595 5568 vero
1626 5506 1843 5570 demonstratio
1879 5512 2011 5593 corporis
2044 5522 2076 5574 et
2106 5533 2210 5593 cogna-

376 5633 428 5685 σις
459 5619 521 5674 τοῦ
552 5613 707 5693 σώματος
737 5609 794 5674 καλ
822 5621 881 5688 τῆς
914 5612 1102 5692 ονμμενείας
1132 5609 1189 5673 καλ
1222 5620 1280 5687 τῆς
1308 5614 1398 5674 tionis
1429 5623 1461 5674 et
1492 5613 1657 5676 adflnitatis
1689 5624 1719 5677 et
1750 5616 1867 5678 artificii
1904 5638 1960 5698 pro
1989 5620 2111 5681 nomine
2138 5620 2209 5681 acci·

376 5718 570 5799 ἀγχιστείας
592 5714 650 5781 καλ
673 5727 731 5793 τῆς
754 5721 870 5795 τέχνης
893 5716 969 5781 ἀντὶ
988 5718 1156 5799 ὀνόματος
1174 5738 1296 5801 παρα·1
1308 5720 1392 5801 pitur
1428 5730 1459 5781 et
1489 5740 1550 5781 non
1581 5720 1802 5801 distinguimus,
1834 5732 1938 5786 utrum
1971 5726 2051 5789 falsa
2089 5723 2207 5812 [necne]

449 5950 458 5981 ¹
476 5947 561 6003 hobel
579 5948 659 6019 Sym
676 5948 737 6003 eod.
757 5948 895 6017 εἰσῆλθον.
1294 5946 1300 6029 l
