4842 7018
828 472 983 543 LIBER
1003 474 1144 544 XXXV.
1188 474 1279 544 TIT.
1301 474 1361 542 XI.
1383 474 1461 542 ΧΠ.
2017 479 2060 543 55

290 655 442 742 Μερικήν
473 658 613 745 γράψας
644 656 705 736 τήν
736 661 879 740 γυναῖκά
915 682 980 744 μου
1010 663 1127 748 κληρο·
1221 659 1282 722 Ρτο
1309 669 1398 741 parte
1421 659 1534 740 scripta
1555 658 1665 721 herede
1687 680 1782 722 uxore
1803 681 1883 736 mea,
1910 661 2061 743 pluribus·

223 767 326 847 νόμον
352 764 410 829 καί
436 763 544 830 πολλὰ
571 764 777 847 ληγατεύσας
804 768 903 854 αὐτῇ,
936 773 970 832 ἐν
998 766 1048 843 οἷς
1069 769 1127 833 καλ
1155 788 1214 849 que
1237 769 1265 830 ei
1286 767 1403 848 legatis,
1427 768 1458 829 in
1480 767 1590 848 quibus
1612 775 1643 829 et
1666 766 1744 840 dote,
1772 770 1879 847 rogavi
1901 789 2060 831 eumcum

223 869 284 947 τήν
307 881 440 956 προῖκα,
463 873 591 955 ήξίωσα
614 871 719 950 αὐτήν
734 874 940 939 τελευτῶσαν
955 878 1127 941 ἀποκατα·
1155 885 1320 937 moreretur
1341 875 1499 936 restituere
1521 874 1623 936 omnia
1644 873 1706 935 filio
1730 895 1804 936 meo.
1841 875 1897 936 dos
1912 895 1974 937 non
1991 895 2061 937 con·

224 990 345 1056 στῆσαι
374 980 486 1043 πάντα
513 984 560 1062 τῷ
588 982 647 1062 υίῷ
674 1002 751 1062 μου·
784 982 804 1057 ή
832 981 931 1065 προίξ
959 983 999 1047 ού
1026 987 1128 1068 περιέ·
1155 983 1267 1043 tinetur
1292 981 1537 1055 fideicommisso,
1564 981 1623 1042 nisi
1650 981 1797 1061 probatur
1822 991 1854 1045 et
1884 982 1922 1044 ds
1948 1002 1986 1044 sa
2012 1003 2061 1045 me

219 1108 316 1164 χεται
344 1091 392 1169 τῷ
419 1086 693 1174 φιδεικομμίσσιμ,
722 1092 749 1151 ελ
774 1087 818 1170 μή
848 1088 971 1176 δειχδῇ
998 1093 1042 1165 ὡς
1069 1090 1127 1156 καὶ
1155 1090 1304 1168 cogitasse
1335 1098 1367 1151 et
1392 1098 1473 1164 tunc,
1505 1108 1575 1150 cum
1602 1108 1663 1149 non
1690 1089 1790 1151 minus
1820 1088 1891 1150 dote
1920 1089 2061 1152 habuerit
2094 1157 2102 1166 ,

223 1192 296 1278 περὶ
328 1195 431 1270 αὐτῆς
462 1195 680 1276 ἐνεθυμήθην
715 1193 773 1259 καί
804 1196 881 1260 τότε
918 1197 953 1261 δέ
989 1194 1045 1261 δτι
1083 1197 1127 1278 μὴ
1154 1207 1278 1277 prepter
1299 1204 1448 1259 retentam
1471 1195 1634 1258 falcidiam.
1852 1195 1888 1259 fr.
1905 1198 1956 1259 80.
1974 1202 1990 1274 fi
2010 1199 2059 1259 14.

222 1300 362 1364 ἐλαττον
389 1301 492 1378 αὐτῆς
519 1304 594 1379 έσχε
622 1297 679 1365 διά
710 1311 772 1366 τοῦ
798 1306 1127 1388 παρακρατηθέντος

223 1407 411 1494 φαλκιδίον.
920 1411 956 1474 fr.
973 1415 1024 1475 80.
1041 1420 1057 1491 ἓ
1077 1416 1126 1476 14.
2035 1492 2043 1508 ι

289 1514 464 1599 Ἀξιωδείς
491 1534 541 1589 τις
567 1517 853 1593 ἀποκαταστῆσαι(
881 1538 937 1600 μοι
969 1519 1127 1603 κληρονο-
1221 1516 1360 1597 Rogatres
1383 1518 1450 1598 quis
1472 1516 1631 1580 restituere
1652 1516 1727 1577 mihi
1752 1516 1964 1592 hereditatem,
1991 1538 2060 1581 eum

222 1623 315 1704 μίαν,
345 1619 400 1686 ὅτε
422 1626 565 1705 γένωμαι
589 1626 692 1686 εἴκοσι
716 1628 888 1706 ἐνιαυτῶν,
917 1623 1042 1711 ἀγρούς
1065 1632 1126 1692 ένε-
1154 1644 1319 1706 pervenero
1351 1624 1390 1686 ad
1422 1624 1530 1705 viginti
1561 1644 1665 1697 annos,
1697 1623 1807 1687 fundos
1834 1624 1983 1705 obligatos
2011 1624 2060 1687 de

220 1730 465 1812 χυρασθέντας
483 1733 531 1811 τῷ
554 1730 785 1807 τελευτήσαντι
809 1735 954 1817 πέπρακε
976 1734 1033 1798 καὶ
1053 1734 1126 1821 περί
1154 1731 1259 1794 functo
1282 1731 1419 1795 vendidit
1440 1740 1471 1793 et
1493 1731 1531 1793 de
1553 1730 1589 1793 iit
1617 1751 1636 1791 a
1659 1730 1795 1793 debitore
1820 1741 1988 1795 conventus
2011 1731 2060 1794 de

222 1834 345 1900 τούτου
362 1834 520 1913 ἀναχθείς
538 1832 632 1920 παρα
654 1845 716 1900 τοῦ
727 1840 1125 1922 χρεώστουέτελεύτησεν.
1155 1840 1254 1900 cessit
1299 1838 1387 1901 heres
1415 1835 1493 1913 eius,
1520 1837 1671 1919 pendente
1698 1838 1816 1913 iudicio,
1843 1839 2060 1920 pigneraticiae

221 1943 427 2028 κληρονόμος
454 1943 572 2023 αὐτοῦ,
605 1947 788 2026 ἠρτημένου
814 1955 877 2010 τοῦ
908 1946 1127 2034 δικαστηρίου
1154 1945 1269 2007 scilicet
1283 1946 1419 2019 actionis,
1446 1945 1587 2008 restituit
1632 1944 1840 2007 Nihilominus
1867 1946 1905 2008 lis
1932 1946 1972 2008 ad
1999 1947 2060 2008 exi·

222 2060 280 2126 τῆς
303 2052 467 2135 περὶτῶν
494 2049 656 2132 ἐνεχύρων
679 2053 824 2132 ἀγωγῆς,
852 2055 1125 2134 ἀποκατέστησεν,
1154 2062 1219 2115 tum
1250 2053 1425 2135 perducitur
1451 2062 1483 2115 et
1513 2060 1584 2133 post
1618 2052 1840 2115 restitutionem
1873 2062 1992 2116 tenetur
2023 2055 2058 2115 et

222 2157 317 2221 οὐδὲν
342 2151 445 2233 ήττον
472 2154 516 2221 τά
543 2168 601 2233 τῆς
628 2157 719 2235 δίκης
742 2159 935 2225 ἐπιτελεῖται
958 2162 1016 2226 καλ
1042 2161 1126 2246 μετὰ
1153 2170 1274 2241 peteret
1300 2168 1403 2222 autem
1432 2169 1524 2222 antea
1550 2158 1599 2222 vel
1625 2179 1680 2240 per
1706 2161 1902 2224 retentionem
1929 2160 1980 2223 vel
2005 2181 2060 2242 per

222 2261 283 2341 τήν
318 2264 601 2328 ἀποκατάστασιν
631 2264 789 2330 ἐπίκειται
826 2269 926 2349 αὐτῷ.
980 2269 1125 2347 ήδύνατο
1154 2269 1323 2329 cautionem
1346 2268 1404 2330 sibi
1425 2266 1594 2348 previdere.
1852 2267 1887 2331 fr.
1905 2269 1956 2330 80.
1973 2273 1989 2345 fi
2009 2271 2058 2330 15.

223 2371 257 2434 δέ
289 2369 354 2456 πρὸ
383 2370 506 2435 τούτου
533 2370 553 2448 t>
581 2369 638 2435 διά
668 2378 996 2456 παρακατασχέσεως
1028 2376 1048 2455 ἐ)
1080 2378 1123 2442 δι’

222 2479 411 2566 ἀσφαλείας
433 2479 538 2542 αὐτοῦ
560 2490 756 2564 προνοῆσαι.
920 2483 955 2545 fr.
973 2487 1023 2546 80.
1040 2492 1056 2563 ᾖ
1076 2490 1125 2550 15.

289 2584 358 2649 Καὶ
373 2583 457 2668 μετὰ
472 2583 533 2663 τήν
548 2588 830 2651 ἀποκατάστασιν
847 2589 958 2664 καλῶς
974 2593 993 2654 ό
1007 2592 1126 2677 κληρο-
1221 2588 1264 2650 Et
1294 2597 1365 2668 poet
1392 2588 1613 2650 restitutionem
1645 2595 1726 2649 mete
1757 2587 1844 2650 heres
1872 2588 1910 2650 de
1936 2588 2058 2670 reliquis

221 2694 322 2774 νόμος
341 2691 392 2756 ἐπὶ
413 2701 483 2767 τοῖς
503 2692 704 2757 ἐλλείπουσιν
726 2695 888 2777 ἐνάγεται,
907 2701 935 2759 εί
954 2696 997 2780 μή
1014 2701 1126 2779 γέγονε
1154 2696 1339 2769 convenitur,
1361 2695 1420 2757 nisi
1442 2694 1524 2756 tacta
1547 2695 1586 2756 sit
1608 2695 1782 2757 transactio.
1849 2695 1885 2756 tr.
1902 2697 1954 2758 80.
1971 2701 1987 2772 ς
2007 2697 2057 2759 16.

222 2799 380 2873 διάλυσις.
918 2804 954 2866 fr.
971 2807 1022 2870 80.
1040 2813 1057 2884 ξ
1076 2811 1125 2870 16.

129 2908 184 2982 ογ.
282 2905 387 2983 Ἔχων
418 2904 478 2969 δύο
505 2903 596 2981 υίούς
623 2908 847 2992 ὁμομητρίους
873 2908 930 2974 καί
958 2912 1060 2974 ἀλλον
1091 2914 1126 2996 ἐξ
1218 2908 1348 2972 Habens
1380 2909 1457 2971 duos
1488 2907 1567 2970 tilios
1598 2908 1732 2970 eiusdem
1765 2908 1871 2970 matris
1902 2917 1933 2971 et
1964 2909 2058 2971 alium

221 3013 322 3089 ἄλλης
344 3014 474 3086 πάντας
489 3016 627 3101 ἐγραφα
641 3015 868 3099 κληρονόμους
882 3015 940 3080 καί
956 3015 1034 3093 τούς
1049 3021 1125 3102 όμο-
1154 3016 1240 3090 alius,
1272 3036 1376 3078 omnes
1403 3016 1509 3096 scripsi
1535 3015 1660 3077 heredes
1688 3025 1719 3077 et
1749 3014 1857 3078 fratres
1886 3036 1925 3078 ex
1952 3016 2058 3078 eadem

220 3121 379 3204 μητριόυς
402 3120 556 3197 ἀλλήλοις
583 3121 836 3198 ύπεκατέστησα
859 3122 971 3198 ἰδικῶς
997 3124 1125 3209 καὶτῷ
1153 3132 1250 3184 matre
1272 3123 1403 3185 invicem
1426 3122 1569 3185 substitui
1591 3122 1765 3202 specialiter
1791 3131 1823 3184 et
1850 3121 1903 3183 alii
1929 3123 2059 3203 pupille·

221 3226 309 3307 ἀλλην
329 3228 523 3313 ὀρφανικῶς
538 3225 637 3292 εἰπὼν
651 3225 756 3292 αὐτόν
770 3234 1036 3315 παρακρατῆσαί
1049 3255 1125 3297 τινα
1152 3230 1238 3292 riter:
1270 3230 1378 3292 iubens
1415 3250 1484 3291 eum
1522 3229 1652 3291 retinere
1683 3228 1834 3309 quaedem
1869 3230 1996 3311 praedia
2028 3238 2060 3292 et
2162 3260 2165 3267 ·

220 3333 376 3415 κτήματα
398 3333 455 3397 καὶ
479 3336 761 3412 ἀποκαταστῆσαι
785 3333 825 3399 τδ
841 3337 927 3401 ίδιον
941 3342 1040 3424 μέρος
1054 3349 1126 3414 τοῖς
1152 3337 1307 3400 restituere
1329 3346 1447 3417 partem
1470 3356 1558 3398 susm
1572 3334 1716 3398 hauibus
1732 3336 1809 3399 suis:
1833 3337 1939 3417 rogavi
1955 3344 2058 3399 autem

221 3440 379 3526 ἀδελφοῖς
394 3442 512 3506 αὐτοῦ·
535 3440 645 3529 ᾔτησα
660 3443 694 3506 δέ
711 3440 788 3517 τούς
804 3447 1035 3531 ὁμομητρίους,
1060 3445 1124 3528 ἵνα,
1152 3445 1288 3507 eiusdem
1310 3433 1415 3506 matris
1438 3442 1523 3516 filios,
1546 3452 1581 3504 ut
1604 3443 1630 3505 si
1652 3444 1720 3523 quis
1742 3463 1847 3505 eorum
1869 3443 1934 3505 sine
1955 3442 2058 3506 liberis

221 3550 252 3610 et
280 3570 330 3621 τις
357 3548 469 3611 αὐτῶν
496 3550 598 3623 ἀπαις
626 3550 800 3636 ἀποθάνῃ,
827 3548 868 3616 τὸ
895 3556 994 3639 μέρος
1021 3555 1127 3619 αὐτοῦ
1152 3552 1322 3627 decesserit,
1353 3560 1471 3633 partem
1503 3570 1590 3612 suom
1617 3551 1682 3612 sine
1711 3548 1824 3634 [bonis]
1853 3551 1997 3613 maternis
2028 3560 2059 3612 et

218 3653 323 3739 χωρίς
346 3665 413 3718 των
435 3653 597 3740 μητρῴων
610 3654 668 3720 καί
691 3656 863 3740 παππῴαν
880 3663 927 3741 τῷ
943 3663 1089 3745 περιόντι
1105 3661 1125 3739 ή
1154 3659 1244 3723 avitis
1267 3658 1422 3740 superstiti
1436 3657 1486 3721 vel
1501 3655 1716 3738 superstitibus
1732 3657 1797 3719 eius
1813 3655 1958 3719 fratribus
1973 3658 2059 3719 resti·

221 3770 293 3835 τοῖς
314 3770 484 3846 περιοῦσιν
507 3760 636 3826 αὐτῶν1
664 3762 822 3851 ἀδελφοῖς
844 3767 1125 3856 ἀποκαταστήσῃ·
1153 3775 1263 3839 tueret;
1291 3765 1392 3827 locum
1418 3763 1551 3826 habente
1576 3764 1774 3838 restitutione,
1801 3784 1862 3826 non
1885 3763 1983 3825 solum
2006 3765 2059 3844 qui

219 3870 339 3953 χώραν
370 3866 606 3952 λαμβανούσης
637 3880 696 3947 τῆς
729 3873 1053 3955 ἀποκαταστάσεως,
1086 3877 1126 3939 ού
1153 3880 1291 3955 superest
1321 3892 1360 3933 ex
1390 3870 1497 3933 eadem
1529 3879 1632 3946 matre,
1666 3869 1719 3931 sed
1751 3878 1783 3932 et
1814 3870 1892 3953 alter
1917 3880 2057 3933 vocatur:

220 3977 322 4057 μόνος
349 3978 368 4039 ό
394 3973 516 4062 περιὼν
543 3977 745 4061 ὁμομήτριος
771 3975 858 4042 ἀλλά
884 3978 942 4044 καί
974 3982 993 4044 ό
1025 3982 1126 4057 ἀλλος
1152 4001 1225 4042 nam
1247 4001 1301 4062 per
1323 3999 1360 4042 sa
1381 3977 1476 4041 verba
1503 3998 1581 4058 quae
1607 3977 1671 4039 dixi
1698 3977 1862 4052 ,matribus
1890 3978 2058 4059 superstiti-

220 4082 383 4146 καλεῖται·
417 4081 461 4146 δι’
491 4078 538 4146 ὧν
570 4080 637 4168 γὰρ
670 4080 761 4148 εἶπον
792 4095 863 4160 τοῖς
895 4087 1125 4171 περιλιμπανο-
1153 4088 1229 4150 bus“
1251 4086 1369 4149 ostendi
1391 4093 1561 4166 utrumque,
1588 4105 1644 4166 per
1670 4104 1747 4164 quos
1773 4084 1855 4147 bena
1877 4094 2058 4146 matemaa

220 4191 329 4270 μένοις
356 4187 512 4275 ἀδελφοῖς
539 4188 691 4267 ἐδήλωσα
718 4193 893 4277 ἑκατέρους
925 4193 968 4257 δι’
1003 4190 1050 4258 ὧν
1082 4192 1136 4260 rei
1152 4194 1341 4257 restitutione
1363 4193 1476 4274 excepi.
1954 4191 1990 4254 fr.
2006 4193 2057 4254 83.

219 4299 360 4380 μητρῷα
375 4306 433 4372 της
447 4296 755 4373 ύποκαταστάσεως
769 4299 948 4383 ύπέξειλονι
959 4337 1000 4348 -
1025 4303 1062 4365 in
1073 4303 1136 4366 83.'

178 4464 184 4478 ,
285 4398 360 4466 Ἐάν
391 4402 546 4485 έλεγόμην
569 4414 751 4489 χρεωστεῖν
778 4429 833 4470 σοι
860 4405 918 4471 καὶ
946 4408 1124 4492 ἠρνούμην,
1220 4405 1254 4469 Si
1276 4427 1346 4469 cum
1368 4405 1483 4469 dicerer
1503 4404 1559 4466 tibi
1582 4404 1697 4478 debere,
1720 4403 1832 4466 infitias
1847 4405 1941 4479 ierim,
1963 4414 2059 4486 tuque

221 4504 294 4573 εἶτα
314 4510 456 4596 γράψας
482 4532 521 4593 με
546 4512 754 4596 κληρονόμον
781 4515 926 4601 ’ἀξιώσῃς
953 4517 1126 4581 deoma-
1153 4513 1269 4588 deinde,
1291 4514 1403 4594 scripto
1426 4531 1475 4574 me
1498 4510 1618 4586 herede,
1640 4511 1797 4574 restituere
1811 4512 1974 4592 rogaveris
1996 4532 2058 4574 non

222 4627 354 4697 στῆσαι,
377 4618 440 4680 ούκ
462 4619 620 4702 ἐνάγομαι
645 4615 703 4684 διά
717 4617 757 4684 τό
773 4624 874 4706 χρέος
891 4625 933 4709 τῇ
949 4631 1010 4686 τού
1024 4623 1127 4711 φιδει-
1155 4622 1318 4684 convenior
1339 4628 1464 4701 propter
1495 4618 1630 4681 debitum
1652 4618 1876 4681 fideicommissi
1903 4619 2057 4699 petitione,

221 4723 618 4808 submurmurantes,
642 4723 853 4809 έάνέτοιμός
880 4733 943 4811 είμι
970 4727 1031 4806 τήν
1054 4729 1127 4816 περὶ
1155 4730 1180 4791 si
1207 4736 1333 4811 paratus
1360 4727 1417 4789 sim
1444 4725 1482 4787 de
1508 4725 1611 4787 debito
1638 4726 1789 4787 actionem
1811 4726 1970 4807 suscipere

221 4838 284 4893 τοῦ
295 4834 415 4915 χρέους
424 4829 559 4913 ἀγωγήν
568 4831 864 4916 ύποδέξασθαιι-
887 4837 1126 4919 indeperditum.
1768 4832 1803 4894 fr·
1820 4830 1887 4895 ΒΓ·
1903 4832 1943 4894 D·
1961 4835 2012 4908 36,
2030 4835 2057 4895 1·

287 4933 362 5000 Ἐολν
377 4939 601 5026 ἀποκαταστῇ
612 4939 794 5023 ύπεξουσίφ
803 4942 1008 5027 κληρονομία
1017 4945 1127 5019 καλῶς
1221 4941 1256 5005 si
1278 4941 1419 5004 restituta
1441 4941 1481 5003 sit
1503 4939 1697 5002 filioiiunilias
1719 4940 1885 5017 heredites,
1908 4950 1990 5005 recte
2012 4942 2060 5005 sui

221 5041 305 5126 μετά
337 5045 620 5127 αύτοξουσιότητα
646 5048 753 5128 ἐνάγει
784 5046 842 5112 καί
874 5051 1025 5132 ἐνάγεται
1053 5060 1127 5126 ταῖς
1154 5049 1228 5111 iuris
1258 5047 1359 5111 factus
1389 5047 1579 5110 hereditariis
1617 5047 1786 5111 actionibus
1823 5048 1887 5130 ogit
1923 5057 1955 5111 et
1991 5069 2077 5129 eon--

221 5152 494 5237 κληρουομιαίαις
509 5155 669 5235 ἀγωγαῑςε
691 5192 733 5202 -
772 5156 809 5219 fr.
829 5157 1019 5240 deperditum
1042 5157 1128 5242 [sunt
1155 5157 1284 5219 venitur.
1937 5153 1974 5214 fr.
1992 5151 2058 5216 ἀλλ’.

462 5259 498 5322 fr.
515 5262 566 5323 84.
583 5264 624 5324 85
640 5262 673 5323 in
688 5262 871 5326 Mommseni
885 5264 956 5345 Dtg.
971 5264 1127 5349 editions}

453 5424 574 5491 τιτιιο(
602 5437 654 5506 ιε’,
683 5438 816 5494 sistier
842 5441 897 5494 ιε’
1349 5435 1518 5494 TITULUS
1536 5436 1604 5505 xm,
1622 5435 1728 5491 nissi
1746 5432 1859 5491 xxxv

475 5565 538 5636 περὶ
556 5562 697 5636 οίρετιιιῶν
715 5562 874 5619 ἐκπύστου.
1333 5561 1368 5618 de
1391 5560 1629 5617 condicionalibus
1647 5559 1876 5616 institutionibus.

153 5706 186 5763 γ,
282 5685 448 5771 Ἕρρωται
464 5684 504 5751 τό
520 5692 619 5751 είπεῐν
640 5710 692 5771 με·
715 5693 878 5776 ,πέτρος
899 5688 965 5755 καί
981 5692 1128 5766 παῦλος
1222 5690 1317 5752 Valet
1339 5691 1364 5752 si
1386 5690 1486 5751 dicam
1514 5687 1666 5764 „Petrus
1688 5698 1725 5750 et
1746 5686 1888 5749 Paulus
1911 5688 1942 5749 si
1964 5708 2059 5750 meo·

224 5789 290 5857 ἐὰν
312 5792 371 5857 eet
395 5804 478 5869 τοῖς
501 5799 606 5877 ἐμοῖς
624 5796 852 5880 πράγμασιν
869 5799 1028 5880 μείνωσι
1047 5819 1127 5862 κοι-
1154 5818 1231 5860 rum
1246 5796 1420 5859 bonorum
1437 5797 1639 5858 manserint
1653 5796 1743 5858 socii
1759 5795 1914 5859 sedecim
1930 5815 2058 5869 annos,

297 6024 306 6056 ¹
325 6024 365 6078 ita
383 6024 457 6079 eod:
476 6024 495 6079 l.
514 6023 607 6079 αὐτού.
675 6022 680 6031 ’
