4842 7018
872 454 1025 521 LIBER
1048 456 1166 523 LVHI.
1211 457 1301 523 TIT.
1324 457 1365 523 X.
1974 455 2035 520 147

204 628 247 713 μή
264 632 349 717 θέλῃ
365 628 404 696 τὸ
421 632 636 717 δικαστήριον
654 634 896 718 ὑποδέξασθαι,
918 634 1296 723 ασηείλειανήεοεοίμετε,
1321 640 1420 701 cautio
1443 638 1482 700 ab
1510 659 1545 700 eo
1573 638 1686 720 petitur
1712 659 1750 700 ηε
1778 637 1915 700 aedificet
1942 637 2037 699 donec

204 739 403 819 donatrices,
433 737 484 803 ὅτι
513 741 553 803 οὐ
579 742 678 821 κτίζει
702 746 761 815 έως
789 740 832 805 δν
859 742 947 828 δείξῃ
977 744 1107 807 δίκαιον
1134 747 1307 827 probaverit
1332 747 1380 808 ius
1407 746 1464 808 sibi
1492 765 1556 807 esse
1584 745 1772 807 aedificandi.
1816 744 1907 806 Etsi
1929 764 1946 805 e
1969 764 2037 806 con·

203 849 288 922 ἐχειν
320 855 381 910 τοῦ
410 847 538 910 κτίσαι·
570 852 597 910 ελ
629 848 663 911 δέ
701 849 898 913 τούναντίον
936 852 954 913 ό
995 852 1106 913 θέλων
1134 854 1226 914 trario
1258 854 1309 934 qui
1341 853 1553 915 aedificaturus
1581 860 1627 913 est
1654 852 1827 932 experiatur
1855 850 2037 912 consensoria

202 954 316 1016 κτίσαι
345 953 468 1030 κινήσει
492 952 552 1031 τήν
575 956 776 1036 όμολόγησιν
802 955 861 1020 καί
882 955 925 1038 μή
951 958 1043 1021 θέλω
1067 955 1106 1021 τὸ
1120 958 1121 1007 i
1135 980 1250 1041 egoque
1273 959 1367 1021 nolim
1382 959 1526 1021 iudicium
1543 960 1703 1039 suscipere,
1726 957 1792 1037 cogi
1811 966 1916 1039 potero
1931 977 2038 1020 cavere

204 1059 420 1144 δικαστήριον
436 1059 682 1143 ὑποδέξασθαι,
706 1063 856 1145 ανοίγκην
874 1067 939 1142 ἐγω
963 1044 1182 1152 όισφαλί-Ῐεηε
1204 1068 1231 1128 ei
1254 1088 1315 1128 non
1343 1085 1410 1128 esse
1436 1065 1646 1127 nuntiaturum
1676 1064 1801 1148 [novum
1824 1063 1915 1147 opus]
1942 1085 2038 1145 nequo

204 1168 354 1248 σασθαι,
388 1164 439 1231 ότι
468 1168 508 1231 οὐ
534 1170 751 1253 παραγγέλλω
779 1171 870 1253 αὐτῷ
894 1172 969 1234 οὔτε
991 1171 1106 1235 κωλύω
1133 1173 1369 1254 prohibiturum,
1396 1174 1555 1254 quominus
1578 1171 1727 1245 aedificet,
1750 1171 1846 1233 donec
1868 1171 2037 1252 probavero

203 1273 431 1356 οἰκοδομῆσαι,
454 1279 513 1349 έως
529 1272 572 1338 δν
587 1275 682 1358 δείξω
697 1274 740 1357 μή
756 1280 842 1354 ἐχειν
857 1276 960 1341 αὐτόν
976 1277 1106 1341 δίκαιον
1133 1282 1198 1355 „ius
1225 1282 1253 1342 ei
1281 1300 1340 1341 ηοη
1367 1299 1434 1341 εεεε
1460 1279 1664 1341 εεδίίὶοεηδί“.
1714 1299 1786 1339 nam
1813 1278 1865 1358 qui
1892 1277 2036 1340 iudicium

203 1389 265 1444 τοῦ
294 1381 421 1444 κτίσαι·
454 1383 472 1445 ό
505 1378 571 1465 γδιρ
602 1381 645 1463 μή
678 1382 916 1467 ὑποδεχόμενος
948 1383 987 1449 τὸ
1016 1385 1106 1449 δικα-
1134 1408 1196 1449 ηοη
1227 1387 1354 1467 suscipit
1384 1407 1419 1447 eo
1452 1386 1589 1467 punitur,
1621 1385 1703 1465 quod
1734 1386 1799 1465 ipse
1832 1394 1916 1448 actor
1942 1385 1977 1446 fit
2008 1395 2038 1447 et

203 1486 342 1572 στήριον
365 1492 399 1551 ἐν
421 1487 529 1570 τούτῳ
544 1499 747 1574 τιμωρεῖται,
772 1486 824 1554 ότι
840 1492 964 1572 γίνεται
980 1493 1106 1573 ἐνοίγων
1134 1504 1275 1557 oneratur
1296 1493 1534 1575 probationibus
1933 1491 1968 1553 fr.
1987 1493 2036 1553 15.

202 1592 258 1673 καί
281 1595 435 1679 βαρεῖται
460 1604 533 1670 ταῖς
551 1597 773 1680 ἀποδείξεσινε
790 1634 832 1645 -
1001 1599 1037 1662 fr.
1056 1603 1105 1662 15.

149 1706 165 1759 '.
269 1701 343 1765 Ὲοίν
358 1724 408 1777 τις
423 1698 506 1784 μετὰ
520 1700 850 1788 τδπαραγγελθήναι
867 1704 1105 1791 ἐξοικοδομήση
1200 1707 1234 1770 Si
1258 1709 1325 1788 quis
1347 1715 1509 1788 postquam
1529 1706 1557 1767 ei
1572 1706 1745 1767 nuntiatum
1761 1714 1808 1767 est
1822 1705 2036 1780 aedificaverit,

202 1806 245 1891 μή
278 1810 420 1886 αἰτήσας
452 1811 664 1894 συγχώρησιν
695 1810 715 1888 i>
741 1808 784 1893 μή
813 1809 962 1886 δεδωκὼς
996 1811 1105 1894 ίκανελ,
1133 1815 1305 1877 remissione
1319 1834 1380 1876 non
1394 1813 1491 1896 petita
1506 1832 1603 1893 neque
1619 1812 1816 1874 satisdatione
1830 1813 1941 1887 oblata,
1961 1833 2037 1893 opus

202 1912 242 1978 τὸ
265 1913 348 1997 μετὰ
371 1916 430 1993 τήν
446 1917 672 2001 παραγγελίαν
687 1915 822 1999 γεγονδς
837 1920 934 1999 ἔργον
949 1919 1104 1983 καταλύει
1133 1921 1215 2003 quod
1237 1930 1307 2001 post
1329 1920 1549 1982 nuntiationem
1572 1919 1687 1981 iactum
1705 1928 1752 1981 est
1769 1919 1921 1981 destruere
1940 1919 2036 1994 debet,

203 2019 260 2084 ἐὰν
282 2024 340 2108 ἐγη
364 2020 495 2086 δίκαιον
517 2032 579 2087 τοῦ
599 2025 732 2104 κ’τίζεινε
749 2022 811 2071 ——1
870 2025 905 2087 fr.
923 2026 964 2088 20
980 2048 1024 2107 pr.
1041 2033 1057 2104 5
1076 2030 1103 2089 1.
1132 2029 1189 2090 etsi
1211 2029 1258 2089 ius
1281 2028 1309 2089 ei
1330 2027 1423 2089 ner-it
1446 2026 1633 2089 aedificandi.
1800 2025 1835 2087 fr.
1853 2026 1894 2087 20
1909 2046 1954 2106 pr.
1973 2033 1989 2103 5
2009 2030 2036 2088 1.
2155 2090 2158 2095 ,

114 2134 164 2187 ια’.
267 2125 341 2192 Ἐὰν
357 2130 375 2192 ό
391 2128 639 2215 παραγγελθελς
650 2131 777 2216 θελήσῃ
795 2130 908 2196 δοῦναι
920 2130 980 2209 τήν
996 2134 1119 2227 ianne-q
1200 2133 1233 2195 si
1254 2135 1281 2196 is
1302 2134 1352 2195 oui
1373 2134 1546 2195 nuntiatum
1574 2143 1620 2195 est
1646 2132 1794 2194 satisdare
1816 2132 1956 2206 voluerit,
1984 2153 2038 2214 por

202 2236 330 2316 δοσίαν,
347 2239 366 2300 ό
383 2236 416 2299 δέ
433 2237 727 2325 ἐνιίγωνέμποδίση
743 2238 865 2324 λαβεῖν,
882 2249 1102 2323 συγγωρεῖται
1132 2251 1263 2303 actorem
1287 2249 1388 2303 autern
1412 2240 1529 2303 steterit
1551 2239 1625 2321 quin
1641 2239 1797 2320 acciperet,
1819 2238 1933 2301 remitti
1947 2239 2037 2302 debet

200 2345 220 2420 ή
244 2342 416 2425 οἰκοδομή
432 2381 474 2391 -
920 2347 956 2409 fr.
974 2350 1023 2409 20.
1041 2354 1057 2425 5
1075 2352 1103 2410 5.
1132 2348 1309 2411 aedificatio.
1850 2345 1886 2407 fr.
1904 2348 1954 2420 20,
1972 2353 1988 2422 5
2006 2350 2034 2409 5.

148 2456 164 2509 ’.
265 2447 339 2513 ‘Em
362 2448 499 2535 δένδρον
521 2455 565 2525 εἰς
580 2450 707 2539 ἔδαφος
722 2453 893 2538 φυτευθὲν
913 2450 991 2527 τοὺς
1006 2454 1102 2536 θεμε-
1198 2454 1231 2516 Si
1254 2456 1344 2518 arbor
1370 2454 1402 2515 in
1425 2454 1489 2516 solo
1515 2453 1656 2535 plantata
1682 2453 1803 2515 sedium
1830 2452 2035 2515 firndamentis

200 2557 290 2630 λιόνς
327 2565 389 2621 τοῦ
421 2560 515 2621 οίκου
545 2556 658 2645 ἀδικῇ,
688 2560 706 2622 ό
737 2561 853 2643 ίίρχων
876 2568 977 2623 τοῦτο
1001 2582 1103 2644 φρον-
1131 2572 1245 2637 noceat,
1272 2581 1395 2643 praeses
1428 2562 1466 2623 de
1488 2581 1525 2623 ea
1546 2581 1580 2622 re
1605 2559 1778 2640 providebit
1799 2558 1838 2620 ad
1862 2559 2034 2639 exemplum

199 2665 281 2726 τίσει
304 2660 395 2727 κατὰ
417 2663 630 2747 παράδειγμα
651 2675 719 2728 τών
745 2668 891 2748 νομίμων
918 2667 1100 2750 παραγγελ-
1131 2668 1304 2731 edictalium
1320 2667 1556 2740 interdictorum,
1578 2667 1608 2729 h.
1623 2687 1648 2729 e
1666 2666 1711 2740 „si
1726 2666 1817 2727 arbor
1832 2665 1937 2727 alienis
1953 2666 2033 2727 aedi·

198 2770 327 2851 μείτων,
355 2773 541 2851 τουτέστιν,
573 2767 631 2834 ἐὰν
658 2773 815 2836 ἐπίιεειται
845 2772 981 2856 δένδρον
1008 2774 1102 2837 τίλλο-
1132 2775 1188 2837 bus
1211 2794 1264 2837 seu
1287 2773 1381 2839 fundo
1404 2774 1594 2855 impendeat,
1617 2782 1653 2835 ut
1669 2773 1803 2836 vicinum
1819 2792 1881 2833 ηοη
1903 2772 2032 2834 leedat“.

199 2878 305 2960 τριόις
332 2877 509 2959 οἰκήμασιν
536 2877 555 2955 ή
583 2879 691 2963 εἰγρῷ,
720 2876 799 2953 ώςτε
822 2876 881 2943 τὸν
904 2881 1037 2961 γείτονα
1059 2879 1102 2962 μή
1817 2899 1842 2941 c
1861 2883 1888 2941 1.
1905 2879 1939 2941 Ο.
1957 2883 1985 2954 8,
2004 2882 2031 2942 1.

197 2983 432 3069 βλάπτεσθαιι
447 3020 490 3032 -
828 3008 853 3049 e.
872 2992 898 3049 1.
914 2987 948 3051 G.
963 2987 1056 3063 VIII,
1075 2992 1101 3050 1.

145 3097 161 3150 ’.
264 3091 481 3175 Ἐπηρτημένη
505 3091 604 3172 ζημιά
626 3091 751 3173 λέγεται
776 3096 795 3170 ή
824 3095 918 3175 μήπω
943 3094 1102 3179 συμβᾶσα
1195 3095 1347 3158 Infectum
1373 3095 1518 3156 damnum
1545 3094 1655 3156 dicitur
1680 3092 1761 3174 quod
1788 3092 1888 3154 adhuc
1917 3092 2031 3154 factum

199 3197 270 3262 ἀλλ’
297 3198 497 3279 ἐλπιζομένηι
514 3236 555 3246 -
851 3200 886 3262 fr.
903 3205 931 3263 2.
947 3202 987 3263 D.
1004 3205 1055 3277 39,
1072 3205 1100 3264 2.
1130 3221 1190 3263 ηοη
1214 3210 1260 3264 est
1282 3202 1335 3265 sed
1359 3200 1523 3285 [futurum]
1547 3201 1677 3263 timetur.
1779 3200 1815 3261 fr.
1833 3202 1860 3260 2.
1877 3199 1916 3261 D.
1934 3202 1986 3276 39,
2003 3203 2031 3263 2.

146 3313 162 3364 '.
266 3305 376 3386 Ζημία
398 3301 455 3367 καί
477 3304 641 3382 καταδίκη
664 3305 789 3385 λέγεται
819 3304 885 3370 εἰπό
909 3316 970 3371 τοῦ
991 3318 1102 3390 μειοῦν
1195 3309 1351 3370 Damnum
1378 3318 1410 3371 et
1435 3306 1591 3369 damnatio
1618 3306 1759 3368 dicuntur
1781 3326 1801 3366 a
1827 3306 2032 3368 deminutione

198 3411 259 3489 τήν
282 3411 413 3474 οὐσίανε
430 3447 472 3459 -
1019 3416 1055 3477 fr.
1071 3418 1099 3478 3.
1129 3416 1311 3495 patrimonii.
1949 3413 1985 3476 fr.
2002 3416 2030 3476 3.

210 3528 213 3533 ’
262 3515 336 3581 Ἐόιν
351 3517 621 3598 ιλπολιμποίνηται
639 3520 657 3580 ό
673 3521 876 3601 ἐναγόμενος,
893 3525 941 3602 τῷ
957 3524 1037 3602 οίκιμ
1054 3521 1099 3585 δεῖ
1195 3522 1228 3584 ei
1255 3522 1336 3585 absit
1361 3542 1527 3603 possessor,
1555 3521 1678 3582 domum
1701 3519 1875 3581 denuntiari
1898 3528 2030 3600 oportet;

193 3610 447 3717 παραγγέλλειν·
475 3623 622 3702 οέπέστη2
645 3626 679 3689 δέ
701 3624 758 3689 κοιλ
782 3629 867 3708 ότηῖ
895 3626 1099 3713 δικαστηρίῳ
1128 3628 1215 3691 abest
1242 3639 1343 3691 autem
1371 3639 1402 3691 et
1424 3630 1476 3709 qui
1497 3627 1609 3690 iudicio
1636 3647 1696 3689 ηοη
1724 3627 1821 3689 adest:
1849 3646 1909 3688 non
1932 3636 2030 3688 extra·

196 3730 239 3813 μή
263 3729 393 3816 παρὼν,
418 3732 479 3809 οὐγ
502 3731 628 3795 ίλκεται
653 3732 686 3795 δέ
710 3729 777 3796 ίιπδ
805 3742 866 3796 τοῦ
889 3738 995 3810 οίκου,
1024 3735 1096 3799 ἀλλ’
1126 3736 1209 3797 bitur
1237 3745 1337 3798 autem
1365 3736 1403 3798 de
1430 3735 1526 3809 domo,
1554 3734 1608 3796 sed
1631 3734 1754 3795 domum
1782 3742 1830 3794 est
1850 3732 2030 3795 denuntian-

196 3842 216 3916 ή
248 3838 456 3924 παραγγελία
481 3835 572 3902 κατδι
598 3848 660 3902 τοῦ
691 3844 785 3903 οῖ’κου
811 3841 946 3922 γίνεται,
974 3839 1039 3905 κᾶν
1066 3847 1100 3905 ἐν
1127 3842 1208 3917 dum,
1231 3843 1370 3922 quamvis
1391 3843 1423 3902 in
1446 3841 1547 3903 aliena
1568 3839 1693 3903 habitet.
1867 3839 1903 3901 fr.
1919 3842 1948 3900 4.
1966 3845 1982 3916 5
2000 3843 2029 3902 5.

197 3946 360 4029 ἀλλοτρίῳ
384 3948 470 4033 οίκῇε
487 3929 544 3992 -ῑ
938 3949 973 4010 fr.
989 3953 1018 4011 4.
1036 3956 1052 4026 5
1070 3953 1098 4012 5.

112 4059 160 4131 λγ.
262 4049 337 4115 ’Ecba
359 4048 450 4126 οίκος
472 4050 580 4116 πεσών
603 4054 748 4137 ζημιώσῃ
771 4076 818 4135 με,
841 4053 884 4135 μή
908 4052 1022 4140 λαβὼν
1040 4057 1098 4119 εἰσ-
1193 4056 1226 4119 Si
1249 4056 1337 4118 aedes
1360 4056 1501 4118 cadentes
1524 4054 1599 4116 mihi
1621 4062 1758 4127 noceant,
1782 4073 1850 4114 cum
1869 4072 1930 4114 non
1946 4073 2028 4115 aoce-

197 4159 340 4244 φιίλειαν
362 4160 423 4222 οὐκ
446 4162 509 4236 ἐγω
531 4158 621 4223 κατὰ
640 4168 701 4223 τοῦ
716 4159 879 4224 δεσπότου
895 4162 999 4225 αὐτοῦ
1014 4164 1097 4242 dyos-
1125 4163 1219 4243 perim
1243 4163 1421 4236 cautionem,
1445 4182 1506 4223 ηοη
1521 4162 1619 4224 habeo
1635 4138 1858 4222 contraeamus
1873 4159 2026 4221 dominum

196 4263 257 4347 γήν
285 4265 360 4329 οὐδὲ
391 4264 435 4329 τίι
460 4268 605 4348 χώματα
632 4264 736 4331 αὐτὸν
767 4271 886 4349 ἐπᾶραι
920 4270 1098 4350 ἀναγκάζω
1126 4270 1273 4332 actionem
1297 4289 1396 4351 neque
1413 4269 1522 4331 rudera
1542 4276 1577 4330 ut
1590 4268 1655 4349 ipse
1670 4266 1760 4328 tollat
1774 4286 1880 4345 cogere
1894 4287 2026 4347 possum,

195 4370 255 4436 ἐίιν
277 4372 421 4457 απολέγη
445 4383 527 4437 πᾶσι
550 4383 622 4447 τοῖς
644 4383 814 4437 πεσοῦσινε
832 4411 873 4421 -
1016 4377 1051 4438 fr.
1069 4381 1096 4439 6.
1126 4376 1152 4437 si
1167 4376 1268 4437 omnia
1283 4396 1362 4456 quae
1377 4375 1539 4437 ceciderint
1553 4395 1607 4455 pro
1623 4374 1765 4435 derelicto
1780 4372 1901 4434 habeat
1946 4373 1981 4433 fr.
1998 4377 2027 4435 6.

266 4478 306 4544 Οί
332 4483 451 4543 ένοικοι
480 4481 520 4543 οδ
547 4478 705 4544 δύνανται
733 4477 823 4544 κατὰ
852 4490 912 4545 τοῦ
935 4482 1098 4547 δεσπότου
1191 4481 1338 4563 Inquilini
1359 4502 1421 4542 ηοη
1443 4491 1572 4562 possunt
1593 4481 1737 4543 adversus
1760 4480 1915 4541 dominum
1938 4499 2027 4558 agere

194 4596 294 4650 κινεῖν
316 4585 377 4664 τήν
399 4586 470 4669 περί
489 4585 668 4668 μελλούσης
686 4587 801 4668 ζημίας
820 4589 967 4669 ἀγωγήν·
991 4588 1011 4666 i>
1031 4586 1095 4673 γὰρ
1125 4590 1163 4652 de
1185 4590 1296 4651 damno
1318 4588 1443 4662 infeot03
1467 4598 1521 4649 aut
1535 4588 1614 4649 enim
1639 4587 1678 4649 ab
1700 4586 1787 4649 initio
1810 4586 1935 4649 vitiosas
1958 4606 2026 4648 con-

195 4693 229 4775 ἐξ
260 4695 366 4776 ἀρλῆς
402 4690 526 4776 σαθρὰ
562 4694 800 4775 ἐμισθώσαντο
838 4696 1004 4776 οἰκήματα
1039 4696 1095 4760 καὶ
1124 4696 1275 4757 duxerunt
1289 4695 1491 4757 habitationes
1505 4704 1535 4757 et
1553 4694 1609 4756 sibi
1624 4695 1859 4781 imputentqaut
1872 4701 1943 4774 post
1957 4713 2025 4755 con·

194 4802 324 4873 ἐαυτοῖς
354 4801 616 4885 μεμφέσθωσαν,
660 4799 680 4877 ή
717 4798 800 4881 μετίι
831 4799 892 4877 τήν
922 4802 1096 4882 μίσθωσιν
1123 4801 1292 4864 ductionem
1315 4802 1347 4862 in
1369 4802 1478 4863 vitium
1500 4801 1678 4874 inciderunt,
1706 4810 1737 4862 et
1758 4799 1873 4862 habent
1894 4821 1932 4861 ex
1955 4819 2025 4861 con·

193 4908 455 4991 ἐσαθρώθησαν
481 4904 538 4970 καλ
566 4909 678 4984 έχουσι
707 4906 768 4984 τήν
794 4906 866 4990 περὶ
894 4909 1095 4988 μισθώσεως
1123 4908 1214 4971 ducto
1236 4908 1393 4970 actionem.
1840 4905 1875 4967 fr.
1893 4909 1943 4969 13.
1960 4911 1977 4982 5
1995 4909 2023 4968 6.

193 5014 341 5094 ίιγωγήνε
357 5050 400 5061 -
912 5015 947 5077 fr.
965 5019 1014 5077 13.
1032 5022 1048 5091 5
1066 5020 1094 5077 6.

257 5118 390 5207 Ὀφείλει
423 5122 441 5183 ό
474 5122 589 5203 ίίρχων
621 5116 688 5184 όιπδ
722 5132 778 5196 τῆς
811 5122 921 5195 αίτίας
951 5120 1008 5185 καί
1037 5134 1094 5199 της
1188 5121 1290 5184 Debet
1311 5122 1504 5201 magistratus
1527 5142 1565 5182 ex
1587 5141 1681 5183 causa
1706 5120 1907 5200 etqualitate
1928 5119 2023 5181 futuri
2095 5106 2097 5110 ’

20 5232 68 5286 bl.
87 5235 156 5285 121¹.
193 5228 370 5303 ποιότητος
393 5237 450 5303 της
474 5227 678 5308 ἐλπιζομένης
706 5228 822 5308 ζημιίις
849 5229 968 5309 ὁρίζειν
997 5233 1030 5291 ἐν
1053 5234 1093 5315 τῇ
1122 5229 1224 5290 damni
1248 5238 1380 5291 statuere
1402 5229 1433 5289 in
1457 5229 1596 5290 cautione
1613 5226 1707 5288 diem:
1731 5227 1921 5307 nequeenim
1938 5246 2022 5306 opor·

192 5334 386 5418 ἐπερωτήσει
411 5333 638 5416 προθεσμίαν·
662 5334 737 5397 οὕτε
766 5331 832 5415 γαρ
857 5333 930 5396 δέον
953 5339 997 5407 είς
1020 5337 1093 5397 cine·
1121 5345 1164 5398 tet
1185 5336 1217 5396 in
1239 5335 1389 5396 infinitum
1411 5336 1634 5415 promittentem
1656 5334 1759 5395 tener's

192 5462 317 5523 ραντον
339 5440 595 5525 ἐπερωτηθέντα
617 5440 807 5516 ἐνέχεσθαιε
826 5477 865 5486 -
1646 5439 1682 5501 fr.
1700 5443 1749 5501 13.
1767 5444 1783 5516 5
1802 5441 1851 5501 15.
1867 5439 1907 5501 Ι).
1924 5442 1974 5514 30,
1992 5442 2020 5501 2.

720 5547 755 5608 fr.
774 5550 923 5624 13515.
939 5549 978 5611 D.
995 5552 1046 5623 39,
1064 5552 1092 5610 2.

100 5657 154 5730 μό.
260 5651 337 5737 Χρή
360 5650 420 5715 τὸν
442 5655 595 5734 ίίρχοντα
616 5652 672 5716 καί
692 5650 731 5716 τὸ
749 5652 917 5734 διοίστημα
932 5665 991 5731 της
1013 5656 1093 5719 ὁδοῦ
1187 5657 1315 5736 Oportet
1324 5656 1532 5733 magistratum
1547 5664 1578 5715 et
1591 5654 1765 5715 distantiam
1780 5654 1848 5715 viae
1862 5663 1893 5714 et
1906 5653 2020 5732 magni·

190 5757 248 5823 καλ
263 5756 303 5823 τὸ
318 5760 462 5841 μέγεθος
478 5769 539 5822 τοῦ
552 5763 651 5843 ἐργου
667 5769 890 5846 περισκοπεῖνι
907 5798 948 5810 -
994 5762 1029 5823 fr.
1042 5768 1091 5824 14.
1119 5763 1254 5825 tudinem
1277 5762 1375 5842 operis
1396 5760 1552 5841 inspicere
1916 5760 1950 5820 fr.
1969 5761 2019 5821 14.

261 5989 270 6021 ¹
289 5987 374 6043 babet
392 5988 459 6061 Syn.
532 5988 543 6021 ¹
561 5991 613 6047 sio:
632 5990 650 6047 l.
669 5990 772 6047 ἄπεστι.
