4842 7018
871 469 1025 535 LIBER
1046 470 1165 535 XLIV.
1210 472 1299 538 ΤΙΤ.
1322 472 1366 535 Π.
2004 475 2044 538 75

278 645 352 712 'Edu
366 649 558 728 ληγατειίσω
575 653 615 733 τῇ
633 649 786 734 θυγατρί
798 672 862 731 μου
883 647 1003 714 ἑκατὸν
1018 664 1115 732 νομμ*
1210 653 1243 716 si
1274 652 1415 733 legavero
1446 653 1526 715 filiae
1553 674 1637 715 meae
1664 663 1786 715 centum
1818 653 1943 727 solidos,
1976 674 2045 716 eum

214 753 269 820 ότε
298 757 453 842 γαμηθῇ,
481 756 605 841 εὑρεθῇ
629 755 664 819 δὲ
686 760 720 819 έν
747 761 788 843 τῇ
811 759 938 835 ποιήσει
963 768 1022 834 τῆς
1045 758 1115 821 δια·
1142 760 1291 841 nupserit,
1318 761 1444 823 inventa
1467 769 1570 823 autem
1595 758 1688 822 fuerit
1709 761 1884 823 testamenti
1910 769 2046 841 tempore

215 863 325 941 θήκης
348 866 566 945 γεγαμημένη,
594 868 620 926 sl
643 863 702 944 μέν
723 864 866 944 ήγνόουν
893 873 1007 944 τοῦτο,
1036 864 1116 945 λαμ·
1143 875 1241 948 nupta
1258 887 1330 941 esse,
1353 868 1379 929 si
1401 867 1432 928 id
1455 868 1640 945 ignoravero,
1664 868 1787 948 accipit;
1810 869 1837 929 si
1851 887 1924 930 vero
1939 868 2045 941 eciem,

212 968 316 1054 βάνει,
348 974 375 1033 sl
408 970 441 1033 δὲ
473 970 677 1052 ήπιστάμην,
715 969 803 1033 δοκῶ
837 969 897 1048 τήν
929 970 1024 1034 δόσιν
1055 980 1117 1035 τοῦ
1142 973 1249 1035 videor
1270 973 1421 1036 dationem
1448 972 1541 1053 legati
1569 974 1608 1034 ad
1632 972 1744 1036 alteras
1772 973 1890 1036 differre
1912 974 2045 1056 nuptias.

213 1077 361 1158 ληγάτου
384 1082 428 1151 εἰς
451 1077 622 1161 δευτέρους
641 1077 893 1161 ὑπερτίθεσθαι
917 1079 1056 1158 γάμουςε
1073 1113 1115 1124 -
1861 1080 1897 1143 fr.
1913 1085 1965 1144 45.
1983 1087 1999 1158 6
2017 1085 2045 1142 2.

931 1185 967 1247 fr.
984 1188 1035 1246 45.
1052 1191 1069 1261 §
1087 1188 1116 1247 2.

119 1297 176 1367 μζ.
278 1287 353 1354 Ἐἀν
381 1291 440 1355 δύο
464 1293 595 1373 ὁμοίαις
624 1292 809 1369 διαθήκαις
835 1289 907 1373 ἅμα
929 1294 1117 1373 γενομέναις
1210 1294 1243 1357 Si
1275 1294 1393 1357 duobus
1426 1295 1573 1357 similibus
1605 1296 1794 1357 testamentis
1832 1294 1922 1357 simul
1958 1295 2046 1357 factis

214 1397 383 1485 διάιγορον
405 1398 600 1486 ληγατευθῇ
622 1421 677 1480 μοι
702 1396 822 1479 noodr,
851 1396 890 1462 τό
913 1393 1015 1475 ήττον
1037 1398 1116 1478 λαμ·
1144 1401 1266 1464 diversa
1287 1402 1361 1462 mihi
1382 1401 1485 1481 legata
1507 1402 1547 1463 sit
1569 1402 1733 1483 quantitas,
1755 1403 1901 1463 minorem
1920 1402 2045 1482 accipio.

213 1502 316 1589 βάνω.
875 1573 877 1578 ,
1013 1506 1048 1567 fr.
1065 1509 1116 1567 47.
1940 1507 1975 1569 fr.
1992 1512 2045 1572 47.
2107 1526 2111 1531 '
2157 1556 2159 1561 ε

125 1617 177 1686 or.
279 1608 354 1674 Ἐἀν
376 1611 566 1693 ληγατεάσω
583 1617 623 1699 τῇ
638 1616 763 1698 γαμετῇ
778 1633 842 1693 μου
858 1609 902 1675 τά
917 1611 997 1697 παρ’
1016 1612 1118 1688 αὐτῆς
1210 1614 1244 1678 Si
1266 1614 1407 1694 legavero
1429 1614 1518 1676 uxori
1539 1634 1627 1676 mese
1649 1635 1750 1676 servos
1774 1614 1813 1675 ab
1836 1635 1875 1676 ea
1896 1616 1927 1675 iu
1943 1615 2045 1677 dotem

214 1721 248 1781 έν
280 1717 392 1802 προικὶ
431 1718 584 1782 δοθέντα
616 1718 869 1801 διατετιμημένα
907 1717 1115 1803 ἀνδράποδα,
1144 1722 1231 1784 datos
1256 1723 1438 1796 aestimatos,
1462 1722 1487 1782 si
1510 1741 1561 1783 eos
1579 1720 1661 1802 ipsos
1683 1730 1715 1782 et
1729 1742 1791 1782 non
1807 1722 2047 1783 aestimationem

215 1828 302 1909 εἴπερ
330 1823 418 1889 αότά
445 1824 502 1888 καὶ
525 1824 567 1907 μή
597 1824 657 1903 τήν
680 1824 777 1907 τιμήν
806 1825 947 1911 θελήσῃ,
976 1824 1116 1905 έπιλεγο-
1144 1828 1283 1903 voluerit
1309 1848 1379 1891 eum
1406 1848 1509 1891 servos
1531 1827 1667 1906 elegerit,
1694 1846 1798 1888 sorum
1821 1827 1959 1890 subolem
1986 1848 2046 1889 non

213 1936 291 2013 μένη
319 1929 364 1995 τά
392 1931 593 2017 ἀνδράποδα
621 1931 682 2009 τήν
709 1930 810 2014 γονήν
837 1933 948 1996 αὐτῶν
975 1933 1016 1995 οὐ
1037 1932 1116 2014 λαμ·
1145 1937 1263 2017 accipit
1890 1935 1926 1996 fr.
1942 1937 1984 1996 48
2000 1955 2045 2016 pr.

214 2038 318 2123 βάνει.
961 2041 997 2101 fr.
1012 2042 1056 2102 48
1071 2061 1116 2121 pr.

123 2151 178 2221 μή.
286 2147 355 2209 Τοῦ
391 2146 658 2226 ληγατευθέντος
694 2168 749 2228 μοι
786 2143 868 2231 βοός
901 2146 1117 2219 τελευτῶντος
1210 2150 1328 2229 Legato
1345 2148 1418 2209 mihi
1433 2149 1511 2211 bove
1525 2148 1691 2223 demortuo,
1706 2149 1931 2229 nequecorium
1945 2167 2045 2229 neque

216 2254 291 2316 οὔτε
314 2251 375 2330 τήν
396 2252 529 2339 βύρσαν
553 2255 628 2317 οὔτε
652 2250 691 2317 τό
714 2256 814 2338 κρέας
836 2251 1018 2338 λαμβάνω.1
1144 2276 1264 2319 carnem
1289 2256 1412 2336 accipio.
1890 2254 1926 2315 fr.
1942 2257 1984 2315 49
2001 2274 2045 2335 pr.

962 2360 997 2422 fr.
1013 2362 1055 2422 49
1072 2380 1116 2440 pr.

128 2471 178 2534 νζ·
280 2466 331 2550 Ἐξ
363 2466 569 2543 όοουδήποτε
599 2471 717 2552 μέρους
749 2470 776 2530 εὶ
813 2466 1037 2549 καταδέξομαι
1076 2463 1116 2529 τὸ
1210 2470 1261 2531 Ex
1283 2489 1463 2551 quacunque
1485 2477 1573 2550 parte
1595 2471 1621 2531 si
1635 2468 1782 2549 accipiam
1797 2488 1861 2530 rem
1876 2468 1951 2529 mihi
1966 2467 2046 2548 lega·

215 2574 423 2654 ληγατευθέν
445 2595 510 2655 μοι,
534 2585 663 2656 κτῶμαι
687 2571 727 2638 vd
750 2584 826 2637 πᾶν.
1013 2574 1048 2636 fr.
1066 2577 1116 2635 58.
1144 2588 1216 2651 tam,
1240 2586 1335 2638 totam
1359 2576 1494 2656 adquiro.
1937 2573 1973 2636 fr.
1990 2576 2042 2636 58.

130 2684 179 2751 ιη’.
287 2680 510 2754 Τελευτῶντος
533 2690 593 2744 τοῦ
616 2680 952 2787 φιδεικρμμισσαρέου
975 2676 1040 2764 πρδ
1059 2690 1117 2756 τῆς
1210 2683 1334 2746 Mortuo
1357 2683 1635 2746 fideicommissario
1659 2691 1729 2746 ante
1747 2682 1961 2755 condicionem,
1985 2701 2046 2742 non

216 2788 380 2873 αἱρέσεως,
406 2787 467 2864 οὐχ
491 2790 510 2850 ό
532 2788 747 2871 κληρονόμος,
779 2787 851 2851 ἀλλ’
874 2789 893 2850 ὁ
914 2787 1117 2871 ληγατάριος
1143 2791 1240 2865 heres,
1262 2790 1317 2852 sed
1338 2790 1503 2870 legatarius
1525 2791 1659 2870 legatum
1682 2789 1826 2850 lucratur.
1938 2788 1974 2849 fr.
1995 2790 2046 2849 60.

215 2892 377 2977 κερδαίνει
401 2892 441 2958 τό
464 2894 619 2975 ληγάτον.
1012 2894 1047 2956 fr.
1066 2896 1116 2955 60.

61 3004 109 3072 Μ
124 3009 178 3136 δέ’
279 3071 312 3137 ‘0
348 3072 554 3157 κληρονόμος
592 3077 625 3135 έν
670 3075 792 3154 ἀγνοίμ
832 3070 872 3137 td
909 3071 1118 3153 ληγατευθέν
1211 3075 1310 3138 Ηεεεε
1333 3077 1475 3156 ignorans
1498 3096 1561 3137 rem
1583 3074 1717 3156 legatam
1740 3095 1808 3137 cum
1827 3074 2047 3155 consumpserit

215 3188 354 3262 πρᾶγμα
392 3178 590 3256 δαπανήσας
628 3184 672 3254 εἰς
715 3178 775 3256 τήν
816 3189 879 3243 τοῦ
915 3177 1117 3260 διαθεμένου
1144 3183 1175 3243 in
1208 3183 1360 3245 testatoris
1391 3181 1497 3257 funus,
1530 3182 1570 3244 ad
1601 3180 1805 3244 exhibendum
1837 3181 1956 3242 actione
1984 3201 2046 3241 non

215 3283 329 3372 ταφήν
356 3289 396 3373 τῇ
424 3286 482 3368 μὲν
509 3284 582 3371 περὶ
606 3285 799 3371 ἀποκρυβής
826 3287 941 3373 ἀγωγῇ
970 3287 1031 3350 οὐκ
1054 3289 1116 3349 ένέ-
1145 3299 1275 3351 tenetur:
1304 3289 1356 3352 sed
1378 3290 1498 3350 actione
1525 3309 1587 3370 qua
1608 3288 1736 3370 duplum
1763 3289 1878 3370 petitur
1899 3286 2047 3368 legatario

212 3413 325 3469 γεται·
349 3390 406 3456 διά
429 3392 463 3456 δὲ
487 3403 545 3469 τής
568 3395 700 3475 ἀγωγῆς
722 3404 780 3470 τῆς
803 3390 842 3456 τὸ
866 3393 1002 3457 διπλοῦν
1021 3395 1117 3457 ἀπαι-
1145 3404 1281 3475 praestat
1302 3395 1539 3459 indemnitatem
1817 3395 1853 3456 fr.
1871 3396 1921 3456 63.
1938 3395 1978 3456 D.
1995 3397 2045 3457 31.

216 3498 339 3575 τούσης
362 3508 451 3563 ποιεῖ
470 3504 517 3581 τῷ
541 3501 733 3584 ληγαταρίῳ
757 3497 796 3563 τό
820 3500 968 3581 ἀζήμιον.

889 3607 925 3668 fr.
942 3611 992 3670 63.
1007 3606 1048 3668 D.
1066 3609 1117 3669 31.

279 3708 354 3775 Έάν
377 3712 568 3798 τέθριππον
589 3714 784 3798 ληγατευθῇ
806 3737 860 3796 μοι
880 3711 937 3778 καὶ
954 3713 1117 3799 ἀποθάνη
1212 3715 1245 3778 si
1276 3715 1425 3796 quadriga
1454 3715 1572 3796 legetur
1601 3715 1676 3777 mibi
1707 3723 1739 3776 et
1769 3716 1891 3796 perierit
1919 3713 2045 3798 [equus]

216 3818 481 3883 όκαλλιστεόων
503 3824 537 3883 έν
560 3820 684 3901 αὐτοῖς,
708 3820 883 3905 σβέννυται
903 3817 942 3884 td
958 3820 1117 3900 ληγάτον·
1145 3822 1198 3903 qui
1220 3822 1389 3885 excellebat
1420 3823 1451 3882 in
1482 3823 1562 3904 ipsa,
1594 3823 1782 3901 extinguitur
1810 3822 1956 3900 legatum,
1988 3821 2046 3883 nisi

217 3931 242 3989 el
270 3925 312 4008 μή
341 3923 462 4010 περιὼν
489 3928 507 3988 ό
536 3924 735 4008 διαθέμενος
766 3928 976 4011 ἀνεπλήρωσε
1003 3925 1043 3991 τὸ
1071 3929 1119 3990 τέ·
1145 3931 1235 3992 vivus
1257 3938 1386 3992 testator
1407 3929 1594 4010 suppleverit
1615 3927 1802 4009 quadrigam
1862 3928 1898 3990 fr.
1916 3931 1966 3989 65.
1983 3934 1999 4005 ξ
2019 3931 2046 3990 1.

218 4030 398 4117 θριππον.’
936 4035 971 4097 fr.
989 4039 1039 4098 65.
1056 4041 1073 4112 §
1093 4037 1118 4096 1.

288 4138 355 4204 Οὐκ
373 4144 518 4223 ἰσχυρῶς
533 4140 700 4220 ληγατεύει
720 4145 768 4222 τῷ
783 4139 938 4228 δανειστῇ
956 4138 997 4205 τό
1009 4144 1118 4222 χρέος,
1213 4142 1366 4205 Inutiliter
1379 4143 1461 4223 legat
1479 4142 1570 4225 [quia]
1588 4142 1728 4204 creditori
1744 4141 1966 4221 obligationem,
1989 4141 2047 4203 nisi

217 4251 244 4310 sl
266 4248 310 4329 μή
333 4269 365 4310 τι
390 4247 488 4311 πλέον
511 4245 602 4310 ἐστὶν
624 4252 658 4311 έν
682 4252 729 4330 τῷ
752 4248 895 4330 ληγάτῳ.
964 4248 999 4309 fr.
1018 4253 1058 4312 66
1075 4269 1119 4329 pr.
1147 4250 1221 4331 quid
1243 4250 1375 4330 amplius
1397 4249 1470 4311 insit
1492 4249 1600 4330 legato.
1745 4259 1749 4268 “
1888 4248 1924 4310 ir.
1944 4250 1984 4309 66
2001 4269 2046 4328 pr.

281 4350 356 4417 Ὲάν
371 4349 410 4416 τό
426 4361 488 4417 τοῦ
501 4353 710 4438 κληρονόμου
725 4364 864 4438 πρᾶγμα
879 4355 1020 4436 νομίζων
1042 4350 1121 4435 ἐμόν
1214 4356 1247 4420 si
1280 4356 1396 4419 heredis
1427 4375 1491 4417 rem
1526 4365 1639 4436 putans
1670 4375 1768 4417 meam
1801 4374 1867 4417 esse
1897 4353 2047 4435 legavero,

218 4455 299 4523 εἶναι
323 4458 523 4542 ληγατεύσω,
547 4464 702 4546 έρρωται·
726 4466 753 4524 el
776 4461 810 4525 δέ
833 4482 924 4535 τινος
945 4457 986 4538 ήν
1008 4460 1119 4540 ἀλλον,
1147 4464 1230 4526 valet
1253 4460 1428 4547 [legatum];
1452 4462 1478 4522 si
1500 4462 1579 4523 alius
1602 4462 1768 4535 cuiusdam,
1791 4481 1853 4523 non
1876 4461 1967 4524 valet.

219 4567 279 4630 οὐκ
302 4570 454 4652 ἔρρωται.
935 4568 972 4631 fr.
989 4571 1039 4631 67.
1057 4574 1073 4644 5
1091 4572 1119 4630 8.
1865 4567 1900 4629 fr.
1918 4571 1967 4631 67.
1985 4574 2001 4644 ξ
2019 4570 2047 4629 8.

283 4670 357 4737 Ἐἀν
389 4673 495 4759 ἀγρὸν
531 4679 610 4738 εἴπω
647 4675 869 4761 φυλαχθῆναι
901 4678 942 4760 τῇ
976 4674 1121 4761 φαμιλίρι
1215 4676 1249 4738 Si
1270 4676 1399 4738 fundum
1414 4675 1518 4737 dixero
1536 4675 1719 4737 servandum
1734 4695 1800 4738 esse
1817 4674 1951 4737 familias
1965 4694 2050 4737 meae

219 4801 283 4862 μου
305 4778 363 4844 καὶ
386 4783 419 4844 οἰ
442 4778 612 4849 δανεισταὶ
637 4789 698 4844 τοῦ
716 4781 924 4863 κληρονόμου
943 4780 1119 4858 πωλήοωοι
1149 4793 1178 4845 st
1193 4783 1353 4845 creditores
1368 4782 1487 4844 heredis
1502 4781 1694 4844 vendiderint
1708 4783 1772 4844 eius
1787 4781 1877 4856 bons,
1899 4781 1951 4862 qui
1966 4781 2049 4843 hunc

220 4886 281 4964 τήν
304 4888 423 4951 οὐσίαν
438 4888 551 4967 αὐτοῦ,
576 4889 732 4950 ότοῦτον
747 4888 925 4972 ἀγοράζων
940 4886 1000 4952 τὸν
1015 4884 1122 4973 ἀγρδν
1149 4890 1256 4952 emerit
1284 4888 1410 4950 fundum
1445 4889 1637 4951 securitatem
1674 4888 1820 4969 quamdiu
1858 4889 1942 4950 berea
1973 4889 2050 4951 vivit

220 4992 259 5058 τδ
283 4995 434 5080 ἀσφαλὲς
457 4999 516 5068 έως
540 4987 580 5057 οὗ
603 4996 642 5081 ζῇ
665 4998 684 5059 ὁ
707 4996 913 5080 κληρονόμος
936 4998 1015 5072 έγει·
1038 4991 1121 5076 μετά
1149 4996 1254 5070 habet;
1282 5016 1354 5057 nam
1380 5004 1451 5077 post
1483 4996 1547 5058 eius
1569 5004 1696 5057 mortem
1729 4996 1883 5076 accipiunt
1909 4994 1995 5055 illum
2018 4995 2049 5069 ii,

220 5097 285 5184 γάρ
311 5101 469 5164 θάνατον
492 5100 598 5165 αὐτοῦ
624 5100 854 5186 λαμβάνουσιν
881 5098 986 5165 αὐτὸν
1009 5103 1042 5164 οἱ
1063 5111 1122 5177 τής
1149 5104 1201 5185 qui
1223 5111 1295 5165 sunt
1317 5103 1382 5163 eius
1405 5101 1547 5163 familiae.
1863 5102 1899 5163 fr.
1917 5104 1967 5163 69.
1985 5106 2002 5177 5
2021 5104 2067 5161 1.-

221 5207 390 5294 φαμιλίας.
936 5209 971 5269 fr.
989 5212 1040 5271 69.
1058 5214 1074 5285 ξ
1094 5213 1121 5269 1.

165 5330 182 5384 ’,
285 5310 360 5377 ’Edu
382 5316 519 5401 γράψης
542 5316 625 5399 πρός
647 5338 685 5398 με
700 5313 888 5394 ἐπιστολήν,
912 5314 965 5400 ἐφ’
990 5305 1017 5395 ᾧ
1039 5311 1122 5396 μετά
1216 5315 1250 5377 si
1272 5316 1424 5396 scripseris
1442 5315 1482 5377 sd
1498 5335 1546 5376 ms
1562 5316 1724 5397 epistulam
1738 5326 1810 5397 post
1824 5323 1950 5378 mortem
1965 5322 2050 5376 tuam

220 5422 381 5485 θάνατόν
397 5442 459 5485 σου
478 5422 661 5502 ἀνοιγῆναι,
678 5425 822 5499 ἔχουσαν
837 5418 957 5495 οὕτως·
984 5419 1120 5484 «εἰδέναι
1151 5422 1343 5504 aperiendam
1365 5424 1410 5483 ita
1424 5442 1456 5484 se
1479 5422 1655 5486 habentem:
1678 5424 1772 5498 „scire
1790 5432 1821 5485 ts
1838 5422 1907 5485 volo
1922 5422 2052 5482 donasse

221 5549 257 5591 σε
279 5527 443 5613 βούλομαι
467 5524 519 5591 ότι
543 5528 760 5612 έδωρησάμην
781 5550 835 5592 σοι
859 5525 979 5591 έκατδν
994 5540 1121 5609 νομμω,
1150 5550 1198 5591 ms
1225 5529 1281 5591 tibi
1308 5538 1430 5591 centum
1458 5528 1567 5591 solidos
1575 5536 1591 5563 ‘⁸
1623 5528 1706 5591 valet
1732 5529 1879 5610 legatum,
1911 5528 2051 5609 quamvis

221 5638 364 5720 ippotae
387 5631 428 5698 τδ
450 5635 606 5716 ληγάτον,
631 5639 658 5698 εἰ
679 5634 736 5699 καὶ
759 5633 802 5716 μή
826 5632 909 5719 πρός
931 5632 991 5698 τόν
1005 5634 1122 5719 κληρο·
1150 5657 1211 5697 non
1233 5657 1303 5698 cum
1330 5634 1438 5697 herede
1462 5633 1543 5718 [tuo]
1572 5635 1625 5697 sed
1648 5656 1717 5698 eum
1739 5656 1787 5697 me
1809 5635 1901 5697 fueris
1923 5634 2051 5696 locutus.

221 5742 323 5823 νόμον
346 5737 431 5804 ἀλλά
454 5738 538 5827 πρὸς
560 5742 612 5824 έμέ
636 5738 836 5819 διελέγθηςά
968 5741 1003 5802 fr.
1022 5745 1061 5803 75
1079 5763 1122 5823 pr.
1896 5741 1932 5802 fr.
1950 5743 1990 5802 75
2006 5761 2052 5821 pr.

295 6008 304 6040 ¹
322 6008 363 6061 ita
380 6005 440 6062 fere
459 6004 525 6077 Syn.
608 6006 619 6038 ¹
636 6005 722 6062 habet
740 6004 807 6077 Syn.
888 6005 900 6037 ⁸
916 6005 1003 6062 babet
1020 6003 1087 6077 Syn.
