<?xml version="1.0" encoding="UTF-8"?>
<!DOCTYPE html PUBLIC "-//W3C//DTD XHTML 1.0 Transitional//EN"
    "http://www.w3.org/TR/xhtml1/DTD/xhtml1-transitional.dtd">
<html xmlns="http://www.w3.org/1999/xhtml" xml:lang="en" lang="en">
 <head>
  <title>
</title>
<meta http-equiv="Content-Type" content="text/html;charset=utf-8" />
  <meta name='ocr-system' content='tesseract 3.04.00' />
  <meta name='ocr-capabilities' content='ocr_page ocr_carea ocr_par ocr_line ocrx_word'/>
</head>
<body>
  <div class='ocr_page' id='page_1' title='image "./supplementumedi00linggoog_0536.png"; bbox 0 0 4680 7114; ppageno 0'>
   <div class='ocr_carea' id='block_1_1' title="bbox 630 445 1982 516">
    <p class='ocr_par' dir='ltr' id='par_1_1' title="bbox 630 445 1982 516">
     <span class='ocr_line' id='line_1_1' title="bbox 630 445 1982 516; baseline -0.001 -3"><span class='ocrx_word' id='word_1_1' title='bbox 630 445 1107 515; x_wconf 75' lang='lat' dir='ltr'>ANIMADVERSIONES</span> <span class='ocrx_word' id='word_1_2' title='bbox 1130 449 1182 515; x_wconf 88' lang='lat' dir='ltr'><strong><em>IN</em></strong></span> <span class='ocrx_word' id='word_1_3' title='bbox 1204 447 1241 514; x_wconf 82' lang='lat' dir='ltr'><strong><em>L.</em></strong></span> <span class='ocrx_word' id='word_1_4' title='bbox 1263 447 1504 516; x_wconf 85' lang='lat' dir='ltr'><strong>RHODIAM.</strong></span> <span class='ocrx_word' id='word_1_5' title='bbox 1922 449 1982 512; x_wconf 71' lang='lat'><strong><em>171</em></strong></span> 
     </span>
    </p>
   </div>
   <div class='ocr_carea' id='block_1_2' title="bbox 154 624 1988 1146">
    <p class='ocr_par' dir='ltr' id='par_1_2' title="bbox 154 624 1988 1146">
     <span class='ocr_line' id='line_1_2' title="bbox 307 624 1986 715; baseline 0.001 -26"><span class='ocrx_word' id='word_1_6' title='bbox 307 625 364 690; x_wconf 87' lang='grc' dir='ltr'><strong><em>καί</em></strong></span> <span class='ocrx_word' id='word_1_7' title='bbox 396 627 586 710; x_wconf 84' lang='grc' dir='ltr'><strong><em>έκθεσθε,</em></strong></span> <span class='ocrx_word' id='word_1_8' title='bbox 626 628 722 692; x_wconf 84' lang='grc' dir='ltr'><strong><em>αὐτοί</em></strong></span> <span class='ocrx_word' id='word_1_9' title='bbox 760 628 795 692; x_wconf 77' lang='grc' dir='ltr'><strong><em>δὲ</em></strong></span> <span class='ocrx_word' id='word_1_10' title='bbox 826 630 1056 712; x_wconf 85' lang='grc' dir='ltr'><strong><em>ἀμελήσουσιν,</em></strong></span> <span class='ocrx_word' id='word_1_11' title='bbox 1238 627 1338 713; x_wconf 82' lang='grc' dir='ltr'><strong><em>ὅμοια</em></strong></span> <span class='ocrx_word' id='word_1_12' title='bbox 1360 633 1407 712; x_wconf 79' lang='grc' dir='ltr'><strong><em>τῷ</em></strong></span> <span class='ocrx_word' id='word_1_13' title='bbox 1427 629 1557 715; x_wconf 82' lang='grc' dir='ltr'><strong><em>χρυσίῳ</em></strong></span> <span class='ocrx_word' id='word_1_14' title='bbox 1576 630 1660 693; x_wconf 86' lang='grc' dir='ltr'><strong><em>όυτα</em></strong></span> <span class='ocrx_word' id='word_1_15' title='bbox 1682 665 1725 676; x_wconf 92' lang='grc'><strong>-</strong></span> <span class='ocrx_word' id='word_1_16' title='bbox 1742 666 1783 676; x_wconf 96' lang='grc'><strong>-</strong></span> <span class='ocrx_word' id='word_1_17' title='bbox 1800 665 1843 676; x_wconf 90' lang='grc'>-</span> <span class='ocrx_word' id='word_1_18' title='bbox 1860 664 1901 675; x_wconf 95' lang='grc'><strong>-</strong></span> <span class='ocrx_word' id='word_1_19' title='bbox 1925 624 1986 704; x_wconf 87' lang='grc' dir='ltr'><strong><em>τήν</em></strong></span> 
     </span>
     <span class='ocr_line' id='line_1_3' title="bbox 309 732 1985 822; baseline 0.001 -26"><span class='ocrx_word' id='word_1_20' title='bbox 309 734 440 814; x_wconf 77' lang='grc' dir='ltr'>ἀζήμιοι</span> <span class='ocrx_word' id='word_1_21' title='bbox 463 734 532 798; x_wconf 84' lang='grc' dir='ltr'><strong><em>κτλ</em></strong></span> <span class='ocrx_word' id='word_1_22' title='bbox 1239 735 1427 822; x_wconf 84' lang='grc' dir='ltr'><strong><em>ἀποτριβήν</em></strong></span> <span class='ocrx_word' id='word_1_23' title='bbox 1441 735 1498 801; x_wconf 85' lang='grc' dir='ltr'><strong><em>καί</em></strong></span> <span class='ocrx_word' id='word_1_24' title='bbox 1515 732 1633 811; x_wconf 82' lang='grc' dir='ltr'><strong><em>οὕτως·</em></strong></span> <span class='ocrx_word' id='word_1_25' title='bbox 1656 740 1681 799; x_wconf 90' lang='grc' dir='ltr'><strong><em>έ.</em></strong></span> <span class='ocrx_word' id='word_1_26' title='bbox 1697 759 1727 800; x_wconf 94' lang='grc' dir='ltr'><strong><em>σ.</em></strong></span> <span class='ocrx_word' id='word_1_27' title='bbox 1743 740 1766 799; x_wconf 79' lang='grc' dir='ltr'><strong><em>ὲ.</em></strong></span> <span class='ocrx_word' id='word_1_28' title='bbox 1803 736 1912 799; x_wconf 71' lang='lat' dir='ltr'>Cetera</span> <span class='ocrx_word' id='word_1_29' title='bbox 1927 757 1985 798; x_wconf 71' lang='lat' dir='ltr'><strong><em>om</em></strong></span> 
     </span>
     <span class='ocr_line' id='line_1_4' title="bbox 154 838 1987 930; baseline 0.002 -29"><span class='ocrx_word' id='word_1_30' title='bbox 154 861 178 902; x_wconf 87' lang='grc' dir='ltr'><strong><em>υ.</em></strong></span> <span class='ocrx_word' id='word_1_31' title='bbox 188 838 236 911; x_wconf 87' lang='grc' dir='ltr'><strong><em>λς’</em></strong></span> <span class='ocrx_word' id='word_1_32' title='bbox 251 840 299 921; x_wconf 79' lang='lat'><strong><em>(=</em></strong></span> <span class='ocrx_word' id='word_1_33' title='bbox 322 841 384 922; x_wconf 87' lang='lat'>35).</span> <span class='ocrx_word' id='word_1_34' title='bbox 408 843 536 928; x_wconf 80' lang='grc' dir='ltr'><em>φορτία</em></span> <span class='ocrx_word' id='word_1_35' title='bbox 557 841 614 906; x_wconf 87' lang='grc' dir='ltr'><strong><em>καί</em></strong></span> <span class='ocrx_word' id='word_1_36' title='bbox 638 841 677 907; x_wconf 88' lang='grc' dir='ltr'><strong><em>τό</em></strong></span> <span class='ocrx_word' id='word_1_37' title='bbox 700 844 817 907; x_wconf 77' lang='grc' dir='ltr'><strong><em>σωθὲν</em></strong></span> <span class='ocrx_word' id='word_1_38' title='bbox 839 844 962 907; x_wconf 78' lang='grc' dir='ltr'><strong><em>πλοῖον.</em></strong></span> <span class='ocrx_word' id='word_1_39' title='bbox 1084 842 1201 927; x_wconf 84' lang='grc' dir='ltr'><strong><em>ο.[μ]ά</em></strong></span> <span class='ocrx_word' id='word_1_40' title='bbox 1217 845 1266 924; x_wconf 91' lang='grc'><strong><em>(--</em></strong></span> <span class='ocrx_word' id='word_1_41' title='bbox 1287 846 1350 924; x_wconf 91' lang='grc'><strong><em>41).</em></strong></span> <span class='ocrx_word' id='word_1_42' title='bbox 1378 843 1541 908; x_wconf 90' lang='grc' dir='ltr'><strong><em>ἀπόλυται</em></strong></span> <span class='ocrx_word' id='word_1_43' title='bbox 1569 841 1609 908; x_wconf 88' lang='grc' dir='ltr'><strong><em>τδ</em></strong></span> <span class='ocrx_word' id='word_1_44' title='bbox 1633 842 1699 924; x_wconf 81' lang='grc' dir='ltr'><strong><em>πλ,</em></strong></span> <span class='ocrx_word' id='word_1_45' title='bbox 1728 843 1829 930; x_wconf 91' lang='grc' dir='ltr'><strong><em>σωθῇ</em></strong></span> <span class='ocrx_word' id='word_1_46' title='bbox 1857 841 1892 906; x_wconf 79' lang='grc' dir='ltr'><strong><em>δὲ</em></strong></span> <span class='ocrx_word' id='word_1_47' title='bbox 1920 851 1987 906; x_wconf 76' lang='grc' dir='ltr'><strong><em>τόν</em></strong></span> 
     </span>
     <span class='ocr_line' id='line_1_5' title="bbox 154 946 1986 1033; baseline 0.002 -25"><span class='ocrx_word' id='word_1_48' title='bbox 154 967 178 1009; x_wconf 83' lang='grc' dir='ltr'><strong><em>ο.</em></strong></span> <span class='ocrx_word' id='word_1_49' title='bbox 193 946 238 1026; x_wconf 82' lang='grc' dir='ltr'><strong><em>λζ</em></strong></span> <span class='ocrx_word' id='word_1_50' title='bbox 254 950 303 1027; x_wconf 89' lang='grc'><strong><em>(--</em></strong></span> <span class='ocrx_word' id='word_1_51' title='bbox 325 950 387 1029; x_wconf 85' lang='grc'><strong><em>36).</em></strong></span> <span class='ocrx_word' id='word_1_52' title='bbox 411 949 528 1012; x_wconf 80' lang='grc' dir='ltr'><strong><em>πλοίου</em></strong></span> <span class='ocrx_word' id='word_1_53' title='bbox 547 951 659 1033; x_wconf 79' lang='grc' dir='ltr'><strong><em>ἑτέρον</em></strong></span> <span class='ocrx_word' id='word_1_54' title='bbox 683 986 1055 999; x_wconf 89' lang='grc'><strong>------</strong></span> <span class='ocrx_word' id='word_1_55' title='bbox 1240 956 1296 1032; x_wconf 79' lang='grc' dir='ltr'><strong><em>ἐπ,</em></strong></span> <span class='ocrx_word' id='word_1_56' title='bbox 1320 954 1638 1032; x_wconf 78' lang='grc' dir='ltr'><strong><em>συχχινωσκέτωσαν</em></strong></span> <span class='ocrx_word' id='word_1_57' title='bbox 1653 951 1686 1013; x_wconf 88' lang='grc' dir='ltr'><strong><em>οί</em></strong></span> <span class='ocrx_word' id='word_1_58' title='bbox 1700 954 1739 1013; x_wconf 84' lang='grc' dir='ltr'><strong><em>έπ</em></strong></span> <span class='ocrx_word' id='word_1_59' title='bbox 1740 984 1986 1012; x_wconf 87' lang='grc'><strong>-----</strong></span> 
     </span>
     <span class='ocr_line' id='line_1_6' title="bbox 308 1052 1988 1146; baseline 0 -28"><span class='ocrx_word' id='word_1_60' title='bbox 308 1052 366 1118; x_wconf 84' lang='grc' dir='ltr'><strong><em>καί</em></strong></span> <span class='ocrx_word' id='word_1_61' title='bbox 389 1052 467 1130; x_wconf 87' lang='grc' dir='ltr'><strong><em>τούς</em></strong></span> <span class='ocrx_word' id='word_1_62' title='bbox 490 1057 658 1136; x_wconf 87' lang='grc' dir='ltr'><strong><em>πλέοντας,</em></strong></span> <span class='ocrx_word' id='word_1_63' title='bbox 681 1055 767 1121; x_wconf 86' lang='grc' dir='ltr'><strong><em>ἀλλά</em></strong></span> <span class='ocrx_word' id='word_1_64' title='bbox 784 1056 842 1121; x_wconf 81' lang='grc' dir='ltr'><strong><em>καί</em></strong></span> <span class='ocrx_word' id='word_1_65' title='bbox 856 1057 896 1122; x_wconf 85' lang='grc' dir='ltr'><strong><em>τὸ</em></strong></span> <span class='ocrx_word' id='word_1_66' title='bbox 913 1059 1057 1146; x_wconf 87' lang='grc' dir='ltr'><strong><em>φορτίου</em></strong></span> <span class='ocrx_word' id='word_1_67' title='bbox 1241 1055 1299 1121; x_wconf 91' lang='grc' dir='ltr'><strong><em>δύο</em></strong></span> <span class='ocrx_word' id='word_1_68' title='bbox 1323 1056 1343 1135; x_wconf 83' lang='grc' dir='ltr'><strong><em>ή</em></strong></span> <span class='ocrx_word' id='word_1_69' title='bbox 1366 1067 1453 1142; x_wconf 80' lang='grc' dir='ltr'><strong><em>τρεῖς</em></strong></span> <span class='ocrx_word' id='word_1_70' title='bbox 1476 1095 1518 1105; x_wconf 97' lang='grc'><strong>-</strong></span> <span class='ocrx_word' id='word_1_71' title='bbox 1534 1093 1575 1105; x_wconf 93' lang='grc'><strong>-</strong></span> <span class='ocrx_word' id='word_1_72' title='bbox 1592 1094 1633 1105; x_wconf 91' lang='lat'><strong><em>·-</em></strong></span> <span class='ocrx_word' id='word_1_73' title='bbox 1658 1053 1748 1121; x_wconf 88' lang='grc' dir='ltr'><strong><em>κατά</em></strong></span> <span class='ocrx_word' id='word_1_74' title='bbox 1770 1054 1831 1134; x_wconf 88' lang='grc' dir='ltr'><strong><em>τήν</em></strong></span> <span class='ocrx_word' id='word_1_75' title='bbox 1849 1055 1988 1138; x_wconf 87' lang='grc' dir='ltr'><strong><em>δύναμιν</em></strong></span> 
     </span>
    </p>
   </div>
   <div class='ocr_carea' id='block_1_3' title="bbox 105 1162 1991 3598">
    <p class='ocr_par' dir='ltr' id='par_1_3' title="bbox 309 1162 1700 1246">
     <span class='ocr_line' id='line_1_7' title="bbox 309 1162 1700 1246; baseline -0.001 -18"><span class='ocrx_word' id='word_1_76' title='bbox 309 1198 588 1211; x_wconf 86' lang='lat'><em>-----</em></span> <span class='ocrx_word' id='word_1_77' title='bbox 611 1172 675 1246; x_wconf 82' lang='grc' dir='ltr'><strong><em>πῦρ</em></strong></span> <span class='ocrx_word' id='word_1_78' title='bbox 698 1166 877 1229; x_wconf 91' lang='grc' dir='ltr'><strong><em>άπτέσθω·</em></strong></span> <span class='ocrx_word' id='word_1_79' title='bbox 901 1170 927 1229; x_wconf 88' lang='grc' dir='ltr'><strong><em>εί</em></strong></span> <span class='ocrx_word' id='word_1_80' title='bbox 947 1165 981 1228; x_wconf 80' lang='grc' dir='ltr'><strong><em>δὲ</em></strong></span> <span class='ocrx_word' id='word_1_81' title='bbox 997 1166 1057 1229; x_wconf 91' lang='grc' dir='ltr'><strong><em>ούκ</em></strong></span> <span class='ocrx_word' id='word_1_82' title='bbox 1239 1162 1296 1228; x_wconf 85' lang='grc' dir='ltr'><strong><em>καί</em></strong></span> <span class='ocrx_word' id='word_1_83' title='bbox 1319 1163 1380 1243; x_wconf 88' lang='grc' dir='ltr'><strong><em>τήν</em></strong></span> <span class='ocrx_word' id='word_1_84' title='bbox 1402 1165 1569 1230; x_wconf 84' lang='grc' dir='ltr'><strong><em>ἀπώλειαν</em></strong></span> <span class='ocrx_word' id='word_1_85' title='bbox 1591 1202 1633 1215; x_wconf 87' lang='grc'>-</span> <span class='ocrx_word' id='word_1_86' title='bbox 1657 1200 1700 1212; x_wconf 89' lang='grc'>-</span> 
     </span>
    </p>

    <p class='ocr_par' dir='ltr' id='par_1_4' title="bbox 309 1266 1987 1359">
     <span class='ocr_line' id='line_1_8' title="bbox 309 1266 1987 1359; baseline 0.001 -29"><span class='ocrx_word' id='word_1_87' title='bbox 309 1271 373 1345; x_wconf 75' lang='grc' dir='ltr'><strong><em>ἔχει</em></strong></span> <span class='ocrx_word' id='word_1_88' title='bbox 389 1277 463 1355; x_wconf 80' lang='grc' dir='ltr'><strong><em>πῦρ,</em></strong></span> <span class='ocrx_word' id='word_1_89' title='bbox 480 1267 630 1355; x_wconf 76' lang='grc' dir='ltr'><strong><em>κραυγὰς</em></strong></span> <span class='ocrx_word' id='word_1_90' title='bbox 645 1274 791 1337; x_wconf 89' lang='grc' dir='ltr'><strong><em>ποιείτω·</em></strong></span> <span class='ocrx_word' id='word_1_91' title='bbox 807 1279 833 1337; x_wconf 84' lang='grc' dir='ltr'><strong><em>εί</em></strong></span> <span class='ocrx_word' id='word_1_92' title='bbox 850 1272 884 1337; x_wconf 82' lang='grc' dir='ltr'><strong><em>δέ</em></strong></span> <span class='ocrx_word' id='word_1_93' title='bbox 895 1272 1057 1355; x_wconf 82' lang='grc' dir='ltr'><strong><em>ἀμελήσας</em></strong></span> <span class='ocrx_word' id='word_1_94' title='bbox 1084 1291 1109 1333; x_wconf 85' lang='grc' dir='ltr'><strong><em>ο.</em></strong></span> <span class='ocrx_word' id='word_1_95' title='bbox 1119 1268 1174 1354; x_wconf 88' lang='grc' dir='ltr'><strong><em>μβ</em></strong></span> <span class='ocrx_word' id='word_1_96' title='bbox 1187 1273 1236 1354; x_wconf 65' lang='grc' dir='ltr'><strong><em>(ει</em></strong></span> <span class='ocrx_word' id='word_1_97' title='bbox 1251 1273 1316 1352; x_wconf 87' lang='grc'><strong><em>42).</em></strong></span> <span class='ocrx_word' id='word_1_98' title='bbox 1338 1272 1495 1359; x_wconf 77' lang='grc' dir='ltr'><strong><em>ἐξαιρεθῇ</em></strong></span> <span class='ocrx_word' id='word_1_99' title='bbox 1504 1271 1562 1336; x_wconf 86' lang='grc' dir='ltr'><strong><em>καί</em></strong></span> <span class='ocrx_word' id='word_1_100' title='bbox 1571 1272 1774 1357; x_wconf 89' lang='grc' dir='ltr'><strong><em>μετακομίσῃ</em></strong></span> <span class='ocrx_word' id='word_1_101' title='bbox 1784 1266 1872 1334; x_wconf 88' lang='grc' dir='ltr'><strong><em>αύτά</em></strong></span> <span class='ocrx_word' id='word_1_102' title='bbox 1883 1271 1902 1333; x_wconf 88' lang='grc' dir='ltr'><strong><em>ό</em></strong></span> <span class='ocrx_word' id='word_1_103' title='bbox 1912 1268 1987 1331; x_wconf 89' lang='grc' dir='ltr'><strong><em>ναύ-</em></strong></span> 
     </span>
    </p>

    <p class='ocr_par' dir='ltr' id='par_1_5' title="bbox 309 1373 1987 1464">
     <span class='ocr_line' id='line_1_9' title="bbox 309 1373 1987 1464; baseline 0.001 -26"><span class='ocrx_word' id='word_1_104' title='bbox 309 1377 349 1438; x_wconf 87' lang='grc' dir='ltr'><strong><em>οὐ</em></strong></span> <span class='ocrx_word' id='word_1_105' title='bbox 379 1379 520 1457; x_wconf 89' lang='grc' dir='ltr'><strong><em>ποιήσει,</em></strong></span> <span class='ocrx_word' id='word_1_106' title='bbox 554 1377 673 1442; x_wconf 86' lang='grc' dir='ltr'><strong><em>έαυτδν</em></strong></span> <span class='ocrx_word' id='word_1_107' title='bbox 703 1380 833 1460; x_wconf 82' lang='grc' dir='ltr'><strong><em>ὤλεσεν,</em></strong></span> <span class='ocrx_word' id='word_1_108' title='bbox 868 1384 895 1443; x_wconf 83' lang='grc' dir='ltr'><strong><em>εί</em></strong></span> <span class='ocrx_word' id='word_1_109' title='bbox 925 1403 953 1443; x_wconf 94' lang='grc' dir='ltr'><strong><em>τ.</em></strong></span> <span class='ocrx_word' id='word_1_110' title='bbox 987 1379 1056 1443; x_wconf 88' lang='grc' dir='ltr'><strong><em>ούτ.</em></strong></span> <span class='ocrx_word' id='word_1_111' title='bbox 1239 1378 1359 1463; x_wconf 89' lang='grc' dir='ltr'><strong><em>κληρος</em></strong></span> <span class='ocrx_word' id='word_1_112' title='bbox 1373 1382 1417 1453; x_wconf 83' lang='grc' dir='ltr'><strong><em>είς</em></strong></span> <span class='ocrx_word' id='word_1_113' title='bbox 1430 1380 1677 1464; x_wconf 76' lang='grc' dir='ltr'><strong><em>έτερονπλυῖον,</em></strong></span> <span class='ocrx_word' id='word_1_114' title='bbox 1693 1376 1795 1452; x_wconf 87' lang='grc' dir='ltr'><strong><em>αύτδς</em></strong></span> <span class='ocrx_word' id='word_1_115' title='bbox 1811 1375 1932 1441; x_wconf 80' lang='grc' dir='ltr'><strong><em>διδότω</em></strong></span> <span class='ocrx_word' id='word_1_116' title='bbox 1948 1373 1987 1440; x_wconf 87' lang='grc' dir='ltr'><strong><em>τό</em></strong></span> 
     </span>
    </p>

    <p class='ocr_par' dir='ltr' id='par_1_6' title="bbox 308 1484 1958 1573">
     <span class='ocr_line' id='line_1_10' title="bbox 308 1484 1958 1573; baseline 0 -26"><span class='ocrx_word' id='word_1_117' title='bbox 308 1486 584 1567; x_wconf 84' lang='grc' dir='ltr'><strong><em>μαρτνρηθῶσιν.</em></strong></span> <span class='ocrx_word' id='word_1_118' title='bbox 623 1488 650 1548; x_wconf 86' lang='grc' dir='ltr'><strong><em>εί</em></strong></span> <span class='ocrx_word' id='word_1_119' title='bbox 673 1486 707 1550; x_wconf 81' lang='grc' dir='ltr'><strong><em>δὲ</em></strong></span> <span class='ocrx_word' id='word_1_120' title='bbox 729 1508 758 1550; x_wconf 92' lang='grc' dir='ltr'><strong><em>κ.</em></strong></span> <span class='ocrx_word' id='word_1_121' title='bbox 783 1489 811 1551; x_wconf 89' lang='grc' dir='ltr'><strong><em>ό.</em></strong></span> <span class='ocrx_word' id='word_1_122' title='bbox 835 1489 867 1551; x_wconf 90' lang='grc' dir='ltr'><strong><em>ά.</em></strong></span> <span class='ocrx_word' id='word_1_123' title='bbox 895 1486 1057 1570; x_wconf 85' lang='grc' dir='ltr'><strong><em>ἀμελήσει,</em></strong></span> <span class='ocrx_word' id='word_1_124' title='bbox 1239 1486 1370 1567; x_wconf 85' lang='grc' dir='ltr'><strong><em>ναῦλον,</em></strong></span> <span class='ocrx_word' id='word_1_125' title='bbox 1387 1488 1420 1549; x_wconf 88' lang='grc' dir='ltr'><strong><em>οἱ</em></strong></span> <span class='ocrx_word' id='word_1_126' title='bbox 1434 1484 1469 1549; x_wconf 81' lang='grc' dir='ltr'><strong><em>δὲ</em></strong></span> <span class='ocrx_word' id='word_1_127' title='bbox 1487 1496 1555 1549; x_wconf 80' lang='grc' dir='ltr'><strong><em>τῶν</em></strong></span> <span class='ocrx_word' id='word_1_128' title='bbox 1570 1488 1721 1573; x_wconf 81' lang='grc' dir='ltr'><strong><em>φορτίων</em></strong></span> <span class='ocrx_word' id='word_1_129' title='bbox 1741 1484 1900 1549; x_wconf 83' lang='grc' dir='ltr'><strong><em>δεσπόται</em></strong></span> <span class='ocrx_word' id='word_1_130' title='bbox 1916 1519 1958 1530; x_wconf 88' lang='grc'>-</span> 
     </span>
    </p>

    <p class='ocr_par' dir='ltr' id='par_1_7' title="bbox 309 1591 1989 1682">
     <span class='ocr_line' id='line_1_11' title="bbox 309 1591 1989 1682; baseline -0.001 -27"><span class='ocrx_word' id='word_1_131' title='bbox 309 1592 558 1679; x_wconf 87' lang='grc' dir='ltr'><strong><em>άποκοι[μη]θῇ</em></strong></span> <span class='ocrx_word' id='word_1_132' title='bbox 585 1593 619 1656; x_wconf 83' lang='grc' dir='ltr'><strong><em>δὲ</em></strong></span> <span class='ocrx_word' id='word_1_133' title='bbox 645 1592 703 1657; x_wconf 84' lang='grc' dir='ltr'><strong><em>καί</em></strong></span> <span class='ocrx_word' id='word_1_134' title='bbox 732 1596 751 1657; x_wconf 87' lang='grc' dir='ltr'>ὁ</span> <span class='ocrx_word' id='word_1_135' title='bbox 778 1594 984 1682; x_wconf 78' lang='grc' dir='ltr'><strong><em>βιχλοφόρος</em></strong></span> <span class='ocrx_word' id='word_1_136' title='bbox 1014 1597 1058 1669; x_wconf 89' lang='grc' dir='ltr'><strong><em>είς</em></strong></span> <span class='ocrx_word' id='word_1_137' title='bbox 1085 1613 1110 1655; x_wconf 85' lang='grc' dir='ltr'><strong><em>ο.</em></strong></span> <span class='ocrx_word' id='word_1_138' title='bbox 1120 1596 1172 1655; x_wconf 89' lang='grc'><strong><em>43.</em></strong></span> <span class='ocrx_word' id='word_1_139' title='bbox 1194 1594 1381 1676; x_wconf 87' lang='grc' dir='ltr'><strong><em>καταρτιύυ</em></strong></span> <span class='ocrx_word' id='word_1_140' title='bbox 1408 1630 1450 1642; x_wconf 92' lang='lat'>-</span> <span class='ocrx_word' id='word_1_141' title='bbox 1475 1629 1516 1640; x_wconf 90' lang='lat'>—</span> <span class='ocrx_word' id='word_1_142' title='bbox 1541 1630 1582 1641; x_wconf 93' lang='lat'>-</span> <span class='ocrx_word' id='word_1_143' title='bbox 1610 1591 1668 1657; x_wconf 83' lang='grc' dir='ltr'><strong><em>καί</em></strong></span> <span class='ocrx_word' id='word_1_144' title='bbox 1694 1602 1765 1667; x_wconf 84' lang='grc' dir='ltr'><strong><em>τοῖς</em></strong></span> <span class='ocrx_word' id='word_1_145' title='bbox 1793 1593 1989 1673; x_wconf 73' lang='grc' dir='ltr'><strong><em>σωζομένοις</em></strong></span> 
     </span>
    </p>

    <p class='ocr_par' dir='ltr' id='par_1_8' title="bbox 308 1697 1404 1786">
     <span class='ocr_line' id='line_1_12' title="bbox 308 1697 1404 1786; baseline 0.001 -25"><span class='ocrx_word' id='word_1_146' title='bbox 308 1697 438 1783; x_wconf 88' lang='grc' dir='ltr'><strong><em>βράχος</em></strong></span> <span class='ocrx_word' id='word_1_147' title='bbox 460 1698 608 1782; x_wconf 81' lang='grc' dir='ltr'><strong><em>κρούσας</em></strong></span> <span class='ocrx_word' id='word_1_148' title='bbox 639 1701 789 1764; x_wconf 83' lang='grc' dir='ltr'><strong><em>ἀπώλετο</em></strong></span> <span class='ocrx_word' id='word_1_149' title='bbox 818 1702 846 1764; x_wconf 84' lang='grc' dir='ltr'><strong><em>ό.</em></strong></span> <span class='ocrx_word' id='word_1_150' title='bbox 872 1703 903 1765; x_wconf 92' lang='grc' dir='ltr'><strong><em>ἀ.</em></strong></span> <span class='ocrx_word' id='word_1_151' title='bbox 930 1700 987 1765; x_wconf 86' lang='grc' dir='ltr'><strong><em>καί</em></strong></span> <span class='ocrx_word' id='word_1_152' title='bbox 1018 1699 1058 1765; x_wconf 85' lang='grc' dir='ltr'><strong><em>δν</em></strong></span> <span class='ocrx_word' id='word_1_153' title='bbox 1241 1702 1404 1786; x_wconf 82' lang='grc' dir='ltr'><strong><em>φορτίοις.</em></strong></span> 
     </span>
    </p>

    <p class='ocr_par' dir='ltr' id='par_1_9' title="bbox 105 1805 1989 2108">
     <span class='ocr_line' id='line_1_13' title="bbox 309 1805 1989 1893; baseline 0 -25"><span class='ocrx_word' id='word_1_154' title='bbox 309 1805 443 1890; x_wconf 77' lang='grc' dir='ltr'><strong><em>κρούσει</em></strong></span> <span class='ocrx_word' id='word_1_155' title='bbox 466 1806 535 1869; x_wconf 83' lang='grc' dir='ltr'><strong><em>κτλ</em></strong></span> <span class='ocrx_word' id='word_1_156' title='bbox 1086 1827 1111 1868; x_wconf 84' lang='grc' dir='ltr'><strong><em>ο.</em></strong></span> <span class='ocrx_word' id='word_1_157' title='bbox 1121 1805 1174 1888; x_wconf 89' lang='grc' dir='ltr'><strong><em>μδ</em></strong></span> <span class='ocrx_word' id='word_1_158' title='bbox 1189 1809 1238 1888; x_wconf 90' lang='lat'><strong><em>(=</em></strong></span> <span class='ocrx_word' id='word_1_159' title='bbox 1254 1810 1317 1889; x_wconf 87' lang='grc'><strong><em>44).</em></strong></span> <span class='ocrx_word' id='word_1_160' title='bbox 1341 1807 1422 1893; x_wconf 88' lang='grc' dir='ltr'><strong><em>ζάλῃ</em></strong></span> <span class='ocrx_word' id='word_1_161' title='bbox 1441 1817 1499 1883; x_wconf 84' lang='grc' dir='ltr'><strong><em>τῆς</em></strong></span> <span class='ocrx_word' id='word_1_162' title='bbox 1515 1808 1680 1891; x_wconf 90' lang='grc' dir='ltr'><strong><em>ἀταρτίας</em></strong></span> <span class='ocrx_word' id='word_1_163' title='bbox 1696 1808 1762 1887; x_wconf 81' lang='grc' dir='ltr'><strong><em>(εἰσ)</em></strong></span> <span class='ocrx_word' id='word_1_164' title='bbox 1777 1805 1797 1883; x_wconf 85' lang='grc' dir='ltr'><strong><em>ή</em></strong></span> <span class='ocrx_word' id='word_1_165' title='bbox 1812 1816 1880 1870; x_wconf 81' lang='grc' dir='ltr'><strong><em>των</em></strong></span> <span class='ocrx_word' id='word_1_166' title='bbox 1893 1805 1989 1891; x_wconf 83' lang='grc' dir='ltr'><strong><em>κερά-</em></strong></span> 
     </span>
     <span class='ocr_line' id='line_1_14' title="bbox 155 1910 1989 1994; baseline 0.001 -20"><span class='ocrx_word' id='word_1_167' title='bbox 155 1933 181 1974; x_wconf 84' lang='grc' dir='ltr'><strong><em>υ.</em></strong></span> <span class='ocrx_word' id='word_1_168' title='bbox 198 1916 238 1973; x_wconf 87' lang='grc'><strong><em>37</em></strong></span> <span class='ocrx_word' id='word_1_169' title='bbox 256 1933 315 1975; x_wconf 86' lang='lat' dir='ltr'><strong><em>om.</em></strong></span> <span class='ocrx_word' id='word_1_170' title='bbox 1240 1935 1308 1977; x_wconf 87' lang='grc' dir='ltr'><strong><em>των</em></strong></span> <span class='ocrx_word' id='word_1_171' title='bbox 1334 1916 1466 1994; x_wconf 81' lang='grc' dir='ltr'><strong><em>γένηται</em></strong></span> <span class='ocrx_word' id='word_1_172' title='bbox 1499 1913 1616 1987; x_wconf 82' lang='grc' dir='ltr'><strong><em>κλάσις</em></strong></span> <span class='ocrx_word' id='word_1_173' title='bbox 1648 1912 1667 1990; x_wconf 84' lang='grc' dir='ltr'><strong><em>ή</em></strong></span> <span class='ocrx_word' id='word_1_174' title='bbox 1699 1923 1767 1976; x_wconf 78' lang='grc' dir='ltr'><strong><em>τῶν</em></strong></span> <span class='ocrx_word' id='word_1_175' title='bbox 1794 1913 1942 1991; x_wconf 82' lang='grc' dir='ltr'><strong><em>αὐχένων</em></strong></span> <span class='ocrx_word' id='word_1_176' title='bbox 1969 1910 1989 1988; x_wconf 79' lang='grc' dir='ltr'><strong><em>ί)</em></strong></span> 
     </span>
     <span class='ocr_line' id='line_1_15' title="bbox 105 2017 1987 2108; baseline 0.001 -27"><span class='ocrx_word' id='word_1_177' title='bbox 105 2036 110 2045; x_wconf 89' lang='grc'><em>·</em></span> <span class='ocrx_word' id='word_1_178' title='bbox 155 2039 180 2081; x_wconf 82' lang='grc' dir='ltr'><strong><em>ο</em></strong></span> <span class='ocrx_word' id='word_1_179' title='bbox 196 2017 243 2094; x_wconf 90' lang='grc' dir='ltr'><strong><em>λη’</em></strong></span> <span class='ocrx_word' id='word_1_180' title='bbox 259 2021 309 2100; x_wconf 90' lang='lat'><strong><em>(=</em></strong></span> <span class='ocrx_word' id='word_1_181' title='bbox 332 2022 393 2101; x_wconf 85' lang='grc'><strong><em>38).</em></strong></span> <span class='ocrx_word' id='word_1_182' title='bbox 422 2040 497 2105; x_wconf 87' lang='grc' dir='ltr'><strong><em>πεφ.</em></strong></span> <span class='ocrx_word' id='word_1_183' title='bbox 525 2028 621 2083; x_wconf 85' lang='grc' dir='ltr'><strong><em>σῖτον</em></strong></span> <span class='ocrx_word' id='word_1_184' title='bbox 647 2025 681 2084; x_wconf 80' lang='grc' dir='ltr'><strong><em>ὲν</em></strong></span> <span class='ocrx_word' id='word_1_185' title='bbox 707 2022 791 2107; x_wconf 77' lang='grc' dir='ltr'><strong><em>μάζῃ</em></strong></span> <span class='ocrx_word' id='word_1_186' title='bbox 815 2057 857 2068; x_wconf 95' lang='grc'>-</span> <span class='ocrx_word' id='word_1_187' title='bbox 886 2059 927 2068; x_wconf 96' lang='grc'><strong>-</strong></span> <span class='ocrx_word' id='word_1_188' title='bbox 956 2020 1058 2108; x_wconf 92' lang='grc' dir='ltr'><strong><em>διφθ.</em></strong></span> <span class='ocrx_word' id='word_1_189' title='bbox 1242 2020 1389 2083; x_wconf 84' lang='grc' dir='ltr'><strong><em>ἀπώλειά</em></strong></span> <span class='ocrx_word' id='word_1_190' title='bbox 1411 2042 1501 2094; x_wconf 87' lang='grc' dir='ltr'><strong><em>τινος</em></strong></span> <span class='ocrx_word' id='word_1_191' title='bbox 1524 2031 1592 2084; x_wconf 81' lang='grc' dir='ltr'><strong><em>τῶν</em></strong></span> <span class='ocrx_word' id='word_1_192' title='bbox 1614 2020 1788 2107; x_wconf 79' lang='grc' dir='ltr'><strong><em>ὲφολκίων,</em></strong></span> <span class='ocrx_word' id='word_1_193' title='bbox 1817 2020 1923 2101; x_wconf 83' lang='grc' dir='ltr'><strong><em>οίμέν</em></strong></span> <span class='ocrx_word' id='word_1_194' title='bbox 1946 2055 1987 2065; x_wconf 86' lang='grc'>-</span> 
     </span>
    </p>

    <p class='ocr_par' dir='ltr' id='par_1_10' title="bbox 309 2123 1989 2209">
     <span class='ocr_line' id='line_1_16' title="bbox 309 2123 1989 2209; baseline 0 -21"><span class='ocrx_word' id='word_1_195' title='bbox 309 2123 415 2199; x_wconf 80' lang='grc' dir='ltr'><strong><em>καλὰς</em></strong></span> <span class='ocrx_word' id='word_1_196' title='bbox 442 2147 517 2209; x_wconf 87' lang='grc' dir='ltr'><strong><em>παρ.</em></strong></span> <span class='ocrx_word' id='word_1_197' title='bbox 546 2163 588 2173; x_wconf 93' lang='grc'><strong>-</strong></span> <span class='ocrx_word' id='word_1_198' title='bbox 617 2164 659 2175; x_wconf 95' lang='grc'>-</span> <span class='ocrx_word' id='word_1_199' title='bbox 687 2128 920 2192; x_wconf 85' lang='grc' dir='ltr'><strong><em>ἀντλείτωσαν.</em></strong></span> <span class='ocrx_word' id='word_1_200' title='bbox 970 2133 997 2191; x_wconf 85' lang='grc' dir='ltr'><strong><em>εί</em></strong></span> <span class='ocrx_word' id='word_1_201' title='bbox 1025 2128 1059 2191; x_wconf 78' lang='grc' dir='ltr'><strong><em>δέ</em></strong></span> <span class='ocrx_word' id='word_1_202' title='bbox 1241 2163 1283 2173; x_wconf 93' lang='grc'><strong>-</strong></span> <span class='ocrx_word' id='word_1_203' title='bbox 1308 2164 1350 2173; x_wconf 90' lang='grc'><strong>-</strong></span> <span class='ocrx_word' id='word_1_204' title='bbox 1374 2127 1503 2208; x_wconf 78' lang='grc' dir='ltr'><strong><em>ἀνάγκη</em></strong></span> <span class='ocrx_word' id='word_1_205' title='bbox 1531 2127 1644 2191; x_wconf 90' lang='grc' dir='ltr'><strong><em>πάντα</em></strong></span> <span class='ocrx_word' id='word_1_206' title='bbox 1667 2164 1708 2174; x_wconf 96' lang='grc'>-</span> <span class='ocrx_word' id='word_1_207' title='bbox 1733 2163 1775 2174; x_wconf 95' lang='grc'>-</span> <span class='ocrx_word' id='word_1_208' title='bbox 1800 2164 1841 2174; x_wconf 86' lang='grc'>-</span> <span class='ocrx_word' id='word_1_209' title='bbox 1871 2125 1932 2189; x_wconf 85' lang='grc' dir='ltr'><strong><em>οὐκ</em></strong></span> <span class='ocrx_word' id='word_1_210' title='bbox 1954 2130 1989 2188; x_wconf 79' lang='grc' dir='ltr'><strong><em>ἐκ</em></strong></span> 
     </span>
    </p>

    <p class='ocr_par' dir='ltr' id='par_1_11' title="bbox 310 2230 1990 2317">
     <span class='ocr_line' id='line_1_17' title="bbox 310 2230 1990 2317; baseline -0.001 -21"><span class='ocrx_word' id='word_1_211' title='bbox 310 2233 510 2314; x_wconf 77' lang='grc' dir='ltr'><strong><em>ἀμελήσουσι</em></strong></span> <span class='ocrx_word' id='word_1_212' title='bbox 528 2270 805 2283; x_wconf 92' lang='lat'><em>-----</em></span> <span class='ocrx_word' id='word_1_213' title='bbox 829 2237 1058 2317; x_wconf 77' lang='grc' dir='ltr'><strong><em>ἐπιχι[νωσ]κέ-</em></strong></span> <span class='ocrx_word' id='word_1_214' title='bbox 1242 2242 1300 2309; x_wconf 80' lang='grc' dir='ltr'><strong><em>της</em></strong></span> <span class='ocrx_word' id='word_1_215' title='bbox 1323 2234 1421 2314; x_wconf 88' lang='grc' dir='ltr'><strong><em>ζάλης</em></strong></span> <span class='ocrx_word' id='word_1_216' title='bbox 1444 2271 1486 2281; x_wconf 94' lang='grc'><strong>-</strong></span> <span class='ocrx_word' id='word_1_217' title='bbox 1504 2271 1545 2281; x_wconf 96' lang='grc'>-</span> <span class='ocrx_word' id='word_1_218' title='bbox 1570 2233 1762 2314; x_wconf 86' lang='grc' dir='ltr'><strong><em>ναύκληρος.</em></strong></span> <span class='ocrx_word' id='word_1_219' title='bbox 1796 2230 1842 2296; x_wconf 87' lang='grc' dir='ltr'><strong><em>τά</em></strong></span> <span class='ocrx_word' id='word_1_220' title='bbox 1864 2231 1898 2295; x_wconf 81' lang='grc' dir='ltr'><strong><em>δὲ</em></strong></span> <span class='ocrx_word' id='word_1_221' title='bbox 1921 2230 1990 2308; x_wconf 83' lang='grc' dir='ltr'><strong><em>είδη</em></strong></span> 
     </span>
    </p>

    <p class='ocr_par' dir='ltr' id='par_1_12' title="bbox 311 2337 1786 2423">
     <span class='ocr_line' id='line_1_18' title="bbox 311 2337 1786 2423; baseline 0.001 -21"><span class='ocrx_word' id='word_1_222' title='bbox 311 2362 425 2403; x_wconf 88' lang='grc' dir='ltr'><strong><em>τωσαυ</em></strong></span> <span class='ocrx_word' id='word_1_223' title='bbox 452 2376 495 2387; x_wconf 90' lang='grc'>-</span> <span class='ocrx_word' id='word_1_224' title='bbox 518 2378 560 2387; x_wconf 91' lang='grc'>-</span> <span class='ocrx_word' id='word_1_225' title='bbox 586 2377 627 2388; x_wconf 91' lang='lat'><strong><em>·-</em></strong></span> <span class='ocrx_word' id='word_1_226' title='bbox 652 2378 694 2389; x_wconf 94' lang='lat'>—</span> <span class='ocrx_word' id='word_1_227' title='bbox 722 2339 779 2405; x_wconf 81' lang='grc' dir='ltr'><strong><em>καί</em></strong></span> <span class='ocrx_word' id='word_1_228' title='bbox 806 2350 926 2405; x_wconf 85' lang='grc' dir='ltr'><strong><em>ναῦται</em></strong></span> <span class='ocrx_word' id='word_1_229' title='bbox 953 2339 1011 2405; x_wconf 85' lang='grc' dir='ltr'><strong><em>καί</em></strong></span> <span class='ocrx_word' id='word_1_230' title='bbox 1039 2343 1058 2404; x_wconf 87' lang='grc' dir='ltr'>ὁ</span> <span class='ocrx_word' id='word_1_231' title='bbox 1243 2376 1284 2387; x_wconf 93' lang='lat'>-</span> <span class='ocrx_word' id='word_1_232' title='bbox 1309 2377 1348 2387; x_wconf 94' lang='lat'><em>-</em></span> <span class='ocrx_word' id='word_1_233' title='bbox 1373 2378 1415 2388; x_wconf 94' lang='lat'>-</span> <span class='ocrx_word' id='word_1_234' title='bbox 1440 2379 1482 2388; x_wconf 89' lang='lat'>—</span> <span class='ocrx_word' id='word_1_235' title='bbox 1505 2337 1628 2415; x_wconf 84' lang='grc' dir='ltr'><strong><em>καθὼς</em></strong></span> <span class='ocrx_word' id='word_1_236' title='bbox 1650 2361 1728 2423; x_wconf 88' lang='grc' dir='ltr'><strong><em>παρ.</em></strong></span> <span class='ocrx_word' id='word_1_237' title='bbox 1744 2376 1786 2388; x_wconf 89' lang='grc'>-</span> 
     </span>
    </p>

    <p class='ocr_par' dir='ltr' id='par_1_13' title="bbox 310 2444 1989 2534">
     <span class='ocr_line' id='line_1_19' title="bbox 310 2444 1989 2534; baseline -0.001 -23"><span class='ocrx_word' id='word_1_238' title='bbox 310 2451 461 2531; x_wconf 74' lang='grc' dir='ltr'><strong><em>ἔμπορος,</em></strong></span> <span class='ocrx_word' id='word_1_239' title='bbox 477 2444 539 2521; x_wconf 78' lang='grc' dir='ltr'><strong><em>τὰς</em></strong></span> <span class='ocrx_word' id='word_1_240' title='bbox 553 2446 703 2532; x_wconf 77' lang='grc' dir='ltr'><strong><em>ἐ[κατ]ἀς</em></strong></span> <span class='ocrx_word' id='word_1_241' title='bbox 718 2483 973 2496; x_wconf 88' lang='grc'>------</span> <span class='ocrx_word' id='word_1_242' title='bbox 989 2446 1060 2530; x_wconf 85' lang='grc' dir='ltr'><strong><em>ἀμα</em></strong></span> <span class='ocrx_word' id='word_1_243' title='bbox 1087 2467 1113 2508; x_wconf 86' lang='grc' dir='ltr'><strong><em>υ.</em></strong></span> <span class='ocrx_word' id='word_1_244' title='bbox 1122 2450 1175 2509; x_wconf 86' lang='grc'><strong><em>45.</em></strong></span> <span class='ocrx_word' id='word_1_245' title='bbox 1199 2450 1338 2534; x_wconf 90' lang='grc' dir='ltr'><strong><em>στραφῇ</em></strong></span> <span class='ocrx_word' id='word_1_246' title='bbox 1365 2484 1407 2495; x_wconf 89' lang='grc'>-</span> <span class='ocrx_word' id='word_1_247' title='bbox 1432 2485 1474 2495; x_wconf 97' lang='grc'><strong>-</strong></span> <span class='ocrx_word' id='word_1_248' title='bbox 1498 2484 1541 2496; x_wconf 90' lang='grc'>-</span> <span class='ocrx_word' id='word_1_249' title='bbox 1569 2448 1604 2531; x_wconf 76' lang='grc' dir='ltr'><strong><em>ἐξ</em></strong></span> <span class='ocrx_word' id='word_1_250' title='bbox 1631 2448 1736 2512; x_wconf 83' lang='grc' dir='ltr'><strong><em>αὐτοῦ</em></strong></span> <span class='ocrx_word' id='word_1_251' title='bbox 1763 2445 1860 2532; x_wconf 90' lang='grc' dir='ltr'><strong><em>λαμβ.</em></strong></span> <span class='ocrx_word' id='word_1_252' title='bbox 1888 2446 1920 2510; x_wconf 89' lang='grc' dir='ltr'><strong><em>ἀ.</em></strong></span> <span class='ocrx_word' id='word_1_253' title='bbox 1947 2467 1989 2526; x_wconf 88' lang='grc' dir='ltr'><strong><em>μ.,</em></strong></span> 
     </span>
    </p>

    <p class='ocr_par' dir='ltr' id='par_1_14' title="bbox 311 2518 1675 2643">
     <span class='ocr_line' id='line_1_20' title="bbox 311 2518 1675 2643; baseline 0.003 -26"><span class='ocrx_word' id='word_1_254' title='bbox 311 2563 381 2628; x_wconf 86' lang='grc' dir='ltr'><strong><em>τοῖς</em></strong></span> <span class='ocrx_word' id='word_1_255' title='bbox 404 2553 541 2628; x_wconf 85' lang='grc' dir='ltr'><strong><em>ναύταις</em></strong></span> <span class='ocrx_word' id='word_1_256' title='bbox 563 2552 621 2618; x_wconf 84' lang='grc' dir='ltr'><strong><em>καί</em></strong></span> <span class='ocrx_word' id='word_1_257' title='bbox 644 2558 692 2636; x_wconf 76' lang='grc' dir='ltr'><strong><em>τῷ</em></strong></span> <span class='ocrx_word' id='word_1_258' title='bbox 719 2555 832 2637; x_wconf 85' lang='grc' dir='ltr'><strong><em>πλοίῳ.</em></strong></span> <span class='ocrx_word' id='word_1_259' title='bbox 877 2557 933 2620; x_wconf 91' lang='grc' dir='ltr'><strong><em>ἀπ.</em></strong></span> <span class='ocrx_word' id='word_1_260' title='bbox 958 2554 992 2618; x_wconf 78' lang='grc' dir='ltr'><strong><em>δὲ</em></strong></span> <span class='ocrx_word' id='word_1_261' title='bbox 1016 2558 1060 2629; x_wconf 86' lang='grc' dir='ltr'><strong><em>είς</em></strong></span> <span class='ocrx_word' id='word_1_262' title='bbox 1242 2551 1282 2617; x_wconf 90' lang='grc' dir='ltr'><strong><em>τδ</em></strong></span> <span class='ocrx_word' id='word_1_263' title='bbox 1306 2558 1452 2635; x_wconf 86' lang='grc' dir='ltr'><strong><em>πέμπτον</em></strong></span> <span class='ocrx_word' id='word_1_264' title='bbox 1474 2558 1581 2643; x_wconf 87' lang='grc' dir='ltr'><strong><em>μέρος.</em></strong></span> <span class='ocrx_word' id='word_1_265' title='bbox 1642 2518 1675 2571; x_wconf 59' lang='lat'><strong><em>¹</em></strong></span> 
     </span>
    </p>

    <p class='ocr_par' dir='ltr' id='par_1_15' title="bbox 312 2658 1988 2746">
     <span class='ocr_line' id='line_1_21' title="bbox 312 2658 1988 2746; baseline 0 -23"><span class='ocrx_word' id='word_1_266' title='bbox 312 2660 394 2724; x_wconf 87' lang='grc' dir='ltr'><strong><em>θάλ.</em></strong></span> <span class='ocrx_word' id='word_1_267' title='bbox 427 2698 468 2708; x_wconf 96' lang='grc'><strong>-</strong></span> <span class='ocrx_word' id='word_1_268' title='bbox 498 2698 539 2708; x_wconf 92' lang='grc'>-</span> <span class='ocrx_word' id='word_1_269' title='bbox 568 2698 610 2708; x_wconf 90' lang='grc'>-</span> <span class='ocrx_word' id='word_1_270' title='bbox 642 2660 699 2724; x_wconf 85' lang='grc' dir='ltr'><strong><em>καί</em></strong></span> <span class='ocrx_word' id='word_1_271' title='bbox 732 2658 837 2737; x_wconf 78' lang='grc' dir='ltr'><strong><em>οὕτως</em></strong></span> <span class='ocrx_word' id='word_1_272' title='bbox 870 2664 903 2726; x_wconf 85' lang='grc' dir='ltr'><strong><em>οί</em></strong></span> <span class='ocrx_word' id='word_1_273' title='bbox 928 2670 1058 2726; x_wconf 79' lang='grc' dir='ltr'><strong><em>ναῦται.</em></strong></span> <span class='ocrx_word' id='word_1_274' title='bbox 1086 2660 1172 2743; x_wconf 83' lang='grc' dir='ltr'><strong><em>ο.μς’</em></strong></span> <span class='ocrx_word' id='word_1_275' title='bbox 1188 2666 1237 2742; x_wconf 91' lang='lat'><strong><em>(=</em></strong></span> <span class='ocrx_word' id='word_1_276' title='bbox 1252 2666 1317 2741; x_wconf 82' lang='lat'>46).</span> <span class='ocrx_word' id='word_1_277' title='bbox 1345 2664 1515 2743; x_wconf 80' lang='grc' dir='ltr'><strong><em>παρεχέτω</em></strong></span> <span class='ocrx_word' id='word_1_278' title='bbox 1543 2664 1562 2725; x_wconf 89' lang='grc' dir='ltr'><strong><em>ό</em></strong></span> <span class='ocrx_word' id='word_1_279' title='bbox 1590 2660 1773 2746; x_wconf 86' lang='grc' dir='ltr'><strong><em>ναύκληρος</em></strong></span> <span class='ocrx_word' id='word_1_280' title='bbox 1806 2697 1847 2707; x_wconf 96' lang='grc'>-</span> <span class='ocrx_word' id='word_1_281' title='bbox 1876 2697 1917 2706; x_wconf 93' lang='grc'>-</span> <span class='ocrx_word' id='word_1_282' title='bbox 1946 2696 1988 2706; x_wconf 94' lang='grc'>-</span> 
     </span>
    </p>

    <p class='ocr_par' dir='ltr' id='par_1_16' title="bbox 311 2765 1989 2856">
     <span class='ocr_line' id='line_1_22' title="bbox 311 2765 1989 2856; baseline 0 -25"><span class='ocrx_word' id='word_1_283' title='bbox 311 2765 394 2849; x_wconf 79' lang='grc' dir='ltr'><strong><em>μετά</em></strong></span> <span class='ocrx_word' id='word_1_284' title='bbox 417 2806 458 2815; x_wconf 87' lang='grc'><strong>-</strong></span> <span class='ocrx_word' id='word_1_285' title='bbox 475 2806 517 2816; x_wconf 94' lang='grc'><strong>-</strong></span> <span class='ocrx_word' id='word_1_286' title='bbox 534 2806 575 2816; x_wconf 92' lang='grc'><strong>-</strong></span> <span class='ocrx_word' id='word_1_287' title='bbox 600 2772 626 2832; x_wconf 87' lang='grc' dir='ltr'><strong><em>εί</em></strong></span> <span class='ocrx_word' id='word_1_288' title='bbox 646 2767 680 2831; x_wconf 74' lang='grc' dir='ltr'><strong><em>δὲ</em></strong></span> <span class='ocrx_word' id='word_1_289' title='bbox 695 2772 796 2856; x_wconf 90' lang='grc' dir='ltr'><strong><em>φανῇ,</em></strong></span> <span class='ocrx_word' id='word_1_290' title='bbox 821 2769 922 2834; x_wconf 82' lang='grc' dir='ltr'><strong><em>διπλά</em></strong></span> <span class='ocrx_word' id='word_1_291' title='bbox 938 2769 1059 2833; x_wconf 81' lang='grc' dir='ltr'><strong><em>διδότω</em></strong></span> <span class='ocrx_word' id='word_1_292' title='bbox 1242 2776 1313 2841; x_wconf 86' lang='grc' dir='ltr'><strong><em>τοῖς</em></strong></span> <span class='ocrx_word' id='word_1_293' title='bbox 1337 2769 1449 2831; x_wconf 81' lang='grc' dir='ltr'><strong><em>αὐτῶν</em></strong></span> <span class='ocrx_word' id='word_1_294' title='bbox 1470 2768 1688 2853; x_wconf 86' lang='grc' dir='ltr'><strong><em>κληρονόμοις</em></strong></span> <span class='ocrx_word' id='word_1_295' title='bbox 1712 2803 1989 2815; x_wconf 91' lang='grc'>-----</span> 
     </span>
    </p>

    <p class='ocr_par' dir='ltr' id='par_1_17' title="bbox 155 2872 1991 3069">
     <span class='ocr_line' id='line_1_23' title="bbox 309 2872 1991 2959; baseline -0.002 -20"><span class='ocrx_word' id='word_1_296' title='bbox 309 2872 366 2939; x_wconf 82' lang='grc' dir='ltr'><strong><em>καί</em></strong></span> <span class='ocrx_word' id='word_1_297' title='bbox 390 2883 451 2937; x_wconf 84' lang='grc' dir='ltr'><strong><em>τοῦ</em></strong></span> <span class='ocrx_word' id='word_1_298' title='bbox 473 2877 552 2949; x_wconf 76' lang='grc' dir='ltr'><strong><em>ἴσως</em></strong></span> <span class='ocrx_word' id='word_1_299' title='bbox 574 2874 711 2959; x_wconf 88' lang='grc' dir='ltr'><strong><em>κέρδους</em></strong></span> <span class='ocrx_word' id='word_1_300' title='bbox 733 2877 802 2939; x_wconf 88' lang='grc' dir='ltr'><strong><em>κτλ.</em></strong></span> <span class='ocrx_word' id='word_1_301' title='bbox 1241 2874 1389 2958; x_wconf 81' lang='grc' dir='ltr'><strong><em>εὑρίσκει,</em></strong></span> <span class='ocrx_word' id='word_1_302' title='bbox 1407 2875 1519 2939; x_wconf 87' lang='grc' dir='ltr'><strong><em>πάντα</em></strong></span> <span class='ocrx_word' id='word_1_303' title='bbox 1538 2873 1705 2939; x_wconf 81' lang='grc' dir='ltr'><strong><em>ἀποδώσει</em></strong></span> <span class='ocrx_word' id='word_1_304' title='bbox 1724 2874 1787 2938; x_wconf 82' lang='grc' dir='ltr'><strong><em>λδ</em></strong></span> <span class='ocrx_word' id='word_1_305' title='bbox 1808 2874 1991 2948; x_wconf 75' lang='grc' dir='ltr'><strong><em>ἀποσείσας</em></strong></span> 
     </span>
     <span class='ocr_line' id='line_1_24' title="bbox 155 2981 1573 3069; baseline 0 -24"><span class='ocrx_word' id='word_1_306' title='bbox 155 3005 180 3045; x_wconf 85' lang='grc' dir='ltr'><strong><em>ο.</em></strong></span> <span class='ocrx_word' id='word_1_307' title='bbox 192 2987 242 3045; x_wconf 87' lang='grc'><strong><em>39.</em></strong></span> <span class='ocrx_word' id='word_1_308' title='bbox 266 2981 355 3045; x_wconf 81' lang='grc' dir='ltr'><strong><em>ἐλέου</em></strong></span> <span class='ocrx_word' id='word_1_309' title='bbox 370 3019 412 3028; x_wconf 88' lang='grc'><strong>-</strong></span> <span class='ocrx_word' id='word_1_310' title='bbox 429 3018 471 3029; x_wconf 89' lang='grc'>-</span> <span class='ocrx_word' id='word_1_311' title='bbox 488 2982 625 3068; x_wconf 78' lang='grc' dir='ltr'><strong><em>εἰσέλθῃ</em></strong></span> <span class='ocrx_word' id='word_1_312' title='bbox 640 2986 674 3045; x_wconf 83' lang='grc' dir='ltr'><strong><em>ἑν</em></strong></span> <span class='ocrx_word' id='word_1_313' title='bbox 689 2983 774 3069; x_wconf 89' lang='grc' dir='ltr'><strong><em>ἀκτῇ</em></strong></span> <span class='ocrx_word' id='word_1_314' title='bbox 790 3018 1058 3030; x_wconf 85' lang='grc'>-----</span> <span class='ocrx_word' id='word_1_315' title='bbox 1241 2984 1347 3065; x_wconf 82' lang='grc' dir='ltr'><strong><em>μέρος.</em></strong></span> <span class='ocrx_word' id='word_1_316' title='bbox 1384 2982 1495 3045; x_wconf 71' lang='lat' dir='ltr'>Cetera</span> <span class='ocrx_word' id='word_1_317' title='bbox 1515 3003 1573 3045; x_wconf 74' lang='lat' dir='ltr'><strong><em>om</em></strong></span> 
     </span>
    </p>

    <p class='ocr_par' dir='ltr' id='par_1_18' title="bbox 311 3084 1990 3173">
     <span class='ocr_line' id='line_1_25' title="bbox 311 3084 1990 3173; baseline -0.001 -21"><span class='ocrx_word' id='word_1_318' title='bbox 311 3084 362 3152; x_wconf 86' lang='grc' dir='ltr'><strong><em>ότι</em></strong></span> <span class='ocrx_word' id='word_1_319' title='bbox 387 3093 420 3152; x_wconf 79' lang='grc' dir='ltr'><strong><em>ὲν</em></strong></span> <span class='ocrx_word' id='word_1_320' title='bbox 443 3092 490 3170; x_wconf 76' lang='grc' dir='ltr'><strong><em>τῷ</em></strong></span> <span class='ocrx_word' id='word_1_321' title='bbox 514 3090 604 3170; x_wconf 81' lang='grc' dir='ltr'><strong><em>τόπιμ</em></strong></span> <span class='ocrx_word' id='word_1_322' title='bbox 632 3112 661 3156; x_wconf 88' lang='grc' dir='ltr'><strong><em>τ.</em></strong></span> <span class='ocrx_word' id='word_1_323' title='bbox 681 3110 716 3167; x_wconf 88' lang='grc' dir='ltr'><strong><em>χ.</em></strong></span> <span class='ocrx_word' id='word_1_324' title='bbox 741 3110 764 3152; x_wconf 86' lang='grc' dir='ltr'><strong><em>ε.</em></strong></span> <span class='ocrx_word' id='word_1_325' title='bbox 786 3098 848 3153; x_wconf 80' lang='grc' dir='ltr'><strong><em>τοῦ</em></strong></span> <span class='ocrx_word' id='word_1_326' title='bbox 874 3112 903 3152; x_wconf 90' lang='grc' dir='ltr'><strong><em>τ.</em></strong></span> <span class='ocrx_word' id='word_1_327' title='bbox 925 3111 957 3170; x_wconf 92' lang='grc' dir='ltr'><strong><em>μ.</em></strong></span> <span class='ocrx_word' id='word_1_328' title='bbox 980 3093 1003 3151; x_wconf 87' lang='grc' dir='ltr'><strong><em>έ.</em></strong></span> <span class='ocrx_word' id='word_1_329' title='bbox 1026 3094 1060 3152; x_wconf 78' lang='grc' dir='ltr'><strong><em>εν</em></strong></span> <span class='ocrx_word' id='word_1_330' title='bbox 1087 3107 1112 3148; x_wconf 84' lang='grc' dir='ltr'><strong><em>υ.</em></strong></span> <span class='ocrx_word' id='word_1_331' title='bbox 1127 3089 1180 3150; x_wconf 84' lang='grc'><strong><em>47.</em></strong></span> <span class='ocrx_word' id='word_1_332' title='bbox 1204 3086 1365 3173; x_wconf 80' lang='grc' dir='ltr'><strong><em>ἀργύριον</em></strong></span> <span class='ocrx_word' id='word_1_333' title='bbox 1387 3092 1423 3151; x_wconf 84' lang='grc' dir='ltr'><strong><em>έκ</em></strong></span> <span class='ocrx_word' id='word_1_334' title='bbox 1443 3087 1562 3173; x_wconf 78' lang='grc' dir='ltr'><strong><em>βυθοῦ</em></strong></span> <span class='ocrx_word' id='word_1_335' title='bbox 1583 3094 1630 3153; x_wconf 82' lang='grc' dir='ltr'><strong><em>έπ.</em></strong></span> <span class='ocrx_word' id='word_1_336' title='bbox 1653 3085 1721 3153; x_wconf 82' lang='grc' dir='ltr'><strong><em>ἀπὸ</em></strong></span> <span class='ocrx_word' id='word_1_337' title='bbox 1744 3086 1802 3171; x_wconf 79' lang='grc' dir='ltr'><strong><em>μέν</em></strong></span> <span class='ocrx_word' id='word_1_338' title='bbox 1825 3087 1990 3169; x_wconf 78' lang='grc' dir='ltr'><strong><em>ούρχυιωυ</em></strong></span> 
     </span>
    </p>

    <p class='ocr_par' dir='ltr' id='par_1_19' title="bbox 312 3189 1990 3282">
     <span class='ocr_line' id='line_1_26' title="bbox 312 3189 1990 3282; baseline -0.001 -24"><span class='ocrx_word' id='word_1_339' title='bbox 312 3204 382 3270; x_wconf 82' lang='grc' dir='ltr'><strong><em>τοῖς</em></strong></span> <span class='ocrx_word' id='word_1_340' title='bbox 397 3197 590 3281; x_wconf 76' lang='grc' dir='ltr'><strong><em>συμφώνους</em></strong></span> <span class='ocrx_word' id='word_1_341' title='bbox 609 3233 650 3242; x_wconf 92' lang='grc'>-</span> <span class='ocrx_word' id='word_1_342' title='bbox 667 3231 710 3243; x_wconf 91' lang='grc'>-</span> <span class='ocrx_word' id='word_1_343' title='bbox 730 3195 863 3277; x_wconf 74' lang='grc' dir='ltr'><strong><em>τοῦμὲν</em></strong></span> <span class='ocrx_word' id='word_1_344' title='bbox 877 3193 916 3282; x_wconf 79' lang='grc' dir='ltr'><strong><em>(ί)</em></strong></span> <span class='ocrx_word' id='word_1_345' title='bbox 932 3195 1058 3276; x_wconf 87' lang='grc' dir='ltr'><strong><em>πλοίου,</em></strong></span> <span class='ocrx_word' id='word_1_346' title='bbox 1241 3197 1262 3269; x_wconf 72' lang='grc' dir='ltr'><strong><em>ι’)</em></strong></span> <span class='ocrx_word' id='word_1_347' title='bbox 1286 3229 1326 3240; x_wconf 88' lang='grc'><strong>-</strong></span> <span class='ocrx_word' id='word_1_348' title='bbox 1351 3231 1394 3243; x_wconf 92' lang='grc'><strong>-</strong></span> <span class='ocrx_word' id='word_1_349' title='bbox 1418 3232 1460 3242; x_wconf 97' lang='grc'><strong>-</strong></span> <span class='ocrx_word' id='word_1_350' title='bbox 1483 3231 1526 3243; x_wconf 91' lang='grc'>-</span> <span class='ocrx_word' id='word_1_351' title='bbox 1555 3195 1718 3281; x_wconf 79' lang='grc' dir='ltr'><strong><em>ούρχυιιῦν</em></strong></span> <span class='ocrx_word' id='word_1_352' title='bbox 1746 3191 1773 3257; x_wconf 97' lang='grc' dir='ltr'><strong><em>δ.</em></strong></span> <span class='ocrx_word' id='word_1_353' title='bbox 1797 3215 1844 3273; x_wconf 92' lang='grc' dir='ltr'><strong><em>π.,</em></strong></span> <span class='ocrx_word' id='word_1_354' title='bbox 1873 3191 1912 3257; x_wconf 85' lang='grc' dir='ltr'><strong><em>τὸ</em></strong></span> <span class='ocrx_word' id='word_1_355' title='bbox 1937 3189 1990 3276; x_wconf 71' lang='grc' dir='ltr'><strong><em>ήμ.</em></strong></span> 
     </span>
    </p>

    <p class='ocr_par' dir='ltr' id='par_1_20' title="bbox 310 3295 1991 3389">
     <span class='ocr_line' id='line_1_27' title="bbox 310 3295 1991 3389; baseline -0.003 -22"><span class='ocrx_word' id='word_1_356' title='bbox 310 3325 339 3367; x_wconf 91' lang='grc' dir='ltr'><strong><em>τ.</em></strong></span> <span class='ocrx_word' id='word_1_357' title='bbox 362 3302 390 3365; x_wconf 90' lang='grc' dir='ltr'><strong><em>δ.</em></strong></span> <span class='ocrx_word' id='word_1_358' title='bbox 414 3325 451 3389; x_wconf 92' lang='grc' dir='ltr'><strong><em>φ.</em></strong></span> <span class='ocrx_word' id='word_1_359' title='bbox 475 3302 590 3389; x_wconf 91' lang='grc' dir='ltr'><strong><em>σωθῇ,</em></strong></span> <span class='ocrx_word' id='word_1_360' title='bbox 619 3304 651 3366; x_wconf 92' lang='grc' dir='ltr'><strong><em>ἀ.</em></strong></span> <span class='ocrx_word' id='word_1_361' title='bbox 675 3303 693 3364; x_wconf 92' lang='grc' dir='ltr'><strong><em>δ</em></strong></span> <span class='ocrx_word' id='word_1_362' title='bbox 717 3324 744 3364; x_wconf 88' lang='grc' dir='ltr'><strong><em>ν.</em></strong></span> <span class='ocrx_word' id='word_1_363' title='bbox 768 3312 857 3366; x_wconf 81' lang='grc' dir='ltr'><strong><em>σῶον</em></strong></span> <span class='ocrx_word' id='word_1_364' title='bbox 879 3304 911 3366; x_wconf 92' lang='grc' dir='ltr'><strong><em>ἀ.</em></strong></span> <span class='ocrx_word' id='word_1_365' title='bbox 934 3324 963 3364; x_wconf 90' lang='grc' dir='ltr'><strong><em>τ.</em></strong></span> <span class='ocrx_word' id='word_1_366' title='bbox 985 3305 1008 3364; x_wconf 80' lang='grc' dir='ltr'><strong><em>ε.</em></strong></span> <span class='ocrx_word' id='word_1_367' title='bbox 1033 3305 1059 3364; x_wconf 86' lang='grc' dir='ltr'><strong><em>εί</em></strong></span> <span class='ocrx_word' id='word_1_368' title='bbox 1243 3295 1299 3364; x_wconf 88' lang='grc' dir='ltr'><strong><em>διά</em></strong></span> <span class='ocrx_word' id='word_1_369' title='bbox 1326 3297 1386 3365; x_wconf 85' lang='grc' dir='ltr'><strong><em>τόν</em></strong></span> <span class='ocrx_word' id='word_1_370' title='bbox 1407 3324 1437 3365; x_wconf 90' lang='grc' dir='ltr'><strong><em>κ.</em></strong></span> <span class='ocrx_word' id='word_1_371' title='bbox 1458 3325 1486 3365; x_wconf 98' lang='grc' dir='ltr'><strong><em>τ.</em></strong></span> <span class='ocrx_word' id='word_1_372' title='bbox 1505 3301 1538 3388; x_wconf 91' lang='grc' dir='ltr'><strong><em>β.</em></strong></span> <span class='ocrx_word' id='word_1_373' title='bbox 1566 3312 1633 3365; x_wconf 77' lang='grc' dir='ltr'><strong><em>τῶν</em></strong></span> <span class='ocrx_word' id='word_1_374' title='bbox 1660 3301 1694 3364; x_wconf 81' lang='grc' dir='ltr'><strong><em>δὲ</em></strong></span> <span class='ocrx_word' id='word_1_375' title='bbox 1722 3305 1787 3385; x_wconf 82' lang='grc' dir='ltr'><strong><em>έκρ.</em></strong></span> <span class='ocrx_word' id='word_1_376' title='bbox 1810 3297 1861 3363; x_wconf 74' lang='grc' dir='ltr'><strong><em>ἐπὶ</em></strong></span> <span class='ocrx_word' id='word_1_377' title='bbox 1884 3311 1991 3379; x_wconf 83' lang='grc' dir='ltr'><strong><em>πήχυυ</em></strong></span> 
     </span>
    </p>

    <p class='ocr_par' dir='ltr' id='par_1_21' title="bbox 155 3407 1991 3598">
     <span class='ocr_line' id='line_1_28' title="bbox 312 3407 1991 3496; baseline -0.002 -24"><span class='ocrx_word' id='word_1_378' title='bbox 312 3408 339 3472; x_wconf 93' lang='grc' dir='ltr'><strong><em>δ.</em></strong></span> <span class='ocrx_word' id='word_1_379' title='bbox 362 3408 395 3493; x_wconf 92' lang='grc' dir='ltr'><strong><em>β.</em></strong></span> <span class='ocrx_word' id='word_1_380' title='bbox 418 3432 446 3472; x_wconf 97' lang='grc' dir='ltr'><strong><em>τ.</em></strong></span> <span class='ocrx_word' id='word_1_381' title='bbox 469 3411 556 3496; x_wconf 89' lang='grc' dir='ltr'><strong><em>ἀμφ.</em></strong></span> <span class='ocrx_word' id='word_1_382' title='bbox 578 3417 680 3472; x_wconf 80' lang='grc' dir='ltr'><strong><em>τοῦτο</em></strong></span> <span class='ocrx_word' id='word_1_383' title='bbox 703 3410 836 3489; x_wconf 77' lang='grc' dir='ltr'><strong><em>γένηται</em></strong></span> <span class='ocrx_word' id='word_1_384' title='bbox 860 3408 929 3472; x_wconf 84' lang='grc' dir='ltr'><strong><em>κτλ</em></strong></span> <span class='ocrx_word' id='word_1_385' title='bbox 1243 3410 1314 3491; x_wconf 75' lang='grc' dir='ltr'><strong><em>ἕνα,</em></strong></span> <span class='ocrx_word' id='word_1_386' title='bbox 1352 3407 1561 3493; x_wconf 80' lang='grc' dir='ltr'><strong><em>(λαμβανέτω</em></strong></span> <span class='ocrx_word' id='word_1_387' title='bbox 1599 3410 1618 3472; x_wconf 85' lang='grc' dir='ltr'><strong><em>ό</em></strong></span> <span class='ocrx_word' id='word_1_388' title='bbox 1650 3413 1771 3489; x_wconf 82' lang='grc' dir='ltr'><strong><em>ταῦτ)α</em></strong></span> <span class='ocrx_word' id='word_1_389' title='bbox 1807 3408 1991 3486; x_wconf 83' lang='grc' dir='ltr'><strong><em>ἀποσώζων</em></strong></span> 
     </span>
     <span class='ocr_line' id='line_1_29' title="bbox 155 3510 1741 3598; baseline -0.002 -19"><span class='ocrx_word' id='word_1_390' title='bbox 155 3539 180 3579; x_wconf 86' lang='grc' dir='ltr'><strong><em>ο.</em></strong></span> <span class='ocrx_word' id='word_1_391' title='bbox 192 3518 242 3579; x_wconf 83' lang='grc'><strong><em>40.</em></strong></span> <span class='ocrx_word' id='word_1_392' title='bbox 264 3514 321 3579; x_wconf 85' lang='grc' dir='ltr'><strong><em>καί</em></strong></span> <span class='ocrx_word' id='word_1_393' title='bbox 354 3523 415 3579; x_wconf 81' lang='grc' dir='ltr'><strong><em>τοῦ</em></strong></span> <span class='ocrx_word' id='word_1_394' title='bbox 446 3515 562 3580; x_wconf 90' lang='grc' dir='ltr'><strong><em>πλοίου</em></strong></span> <span class='ocrx_word' id='word_1_395' title='bbox 590 3552 632 3563; x_wconf 94' lang='grc'>-</span> <span class='ocrx_word' id='word_1_396' title='bbox 661 3552 702 3562; x_wconf 91' lang='grc'>-</span> <span class='ocrx_word' id='word_1_397' title='bbox 731 3551 773 3562; x_wconf 95' lang='grc'>-</span> <span class='ocrx_word' id='word_1_398' title='bbox 803 3516 947 3598; x_wconf 91' lang='grc' dir='ltr'><strong><em>χρυσιόν</em></strong></span> <span class='ocrx_word' id='word_1_399' title='bbox 977 3510 1056 3598; x_wconf 82' lang='grc' dir='ltr'><strong><em>μεθ’</em></strong></span> <span class='ocrx_word' id='word_1_400' title='bbox 1244 3512 1385 3578; x_wconf 85' lang='grc' dir='ltr'><strong><em>δέκατον</em></strong></span> <span class='ocrx_word' id='word_1_401' title='bbox 1406 3517 1512 3597; x_wconf 86' lang='grc' dir='ltr'><strong><em>μέρος.</em></strong></span> <span class='ocrx_word' id='word_1_402' title='bbox 1550 3515 1661 3580; x_wconf 67' lang='grc' dir='ltr'><strong><em>(δελετε</em></strong></span> <span class='ocrx_word' id='word_1_403' title='bbox 1683 3537 1741 3577; x_wconf 88' lang='lat' dir='ltr'><strong><em>om.</em></strong></span> 
     </span>
    </p>
   </div>
   <div class='ocr_carea' id='block_1_4' title="bbox 308 3618 1990 3816">
    <p class='ocr_par' dir='ltr' id='par_1_22' title="bbox 308 3618 1990 3816">
     <span class='ocr_line' id='line_1_30' title="bbox 311 3618 1990 3727; baseline 0.005 -27"><span class='ocrx_word' id='word_1_404' title='bbox 311 3625 438 3687; x_wconf 64' lang='grc' dir='ltr'><strong><em>ἑαυτῶν</em></strong></span> <span class='ocrx_word' id='word_1_405' title='bbox 460 3659 501 3670; x_wconf 89' lang='grc'><strong>-</strong></span> <span class='ocrx_word' id='word_1_406' title='bbox 519 3659 561 3670; x_wconf 92' lang='grc'>-</span> <span class='ocrx_word' id='word_1_407' title='bbox 585 3622 761 3703; x_wconf 61' lang='lat' dir='ltr'><strong><em>daootpmoe</em></strong></span> <span class='ocrx_word' id='word_1_408' title='bbox 781 3621 925 3707; x_wconf 61' lang='grc' dir='ltr'><strong><em>δμᾱθίπ</em></strong></span> <span class='ocrx_word' id='word_1_409' title='bbox 949 3618 988 3685; x_wconf 66' lang='grc' dir='ltr'><strong><em>τὸ</em></strong></span> <span class='ocrx_word' id='word_1_410' title='bbox 1003 3620 1061 3703; x_wconf 55' lang='grc' dir='ltr'><strong><em>μὲν</em></strong></span> <span class='ocrx_word' id='word_1_411' title='bbox 1088 3653 1190 3725; x_wconf 74' lang='lat' dir='ltr'><strong>Capita</strong></span> <span class='ocrx_word' id='word_1_412' title='bbox 1207 3658 1250 3708; x_wconf 79' lang='grc' dir='ltr'><strong><em>ιε.</em></strong></span> <span class='ocrx_word' id='word_1_413' title='bbox 1270 3659 1312 3709; x_wconf 81' lang='grc' dir='ltr'><strong><em>ου.</em></strong></span> <span class='ocrx_word' id='word_1_414' title='bbox 1332 3660 1363 3709; x_wconf 84' lang='lat'><strong><em>51</em></strong></span> <span class='ocrx_word' id='word_1_415' title='bbox 1385 3656 1424 3721; x_wconf 86' lang='lat'><strong><em>(=</em></strong></span> <span class='ocrx_word' id='word_1_416' title='bbox 1439 3654 1601 3727; x_wconf 74' lang='grc' dir='ltr'><strong><em>Ρωσωιοι,</em></strong></span> <span class='ocrx_word' id='word_1_417' title='bbox 1619 3654 1788 3724; x_wconf 72' lang='grc' dir='ltr'><strong><em>Ησιιιοιιο)</em></strong></span> <span class='ocrx_word' id='word_1_418' title='bbox 1805 3654 1908 3710; x_wconf 71' lang='lat' dir='ltr'><strong>adsunt</strong></span> <span class='ocrx_word' id='word_1_419' title='bbox 1920 3659 1949 3709; x_wconf 83' lang='lat' dir='ltr'><strong><em>et</em></strong></span> <span class='ocrx_word' id='word_1_420' title='bbox 1961 3656 1990 3708; x_wconf 78' lang='lat' dir='ltr'><strong><em>in</em></strong></span> 
     </span>
     <span class='ocr_line' id='line_1_31' title="bbox 308 3726 1672 3816; baseline 0.007 -24"><span class='ocrx_word' id='word_1_421' title='bbox 308 3731 452 3814; x_wconf 88' lang='grc' dir='ltr'><strong><em>χρυσίον</em></strong></span> <span class='ocrx_word' id='word_1_422' title='bbox 475 3726 514 3792; x_wconf 88' lang='grc' dir='ltr'><strong><em>τό</em></strong></span> <span class='ocrx_word' id='word_1_423' title='bbox 538 3729 725 3812; x_wconf 83' lang='grc' dir='ltr'><strong><em>σωζόμενον</em></strong></span> <span class='ocrx_word' id='word_1_424' title='bbox 751 3765 1059 3776; x_wconf 87' lang='lat'>-----</span> <span class='ocrx_word' id='word_1_425' title='bbox 1406 3744 1467 3800; x_wconf 74' lang='grc' dir='ltr'><strong><em>οοδ</em></strong></span> <span class='ocrx_word' id='word_1_426' title='bbox 1485 3745 1527 3815; x_wconf 83' lang='grc' dir='ltr'><strong><em>Μ,</em></strong></span> <span class='ocrx_word' id='word_1_427' title='bbox 1547 3749 1580 3800; x_wconf 78' lang='grc'><strong><em>68</em></strong></span> <span class='ocrx_word' id='word_1_428' title='bbox 1599 3745 1672 3816; x_wconf 73' lang='grc' dir='ltr'><strong><em>ειη).ι</em></strong></span> 
     </span>
    </p>
   </div>
   <div class='ocr_carea' id='block_1_5' title="bbox 158 3972 1987 4139">
    <p class='ocr_par' dir='ltr' id='par_1_23' title="bbox 158 3972 1987 4139">
     <span class='ocr_line' id='line_1_32' title="bbox 265 3972 1987 4050; baseline -0.003 -18"><span class='ocrx_word' id='word_1_429' title='bbox 265 3977 425 4033; x_wconf 80' lang='grc' dir='ltr'><strong><em>ιει(1υ.όθ</em></strong></span> <span class='ocrx_word' id='word_1_430' title='bbox 448 3976 640 4032; x_wconf 82' lang='grc' dir='ltr'><strong><em>τδόιιούν..</em></strong></span> <span class='ocrx_word' id='word_1_431' title='bbox 663 3977 883 4050; x_wconf 84' lang='grc' dir='ltr'><strong><em>τοτετροιπλοῠν.</em></strong></span> <span class='ocrx_word' id='word_1_432' title='bbox 920 3975 1049 4047; x_wconf 80' lang='lat' dir='ltr'>Iungitur</span> <span class='ocrx_word' id='word_1_433' title='bbox 1066 3992 1090 4030; x_wconf 81' lang='grc' dir='ltr'><strong><em>ο.</em></strong></span> <span class='ocrx_word' id='word_1_434' title='bbox 1110 3980 1141 4030; x_wconf 74' lang='grc'><strong><em>61</em></strong></span> <span class='ocrx_word' id='word_1_435' title='bbox 1167 3973 1182 4028; x_wconf 89' lang='grc' dir='ltr'><strong><em>δ</em></strong></span> <span class='ocrx_word' id='word_1_436' title='bbox 1205 3972 1235 4028; x_wconf 78' lang='grc' dir='ltr'><strong><em>δὲ</em></strong></span> <span class='ocrx_word' id='word_1_437' title='bbox 1257 3972 1389 4048; x_wconf 77' lang='grc' dir='ltr'><strong><em>βαρυτέρᾳ</em></strong></span> <span class='ocrx_word' id='word_1_438' title='bbox 1413 3996 1537 4029; x_wconf 87' lang='grc'><strong><em>......</em></strong></span> <span class='ocrx_word' id='word_1_439' title='bbox 1538 3978 1548 4029; x_wconf 89' lang='grc' dir='ltr'><strong><em>ί</em></strong></span> <span class='ocrx_word' id='word_1_440' title='bbox 1571 3995 1595 4030; x_wconf 87' lang='grc' dir='ltr'><strong><em>τι</em></strong></span> <span class='ocrx_word' id='word_1_441' title='bbox 1618 3975 1673 4030; x_wconf 80' lang='grc' dir='ltr'><strong><em>ἀπὸ</em></strong></span> <span class='ocrx_word' id='word_1_442' title='bbox 1696 3996 1718 4030; x_wconf 84' lang='grc' dir='ltr'><strong><em>ν.</em></strong></span> <span class='ocrx_word' id='word_1_443' title='bbox 1742 4015 1771 4030; x_wconf 94' lang='grc'><strong><em>..</em></strong></span> <span class='ocrx_word' id='word_1_444' title='bbox 1795 3975 1942 4047; x_wconf 78' lang='grc' dir='ltr'><strong><em>ύξορίζετοι</em></strong></span> <span class='ocrx_word' id='word_1_445' title='bbox 1961 4014 1987 4028; x_wconf 91' lang='grc'><strong><em>..</em></strong></span> 
     </span>
     <span class='ocr_line' id='line_1_33' title="bbox 158 4065 970 4139; baseline -0.004 -18"><span class='ocrx_word' id='word_1_446' title='bbox 158 4066 360 4139; x_wconf 78' lang='grc' dir='ltr'><strong><em>ίμβίήλλοιται)</em></strong></span> <span class='ocrx_word' id='word_1_447' title='bbox 396 4066 443 4121; x_wconf 82' lang='lat' dir='ltr'><strong><em>hic</em></strong></span> <span class='ocrx_word' id='word_1_448' title='bbox 462 4067 519 4121; x_wconf 81' lang='grc' dir='ltr'><strong><em>δεε.</em></strong></span> <span class='ocrx_word' id='word_1_449' title='bbox 538 4066 635 4122; x_wconf 85' lang='lat' dir='ltr'><strong>folium</strong></span> <span class='ocrx_word' id='word_1_450' title='bbox 654 4065 736 4122; x_wconf 79' lang='lat' dir='ltr'>valde</span> <span class='ocrx_word' id='word_1_451' title='bbox 754 4065 970 4136; x_wconf 75' lang='lat' dir='ltr'><strong>pessumdatum.</strong></span> 
     </span>
    </p>
   </div>
   <div class='ocr_carea' id='block_1_6' title="bbox 0 0 2357 7108">
    <p class='ocr_par' dir='ltr' id='par_1_24' title="bbox 0 0 2357 7108">
     <span class='ocr_line' id='line_1_34' title="bbox 0 0 2357 7108; baseline 0 0"><span class='ocrx_word' id='word_1_452' title='bbox 0 0 2357 7108; x_wconf 95' lang='lat' dir='ltr'><strong><em> </em></strong></span> 
     </span>
    </p>
   </div>
  </div>
 </body>
</html>
