4680 7114
784 459 937 527 LIBER
958 459 1049 527 LIII.
1092 460 1182 527 tlt.
1204 460 1265 528 ΠΙ.
1873 466 1936 529 188

58 658 81 708 a.
180 643 220 705 In
249 642 469 707 oontributione
498 662 576 725 quae
606 644 687 706 iacta
717 650 789 705 eunt
815 642 1013 706 aestimantur
1105 641 1140 704 si
1161 652 1196 704 ut
1218 653 1272 705 tua
1298 663 1433 706 servares
1459 664 1528 706 mea
1548 640 1711 725 proiecisti,
1738 665 1799 707 non
1820 645 1939 708 teneris.
1975 656 2017 705 la.

115 751 220 832 quanti
241 759 344 832 empta
365 751 500 824 fumant,
526 770 587 812 non
609 749 715 831 quanti
737 750 839 813 venire
864 758 1012 832 poterant
1040 750 1066 812 si
1087 759 1199 812 temero
1213 750 1374 831 proieeisti‚
1397 760 1445 812 est
1458 750 1544 813 loeus
1560 751 1678 814 actioni
1709 752 1743 815 ai
1757 773 1811 833 per
1825 752 1938 827 dolum,

114 878 174 920 non
200 857 281 920 enim
307 857 384 919 lueri
410 857 464 919 sed
490 856 594 918 damni
620 856 749 919 babetur
769 857 856 919 ratio.
902 856 954 920 sed
976 878 1014 919 ea
1041 858 1186 938 competit
1207 857 1368 920 adversum
1391 867 1421 920 ta
1443 859 1522 920 aetio
1544 860 1576 936 in
1599 857 1668 920 dolo
1690 859 1722 920 in
1744 855 1895 940 duplum.¹

114 984 193 1044 quae
220 965 452 1027 oontribuuntur
477 964 676 1026 aestimantur
702 963 807 1045 quanti
830 962 921 1027 vendi
943 983 1013 1044 poe·
1106 964 1141 1028 81
1171 964 1304 1027 alienum
1335 960 1576 1027 armamentum²
1606 965 1758 1045 proieeero
1793 966 1826 1027 in
1856 986 1940 1028 mare
1978 976 2019 1027 11.

114 1068 213 1133 suntl
1041 1091 1103 1133 non
1134 1080 1170 1133 ut
1199 1072 1318 1135 luorum
1344 1071 1399 1134 sed
1425 1080 1460 1134 ut
1486 1071 1631 1133 damnum
1657 1070 1785 1134 inferam
1812 1073 1940 1147 domino,

72 1225 80 1240 .
180 1178 342 1241 Servorum
368 1179 420 1258 qui
446 1185 626 1259 tempestate
651 1175 806 1258 perierunt
831 1177 880 1240 vel
909 1175 1014 1239 morbo
1041 1188 1144 1241 teneor
1165 1174 1309 1241 ιιοιίοιιο.8

114 1283 268 1366 absumpti
291 1292 362 1346 sunt
383 1304 445 1346 non
466 1285 501 1346 tit
524 1280 721 1347 aestimatio'
1108 1285 1142 1348 si
1163 1305 1202 1347 ex
1229 1285 1311 1348 iaetu
1334 1284 1457 1348 alterius
1479 1292 1603 1366 propter
1624 1283 1743 1346 luorum
1770 1284 1940 1349 substulero
1978 1297 2020 1348 lt.

72 1439 79 1454 .
180 1391 214 1454 ai
236 1392 303 1472 quis
325 1411 364 1453 ex
385 1391 556 1454 vectoribus
580 1390 723 1454 solvendo
745 1410 806 1452 non
829 1391 876 1465 sit,
899 1390 930 1452 id
952 1410 1014 1451 non
1041 1400 1144 1454 teneor
1165 1388 1268 1454 furti⁴

112 1498 242 1580 partinet
264 1497 305 1560 ad
326 1493 549 1560 οιτιιτίιοιιιιω.ο
1108 1498 1199 1576 Quod
1221 1519 1259 1560 ex
1281 1498 1439 1579 naufragio
1461 1497 1536 1560 mihi
1558 1497 1655 1579 periit,
1682 1519 1742 1560 non
1765 1498 1868 1561 statim
1891 1498 1940 1560 de·
1978 1511 2020 1560 16.

72 1654 78 1667 .
180 1605 273 1683 Quod
294 1605 407 1667 iaetum
426 1612 472 1666 eet
486 1603 663 1667 dereliotum
678 1624 739 1667 non
757 1613 811 1679 eet,
834 1602 886 1666 sed
901 1603 1014 1666 domini
1042 1605 1114 1668 sinit
1135 1625 1236 1668 meum
1258 1625 1332 1668 essa
1377 1605 1459 1669 Sane
1481 1605 1507 1667 si
1529 1605 1597 1686 quis
1620 1604 1792 1680 abstulerit,
1814 1606 1846 1667 in
1868 1624 1940 1685 qua

113 1708 244 1774 manet⁴
932 1700 934 1704 ⁸
1041 1712 1184 1794 druplum
1205 1709 1396 1775 damnatur.⁶

71 1871 77 1884 .
179 1817 214 1880 Si
235 1818 323 1881 navis
345 1817 494 1882 levandae
511 1838 606 1880 eausa
622 1818 709 1881 laeda
723 1818 848 1881 sarcinis
863 1817 938 1879 meis
953 1817 1016 1899 alia
1107 1820 1198 1898 Quod
1220 1839 1259 1881 ex
1272 1818 1431 1899 naufragio
1453 1818 1582 1881 substnli
1604 1839 1704 1881 meum
1726 1826 1859 1893 nonest,
1882 1818 1942 1879 nisi
1978 1830 2019 1880 lt.

112 1924 199 1987 navis
221 1924 419 2005 naufragetur
437 1924 633 2006 nonnullique
653 1945 709 2007 par
725 1926 892 1987 urinatores
914 1924 1014 2006 precio
1041 1926 1123 2007 prlor
1145 1926 1284 1988 dominus
1306 1946 1361 2007 pro
1383 1924 1526 1988 derelicto
1549 1922 1690 1987 habeat⁶

113 2051 170 2093 sua
191 2032 410 2113 reeuperarint,
435 2032 495 2113 ipsi
522 2032 596 2093 mihi
618 2033 867 2095 oontributionsm
893 2032 1013 2107 lanient,
1107 2032 1169 2095 Res
1193 2053 1231 2094 ex
1252 2053 1331 2096 nave
1353 2033 1503 2114 proieotae
1529 2052 1591 2094 non
1614 2040 1686 2094 sunt
1707 2032 1772 2094 sine
1794 2028 1940 2094 domino.⁷
1978 2046 2019 2096 18.

113 2158 174 2199 non
196 2138 300 2219 utique
322 2158 377 2218 ego
399 2137 473 2219 ipsis
496 2138 522 2199 ai
544 2140 699 2219 oontingat
712 2160 762 2201 me
776 2158 831 2221 per
845 2140 1014 2202 urinatores
1107 2139 1274 2219 Naufragio
1296 2139 1346 2202 vel
1369 2140 1451 2201 iaetu
1474 2140 1586 2202 amissa
1611 2139 1703 2218 longo
1725 2147 1858 2219 tempore
1879 2158 1941 2200 non
1978 2152 2019 2202 12.

114 2243 228 2325 aliquid
249 2241 456 2326 reeuperare.⁶
1041 2248 1272 2328 usucapiuntur:
1294 2266 1351 2308 nee
1372 2246 1452 2308 enim
1475 2256 1547 2309 sunt
1568 2245 1682 2327 absque
1696 2241 1843 2307 άοιιιίιιο.8
1879 2245 1940 2308 Sed

71 2401 78 2415 .
180 2350 214 2413 si
234 2371 348 2414 meroes
370 2350 474 2414 salvae
496 2350 658 2413 deteriores
684 2351 784 2415 faotae
805 2353 866 2415 sint
892 2362 1015 2435 propter
1041 2352 1199 2415 heredibus
1230 2353 1351 2435 quidam
1383 2353 1474 2415 datur
1501 2353 1579 2415 aetio
1610 2372 1688 2433 quae
1714 2352 1859 2433 competit
1890 2350 1941 2412 ad·

113 2458 236 2532 iaetum,
258 2458 387 2520 fortasse
409 2458 490 2519 enim
512 2467 673 2539 propterea
694 2459 775 2540 quod
797 2459 932 2521 nudatae
954 2461 1015 2522 sint
1041 2479 1145 2522 versus
1167 2480 1218 2522 eos
1240 2461 1292 2541 qui
1314 2480 1353 2522 ex
1374 2457 1533 2539 naufragio
1560 2459 1610 2522 vel
1636 2479 1709 2521 oasu
1730 2458 1781 2522 vel
1803 2458 1940 2521 ineendio

113 2564 271 2645 aspergine
291 2564 482 2639 maduerunt,
505 2566 531 2626 si
545 2564 665 2645 quidem
680 2566 862 2628 contributio
885 2565 925 2628 ab
939 2564 1014 2649 ipsis
1041 2567 1263 2630 substulenmt:
1285 2567 1318 2628 in
1338 2566 1462 2630 heredes
1485 2574 1586 2628 autem
1605 2566 1645 2628 ad
1658 2585 1722 2628 rem
1738 2574 1857 2629 tantum
1872 2586 1940 2629 oon-

112 2670 177 2732 lieri
199 2670 321 2733 deberet
338 2691 499 2733 numerum
514 2671 626 2746 denam,
648 2679 678 2733 et
695 2671 840 2733 damnum
856 2673 896 2734 sit
909 2692 1014 2735 numo
1041 2673 1234 2755 sequendam.

113 2797 181 2838 rum
203 2778 348 2859 quinque,
376 2777 508 2859 quinque
534 2786 653 2839 tantum
678 2779 916 2841 oontribuuntur.
962 2779 1014 2841 sed
1107 2780 1171 2858 Qut
1193 2801 1210 2842 e
1231 2800 1310 2844 nave
1331 2779 1449 2860 proiioit
1472 2787 1543 2840 ante
1565 2787 1696 2859 tempus,
1723 2779 1766 2842 rei
1794 2798 1867 2841 ass
1889 2777 1940 2840 do·
1975 2791 2019 2841 2ο.

113 2882 139 2944 si
168 2884 348 2946 contributio
377 2885 418 2946 sit
446 2883 562 2959 decem,
589 2884 734 2946 damnum
767 2894 867 2948 autem
898 2884 1014 2965 viginti,
1041 2887 1167 2949 minium
1190 2887 1325 2961 abdicat,
1348 2885 1442 2967 fitque
1462 2885 1651 2949 invenientis.
1697 2886 1798 2961 Atei,
1826 2895 1861 2948 ut
1882 2884 1940 2947 sal·

112 3009 174 3051 non
189 2989 393 3062 oontribuunt,
408 2991 461 3053 sed
475 2988 694 3053 oontribuitur⁰
711 2992 784 3072 ipsis
803 2992 914 3067 deoem,
936 3012 1015 3074 quae
1040 3014 1111 3057 vam
1137 2995 1294 3075 reciperet,
1321 2993 1458 3075 proiecit,
1484 2992 1619 3056 vindieat
1645 2991 1685 3054 ab
1712 3013 1747 3055 ao
1775 2994 1827 3073 qui
1853 2993 1939 3074 oepit.

113 3096 277 3159 seeundum
319 3097 546 3161 convenientem
591 3098 841 3161 oontributionsm
879 3098 1015 3161 relevent
1040 3101 1188 3180 Ignorans
1205 3102 1285 3163 enim
1299 3110 1430 3162 mentem
1448 3097 1631 3181 proiioientis
1646 3107 1677 3161 ot
1690 3098 1827 3161 lucrandi
1841 3101 1940 3179 gratia

113 3200 292 3267 damnum⁷
1040 3209 1190 3289 aecipiens
1213 3216 1248 3271 ut
1268 3207 1319 3270 sur
1340 3216 1459 3270 tenetur
1479 3207 1512 3267 in
1535 3206 1674 3287 duplum:
1698 3206 1724 3266 si
1738 3226 1809 3269 vero
1831 3214 1867 3268 ut
1881 3226 1939 3269 ser-

71 3360 77 3375 .
178 3307 304 3372 Amissa
333 3330 412 3374 nave
443 3312 495 3392 qui
521 3330 560 3373 ex
587 3310 745 3393 naufragio
772 3331 828 3374 sua
857 3321 1014 3376 servarum
1040 3325 1127 3379 naret
1152 3315 1273 3377 domino
1299 3314 1394 3396 cepit,
1423 3312 1538 3375 lirrtum
1560 3332 1621 3377 non
1643 3311 1816 3387 committit,
1839 3333 1939 3393 quem-

112 3436 175 3477 non
197 3415 362 3479 eonfenmt
402 3438 475 3480 nam
497 3426 570 3480 tuno
591 3417 751 3494 confertur,
774 3439 843 3481 oum
860 3419 957 3482 iaetus
979 3420 1015 3482 fit
1041 3422 1203 3484 admodum
1226 3422 1251 3484 si
1267 3420 1430 3483 arbitratus
1444 3428 1491 3482 est
1512 3419 1688 3502 simpliciter
1701 3420 1829 3482 eiectum
1851 3416 1940 3482 esae⁰

114 3530 150 3584 ut
171 3532 291 3585 caetera
313 3524 400 3587 salva
422 3525 483 3586 sint
504 3525 592 3588 salva
613 3522 719 3588 nava⁸
1107 3529 1170 3607 Qui
1192 3548 1232 3590 ex
1252 3526 1411 3606 naufragio
1434 3526 1482 3589 vel
1497 3526 1682 3608 depraedata
1703 3545 1782 3588 nave
1796 3526 1876 3606 rapit
1890 3525 1940 3589 vel
1974 3541 2017 3591 21.

71 3681 78 3695 .
179 3629 214 3692 Si
240 3638 427 3693 armamenta
452 3631 484 3692 vi
505 3631 615 3694 fluetus
641 3632 784 3713 perierint
810 3634 1013 3715 exmoitorque
1041 3635 1110 3698 dolo
1137 3635 1265 3716 subripit
1290 3635 1340 3698 vel
1361 3634 1505 3696 damnum
1531 3633 1632 3709 infert,
1660 3633 1741 3694 intra
1767 3653 1880 3694 annum
1906 3633 1939 3694 in

113 3734 176 3797 alia
197 3737 303 3798 emerit
324 3745 415 3818 atque
437 3737 481 3799 ita
502 3738 652 3819 navigans
666 3759 780 3801 meroes
794 3741 930 3817 servarit,
953 3761 1014 3803 non
1040 3742 1251 3824 quadruplum,
1274 3750 1344 3823 post
1357 3761 1472 3803 annum
1486 3740 1518 3801 in
1533 3739 1674 3822 simplum
1689 3748 1814 3802 tenatur.
1852 3739 1939 3802 Com·

112 3840 240 3905 debetur
262 3863 282 3905 a
303 3842 443 3925 dominus
466 3844 608 3907 mercium
630 3842 841 3909 σασα-11111110.ο
1039 3850 1116 3931 petit
1138 3858 1240 3912 autem
1267 3850 1348 3910 aetio
1374 3868 1430 3929 pro
1457 3867 1543 3911 servo
1570 3855 1601 3910 et
1628 3846 1752 3908 familia
1797 3845 1938 3908 Poenalis

69 4001 76 4015 .
181 3948 330 4012 Pereunte
353 3970 432 4013 nave
453 3951 653 4032 quodeunque
679 3951 746 4032 quis
774 3971 814 4014 ax
835 3952 925 4015 rebus
947 3973 1013 4034 pro·
1040 3957 1132 4018 etiam
1154 3954 1340 4017 iniuriarum.
1376 3954 1477 4017 Loeus
1493 3964 1595 4017 autam
1610 3952 1743 4033 adlegi,
1766 3953 1792 4015 si
1806 3962 1939 4034 tempore

113 4055 187 4136 priis
210 4058 343 4136 sarvayit
363 4056 487 4132 habeto,
513 4057 766 4138 quemadmodum
781 4078 820 4121 ex
834 4058 978 4122 inoendio.
987 4056 1014 4096 ¹⁰
1040 4071 1071 4125 st
1092 4061 1158 4124 loeo
1177 4061 1328 4143 naufragii
1342 4061 1457 4124 turtum
1472 4060 1665 4123 commissum
1679 4067 1738 4133 est;
1761 4068 1939 4141 teneturque

70 4213 77 4230 .
180 4162 273 4240 Quod
295 4162 445 4226 levandae
466 4165 554 4227 navis
577 4185 671 4228 eausa
696 4166 861 4246 proiectum
883 4175 1013 4228 estnon
1040 4170 1132 4231 etiam
1154 4168 1193 4231 de
1215 4169 1337 4231 sicariis
1345 4165 1373 4205 ¹⁰

113 4277 160 4331 est
186 4269 370 4332 derelictum.
414 4272 539 4351 requirit
564 4272 643 4333 enim
670 4272 747 4334 illud
773 4273 912 4335 dominus
934 4273 1013 4336 etsi
1107 4275 1141 4338 ai
1171 4296 1209 4338 ax
1239 4296 1319 4339 nave
1349 4274 1421 4356 quid
1447 4284 1558 4338 temere
1584 4275 1716 4355 positum
1743 4273 1883 4337 oeoiderit
1909 4283 1940 4335 at
1974 4290 2016 4340 22.

112 4377 261 4439 invenerit
286 4376 377 4458 oapit
423 4376 520 4439 simile
546 4388 648 4441 autam
674 4379 795 4442 videtur
820 4378 878 4453 illi,
906 4379 958 4459 qui
980 4380 1013 4440 in
1039 4383 1212 4463 quampiam
1238 4381 1371 4456 laeserit,
1398 4382 1565 4444 intentatur
1587 4382 1665 4443 aetio
1688 4380 1831 4443 adversus
1853 4399 1939 4461 prae·

113 4484 165 4546 via
186 4483 306 4564 proiicit
331 4502 408 4546 onus
434 4494 470 4546 ut
495 4505 564 4547 num
587 4485 654 4548 aliis
680 4494 850 4549 revertetur
872 4485 1013 4567 aeeipiat
1040 4488 1153 4551 laetum
1174 4484 1305 4551 ιιιιιτία.11

113 4586 210 4671 que.ll
1106 4595 1169 4673 Qui
1191 4595 1349 4676 naufragio
1372 4594 1421 4657 vel
1443 4596 1526 4657 iaetu
1548 4592 1660 4656 amissa
1686 4595 1717 4655 in
1740 4593 1840 4656 littore
1862 4594 1938 4656 aoei-
1974 4610 2016 4661 23.

1040 4702 1094 4782 pit,
1116 4709 1152 4763 ut
1172 4701 1222 4763 fur
1243 4709 1362 4764 tenetur
1383 4702 1414 4762 in
1436 4700 1564 4782 duplum
1586 4697 1750 4763 tantum¹²

186 4835 712 4908 ι1181214.1111ι11ηω.11,1,11.
782 4837 848 4893 ¹1).
858 4839 1011 4909 004245·
1106 4808 1169 4886 Qui
1190 4808 1395 4887 gubernacula
1416 4827 1548 4870 unumve
1569 4827 1608 4869 ex
1629 4807 1703 4888 ipsis
1727 4815 1860 4881 amovet,
1882 4827 1937 4888 pro
1974 4825 2016 4875 24.

184 4924 417 4995 ⁸D.eod2.§t.
461 4925 695 4996 ⁴D.eod2.§8.
743 4926 976 4997 ⁸D.eod4.§1.
1040 4923 1104 4977 toto
1125 4914 1250 4995 negorio
1272 4910 1433 5011 tenetur.¹⁸

113 5015 192 5073 ‘sia
264 5015 510 5084 71).οοά.1.θ2.
540 5015 574 5070 In
591 5015 758 5072 Bienoriano
776 5017 861 5083 (nuno
878 5017 1014 5087 lipsiensi)

114 5104 211 5160 codiee
229 5105 413 5177 Epanagoges
430 5105 459 5158 in
478 5103 554 5159 calae
568 5105 609 5160 ita
626 5105 738 5177 legitur:
756 5103 822 5159 Ἐάν
839 5106 872 5160 τὰ
885 5108 1013 5161 σωθέντα

114 5197 212 5267 φορτία
226 5196 337 5267 χείρονα
350 5195 469 5267 pisones
486 5194 553 5248 κατὰ
565 5192 704 5268 πρόφασιν
716 5197 761 5263 τῆς
773 5192 915 5266 ἀποβολῆς,
934 5194 1013 5263 naba
1112 5196 1175 5254 ¹D.
1195 5196 1274 5267 XIX,
1293 5203 1348 5266 t,4
1360 5215 1401 5268 pr.
1473 5195 1589 5251 ’Aliud
1605 5195 1721 5252 verbum
1738 5197 1846 5267 (postea
1863 5195 1937 5251 dele·

113 5283 167 5357 γάρ
179 5281 385 5357 ὀιηωμνωθίπα
398 5280 557 5355 ίβράχησαν,
571 5285 597 5338 σί
602 5283 652 5354 μίν
660 5285 706 5352 τῆς
715 5282 746 5346 ἐξ
758 5283 846 5337 αὐτῶν
855 5283 1014 5354 άφοιίονσης
1039 5288 1109 5354 tum)
1136 5288 1268 5356 seriptum
1295 5288 1372 5356 priua
1393 5285 1493 5341 fuerat
1569 5284 1634 5339 ⁸D.
1654 5284 1714 5340 eod
1734 5290 1775 5339 14.
1794 5285 1812 5354 θ
1829 5289 1854 5339 2.

113 5373 246 5445 γενέσθαι
268 5375 449 5446 οννσισφορᾰς
471 5371 554 5441 οὔσης
570 5373 741 5443 νομισμάτων
759 5373 782 5426 ι’
807 5372 919 5442 ηζημία
937 5374 1012 5446 μάνη·
1039 5373 1104 5428 ⁴1).
1123 5374 1200 5443 XLI,
1220 5379 1243 5441 1,
1254 5376 1339 5444 888.
1376 5375 1449 5431 Vide
1466 5374 1533 5446 Sym
1547 5374 1582 5443 N,
1594 5380 1670 5444 1,14.
1742 5373 1806 5428 ΙἸ).
1820 5374 1936 5429 eodtt.

113 5480 159 5514 ται
180 5460 207 5514 s'
228 5461 409 5532 νομισμάτων,
431 5460 465 5515 τά
487 5462 512 5515 a'
534 5460 618 5534 μόνον
641 5462 842 5535 σανσισάηουσι·
866 5462 892 5516 τί
908 5459 945 5529 dd,
968 5463 1013 5530 τῆς
1109 5463 1310 5520 θ11110188.
1382 5464 1445 5519 ²1).
1458 5464 1535 5533 XLI,
1553 5468 1577 5533 1,
1591 5468 1615 5519 i.
1687 5462 1751 5517 Β1).
1764 5463 1840 5531 XLI,
1854 5468 1879 5532 2,
1894 5467 1936 5517 21.

115 5552 297 5623 σσντισφορᾶς
318 5549 401 5618 οὔσης
418 5550 441 5603 ι’
458 5550 638 5622 νομισμάτων,
661 5550 677 5619 η
697 5551 775 5623 ζημία
792 5552 900 5625 ηίνητσι
917 5550 955 5616 κ’,
980 5549 1013 5604 οὐ
1039 5553 1099 5620 81.
1119 5556 1143 5607 2.
1180 5549 1236 5607 cfr.
1256 5552 1322 5624 Syn
1345 5552 1433 5622 N,1,
1454 5558 1495 5608 18.
1535 5552 1630 5609 Verba
1654 5557 1794 5623 postrema
1819 5551 1937 5608 fortasse

115 5641 271 5693 σανίσταται
288 5638 330 5706 (i),
350 5638 416 5693 άλλά
434 5643 479 5693 καί
497 5640 682 5713 συνοισάηαται
700 5639 792 5702 αὐτοῖς
810 5640 842 5693 τά
855 5639 877 5693 ι’
895 5639 928 5693 τά
944 5639 1011 5710 μετὰ
1039 5641 1173 5696 scholium
1183 5642 1323 5711 exhibent,
1332 5642 1558 5713 qnodintextum
1568 5643 1691 5712 inrepsit
1744 5641 1809 5696 ὓΙ).
1818 5640 1936 5710 XLVII,

114 5727 162 5796 τὴν
183 5727 353 5801 ἁρμόζουσαν
376 5728 558 5801 σνντισφοράν
579 5729 757 5792 πλεονάζοντα
780 5728 814 5796 (l)
837 5729 884 5796 τὴν
911 5729 1011 5798 ζημίαν.
1039 5735 1063 5795 2,
1077 5736 1120 5785 43.
1138 5732 1156 5799 ὅ
1171 5736 1212 5785 ll.
1284 5731 1307 5765 ¹⁰
1324 5731 1359 5786 D.
1378 5730 1495 5799 XLVII,
1514 5735 1539 5798 9,
1554 5737 1566 5784 l
1581 5749 1621 5802 pr.
1640 5732 1733 5799 915.
1753 5735 1782 5785 et
1797 5730 1854 5785 12.
1869 5735 1935 5801 ltpr.

114 5834 201 5888 supra
216 5834 244 5888 p.
259 5822 317 5872 102.
390 5817 455 5873 Β1).
473 5817 534 5873 eod
553 5823 623 5888 apr.
650 5816 707 5873 cfr.
726 5817 792 5888 Syn.
810 5816 846 5886 N,
861 5822 885 5884 1,
899 5822 940 5872 ta.
1038 5819 1098 5887 §a
1135 5818 1207 5874 Vide
1234 5817 1325 5874 schot
1351 5819 1436 5876 Basil.
1464 5822 1507 5877 ed.
1535 5819 1646 5876 Heimb.
1668 5819 1699 5874 11
1720 5838 1748 5891 p.
1766 5825 1801 5875 28
1826 5836 1936 5875 neenon

114 5905 181 5961 ὀ.
199 5907 260 5961 sor.
279 5912 304 5962 ι.
334 5906 406 5962 vioe
424 5906 490 5977 syn.
509 5906 545 5977 u,
565 5913 589 5975 1,
603 5911 644 5962 ισ.
717 5906 909 5961 νωσσστ.
940 5905 1011 5962 viee
1038 5906 1581 5979 annumeretuxxxmn.»
1654 5908 1934 5977 seruasse.

114 5993 182 6067 eyn.
194 5995 230 6063 u,
244 6002 268 6063 1,
282 6000 323 6050 ιι.
396 5994 472 6049 ¹¹1).
491 5995 551 6051 σιω
570 5999 595 6051 s.
1110 5996 1132 6029 ¹²
1149 5996 1185 6051 ο.
1203 5997 1321 6065 xnvn,
1339 6004 1365 6066 e,
1384 6004 1399 6054 s
1417 6016 1458 6069 pr.
1548 5999 1571 6032 ¹³
1588 5999 1624 6053 n.
1643 5998 1703 6053 σοι.
1722 6003 1747 6053 e.
1765 5999 1783 6068 ρ
1801 6002 1825 6052 s.
