4680 7114
418 1171 567 1241 (ειμμιιι.
582 1189 613 1241 p.
632 1174 756 1242 es-es.)

605 1386 731 1457 [smne
747 1386 875 1455 xxxn,
895 1386 1129 1458 strumen]
1528 1389 1656 1459 [mssa
1673 1386 1800 1457 xxmr,
1820 1386 2053 1458 musanen]

418 1549 556 1633 -άκριτα
566 1547 600 1612 δὲ
610 1547 653 1614 τά
663 1560 731 1613 τῶν
740 1550 868 1614 παίδων
882 1549 939 1614 καί
949 1553 1037 1633 ἡμεῖς
1047 1553 1086 1615 οὐ
1102 1549 1232 1633 δίδομεν
1245 1561 1315 1625 τοῖς
1343 1554 1475 1615 ineertae
1496 1553 1587 1614 etiam
1609 1551 1739 1614 filiorum
1761 1571 1818 1626 res,
1845 1570 1942 1631 neque
1964 1571 2018 1612 nos
2040 1551 2235 1631 intempesta

419 1656 672 1737 ἀσελγαίνουσιν
695 1655 781 1721 ἀλλά
803 1666 873 1732 τοῖς
896 1667 1110 1744 σωφρονοῦσι
1131 1655 1191 1722 τόν
1205 1659 1314 1740 νόμον.
1343 1661 1432 1735 tibus,
1456 1660 1508 1722 sed
1529 1660 1663 1722 honestis
1685 1658 1856 1721 hominibus
1878 1657 1977 1739 legem
1999 1658 2115 1719 damus

489 1761 536 1827 Οὐ
563 1763 800 1851 διαφερόμεθα
829 1765 863 1828 δέ
890 1764 962 1849 περί
991 1776 1057 1828 τῶν
1084 1765 1224 1846 παίδων,
1253 1769 1316 1829 εἴτε
1409 1768 1481 1830 Non
1507 1765 1719 1846 distinguimus
1746 1774 1847 1827 autem
1873 1765 1953 1826 inter
1979 1764 2096 1837 liberos,
2125 1783 2235 1826 maseu-

419 1871 552 1955 ἄρρενες
574 1875 636 1934 εἴτε
652 1871 787 1949 θήλειαι
802 1872 1060 1949 καθεστήκοιεν·
1083 1870 1193 1957 ὥσπερ
1213 1871 1279 1957 γάρ
1295 1876 1315 1949 ί]
1343 1875 1404 1936 line
1427 1876 1487 1936 sint
1509 1895 1549 1936 an
1571 1873 1710 1946 feminae,
1733 1868 1914 1934 sicutenim
1936 1880 2046 1933 natura
2067 1870 2146 1932 nihil
2161 1871 2235 1933 eires

419 1977 519 2064 φύσις
542 1977 637 2043 οὐδέν
659 1976 731 2062 περί
754 1975 798 2043 τά
821 1989 962 2043 τοιαῦτα
984 1980 1182 2062 τεγνολογεῖ,
1210 1976 1315 2055 οὐτως
1343 1982 1487 2044 eiusmodi
1515 1981 1685 2059 distinguit,
1713 1979 1757 2041 ite
1782 1999 1839 2042 nee
1865 2000 1919 2041 nos
1942 1978 2069 2041 alteram
2091 1979 2131 2041 de
2153 1978 2234 2040 mari·

419 2084 493 2147 οὐδέ
523 2087 611 2167 ἡμεῖς
642 2085 743 2149 ἀλλον
775 2085 823 2149 ἐπ’
858 2088 1007 2172 ἀρρένων
1035 2086 1092 2150 καλ
1128 2087 1230 2151 ἀλλον
1265 2086 1314 2151 ἐπὶ
1343 2089 1400 2151 bus
1426 2097 1457 2151 et
1483 2088 1611 2152 alteram
1638 2088 1676 2149 de
1702 2086 1819 2148 feminis
1846 2086 1878 2146 in
1905 2086 1963 2148 hae
1989 2105 2022 2147 re
2048 2085 2147 2166 legem
2170 2106 2234 2147 eon·

420 2191 565 2268 θηλειῶν
586 2189 677 2256 κατά
700 2201 800 2256 τοῦτο
828 2193 966 2275 τίθεμεν
983 2195 1098 2276 νόμονι
1114 2231 1155 2243 -
1194 2254 1198 2259 .
1344 2197 1449 2258 dimus
1904 2193 1983 2256 Nov.
2000 2196 2051 2255 89.
2066 2214 2092 2255 a
2110 2195 2160 2254 12.
2177 2198 2192 2269 5
2208 2195 2233 2253 5.

981 2302 1060 2366 Nou.
1077 2305 1168 2366 89.υ
1186 2303 1235 2364 12.
1252 2308 1268 2378 5
1286 2305 1314 2364 5.

484 2407 525 2470 Ελ
546 2409 657 2489 μέντοι
680 2407 743 2488 (δεῖ
760 2405 826 2491 γὰρ
850 2404 906 2471 διά
922 2409 1029 2485 πάσης
1049 2408 1131 2473 ὁδοῦ
1145 2406 1315 2493 ἀκριβείας
1408 2410 1442 2474 si
1473 2411 1540 2491 quis
1572 2418 1674 2471 autem
1705 2412 1838 2490 (neeesse
1869 2410 1948 2471 enim
1984 2416 2030 2470 est
2059 2427 2115 2488 per
2146 2416 2234 2468 tetam

417 2535 452 2577 τε
476 2515 561 2596 όμοῦ
581 2511 639 2577 καλ
666 2514 830 2600 εὐσεβείας
857 2515 984 2596 έλθεῖν)
1011 2518 1096 2594 έχων
1121 2538 1172 2590 τις
1194 2515 1315 2588 παῖδας
1342 2518 1516 2597 diligentiae
1538 2517 1628 2579 simul
1650 2526 1742 2597 atque
1764 2515 1886 2598 pietatis
1907 2515 1990 2577 viam
2016 2514 2145 2595 ingredi)
2171 2534 2232 2575 eum

417 2621 572 2702 γνησίους
598 2622 792 2685 καταλείποι
816 2621 874 2686 καί
900 2622 1038 2702 νόθους,
1066 2622 1100 2705 ἐξ
1127 2621 1315 2685 ἀδιαθέτου
1342 2625 1452 2687 liberos
1474 2624 1588 2687 habeat
1613 2624 1762 2703 legitimos
1789 2623 1941 2704 relinquat
1962 2623 2054 2683 etiam
2076 2620 2232 2693 naturales,

418 2729 475 2811 μὲν
498 2728 592 2792 οὐδέν
614 2728 728 2802 αὐτοῖς
752 2728 908 2813 ὑπάρχειν
930 2730 1096 2803 παντελῶς
1109 2728 1314 2814 βουλόμεθα,
1342 2732 1417 2793 nihil
1444 2733 1483 2795 ab
1510 2733 1652 2794 intestato
1679 2732 1721 2794 eis
1748 2738 1916 2811 competere
1943 2728 2065 2790 omnino
2091 2726 2231 2799 volumus

418 2836 677 2922 ἀποτρέψεσθαι
694 2834 728 2899 δὲ
744 2832 821 2910 τούς
837 2836 964 2910 νόθους
980 2834 1073 2920 παρὰ
1087 2846 1155 2900 τῶν
1171 2836 1315 2916 γνησίων
1342 2839 1384 2900 ali
1405 2847 1507 2900 autem
1521 2838 1673 2901 naturales
1689 2859 1708 2899 a
1725 2837 1865 2917 legitimis
1880 2835 2021 2900 volumus
2039 2847 2131 2917 prout
2145 2835 2231 2905 dsoet,

417 2942 618 3023 θεσπίζομεν
640 2939 730 3006 κατά
752 2939 792 3007 τό
816 2946 939 3028 πρέπον
960 2966 996 3007 τε
1017 2943 1075 3008 καί
1098 2941 1181 3027 πρὸς
1199 2940 1238 3006 τό
1257 2953 1314 3018 τῆς
1342 2947 1503 3008 secondum
1525 2945 1698 3028 patrimonii
1719 2944 1955 3026 quantitatema
1977 2943 2057 3005 bono
2070 2943 2137 3005 viro
2153 2941 2231 3002 aes‘d·

418 3049 533 3122 οὐσίας
562 3052 683 3134 μέτρον
712 3050 791 3135 παρ’
823 3048 946 3134 ἀνδρὸς
972 3051 1114 3133 ἀγαθοῦ
1143 3050 1314 3131 δοκιμαζό-
1341 3054 1498 3116 mandam:
1525 3054 1584 3115 hoe
1610 3052 1758 3133 estquod
1780 3052 1813 3112 in
1834 3051 1944 3112 nestris
1972 3048 2089 3129 legibus
2114 3058 2231 3110 voeatm

416 3176 522 3237 μενον.
568 3164 668 3219 τοῦτο
693 3154 732 3233 δη
755 3154 795 3220 τό
819 3155 912 3243 παρὰ
934 3167 1004 3232 τοῖς
1022 3160 1188 3244 ἡμετέροις
1203 3158 1315 3238 νόμοις
1344 3159 1428 3243 [boni
1450 3159 1507 3224 viri
1529 3158 1717 3242 arbitratus}
2065 3176 2090 3218 e.
2110 3159 2160 3217 12.
2175 3161 2191 3232 ς
2206 3157 2229 3216 ό.

416 3262 602 3344 λεγόμενονι
618 3260 680 3310 -¹
1143 3287 1168 3328 e
1186 3270 1235 3328 12.
1252 3270 1268 3340 δ
1286 3270 1314 3327 6.

489 3370 622 3434 Ταύτοῦ
635 3368 758 3434 τούτου
773 3370 1032 3457 φυλαττομένου,
1049 3369 1114 3435 κάν
1129 3376 1156 3435 εί
1170 3370 1314 3454 γαμετὴν
1408 3374 1479 3436 Hes
1505 3374 1570 3453 ipso
1597 3372 1757 3446 servando,
1785 3371 1877 3434 etiam
1903 3371 1930 3432 si
1951 3389 2076 3432 uxerem
2098 3368 2230 3431 habuerit

416 3477 474 3558 μέν
496 3480 580 3556 έγοι,
608 3476 729 3552 παῖδας
757 3476 792 3540 δέ
815 3479 945 3553 νόθους
965 3483 1001 3541 έκ
1022 3490 1080 3556 τῆς
1104 3480 1314 3563 προτελευτη-
1342 3491 1374 3544 et
1399 3482 1475 3544 filios
1502 3480 1655 3543 naturales
1682 3478 1740 3541 sibi
1767 3487 1855 3541 natos
1883 3497 1922 3539 ex
1957 3476 2128 3540 eoneubina
2155 3494 2229 3557 prae

418 3586 524 3661 σάσης
540 3584 708 3661 παλλακῆς
723 3584 814 3667 αὐτῷ
829 3588 1028 3667 γενομένους,
1044 3584 1315 3661 darentasiense
1341 3598 1468 3664 mortua,
1495 3589 1540 3650 ita
1561 3597 1647 3649 utet
1668 3586 1689 3647 ii
1713 3586 1835 3649 alantur
1856 3585 1896 3647 ab
1920 3584 1984 3646 eius
2007 3583 2228 3646 sueeoesoribas

417 3692 675 3778 ἀποτρέψεσθαι
699 3689 793 3775 παρά
815 3702 882 3755 τῶν
904 3693 1008 3756 αὐτοῦ
1029 3692 1203 3769 διαδόχων.
1242 3692 1314 3777 περλ
1342 3696 1432 3767 Circa
1452 3715 1523 3757 vero
1545 3703 1669 3775 nepotes
1691 3694 1846 3757 naturales
1868 3713 1913 3767 ea
1936 3712 2015 3773 quae
2036 3692 2096 3752 iam
2119 3689 2228 3753 anobis

416 3797 482 3882 γάρ
511 3800 653 3880 έγγόνων
679 3799 798 3862 νόθων
824 3797 869 3864 τά
896 3799 957 3877 ἤδη
984 3799 1063 3883 παρ’
1090 3802 1180 3882 ἡμῶν
1206 3800 1314 3883 ῥητῶς
1340 3803 1378 3866 de
1398 3803 1435 3864 iis
1458 3822 1597 3883 expresse
1620 3803 1784 3864 constitute
1806 3809 1885 3875 sunt
1907 3799 2037 3862 valeant
2194 3796 2228 3857 iit
2320 3856 2321 3865 ,

417 3903 490 3987 περὶ
513 3907 624 3969 αὐτῶν
647 3904 889 3991 διατεταγμένα
908 3908 1085 3993 κρατείτωε
1101 3942 1145 3955 -
1272 3909 1312 3970 ib.

481 4009 554 4098 Ἐφ’
589 4007 635 4075 ὧν
668 4012 702 4076 δέ
734 4013 894 4096 θεμάτων
917 4011 994 4088 τούς
1025 4014 1155 4088 νόθους
1192 4014 1313 4087 παῖδας
1406 4016 1444 4078 In
1466 4016 1576 4098 quibus
1598 4036 1670 4080 vero
1693 4015 1813 4078 essibus
1837 4015 1990 4077 natrrrales
2016 4013 2096 4076 filios
2119 4010 2227 4076 voeati-

417 4118 616 4200 ἐκαλέσαμεν
647 4123 691 4195 είς
718 4118 779 4196 την
810 4118 981 4201 διαδοχὴν,
1015 4120 1065 4185 ὲπλ
1096 4120 1225 4185 τούτων
1256 4120 1312 4185 καὶ
1340 4143 1407 4185 mus
1429 4122 1470 4184 ad
1492 4124 1715 4197 sumssionem,
1742 4123 1775 4184 in
1797 4123 1893 4185 isdem
1915 4122 2024 4203 stipsi
2047 4117 2226 4182 naturalibus

417 4223 514 4289 αὐτοί
546 4224 606 4303 τὴν
637 4229 828 4310 πρέπουσαν
859 4237 928 4302 τοῖς
960 4238 1115 4315 φυσικοῖς
1146 4230 1314 4313 πατράσιν
1339 4230 1478 4311 patribus
1509 4230 1734 4293 eonvenientem
1770 4239 1909 4293 servante
1940 4228 2155 4309 gratitudinem
2185 4245 2226 4287 ea

417 4331 665 4414 εὐγνωμοσύνην
691 4333 894 4415 τηρείτωσαν
920 4333 977 4398 καὶ
1005 4336 1096 4416 αὐτῷ
1122 4339 1170 4416 τῷ
1196 4338 1312 4419 μέτρῳ,
1340 4338 1465 4418 demque
1486 4356 1640 4410 mensura,
1667 4357 1729 4417 qua
1754 4344 1894 4418 parentes
1920 4335 2111 4398 nauseatus
2137 4333 2226 4396 liberis

417 4430 504 4524 ᾧπερ
528 4442 561 4503 οί
588 4448 692 4520 γονεῖς
715 4449 895 4524 προνοοῦσι
918 4450 986 4503 τῶν
1013 4452 1164 4528 φυσικῶν
1186 4441 1314 4506 παίδων
1341 4444 1503 4507 consulunt
1528 4464 1567 4505 ex
1593 4453 1696 4506 nostra
1722 4442 1801 4522 lege,
1833 4452 1865 4504 et
1890 4444 1948 4526 ipsi
1973 4452 2117 4525 parentes
2142 4459 2225 4502 remu·

416 4543 506 4611 κατά
524 4545 584 4611 τόν
601 4549 757 4630 ημέτερον
776 4550 887 4630 νόμον,
910 4546 968 4611 καί
990 4547 1087 4613 αὐτοί
1110 4545 1187 4622 τούς
1208 4557 1314 4629 γονεῖς
1340 4559 1456 4625 nerent,
1487 4551 1551 4614 sive
1582 4550 1615 4611 in
1641 4550 1892 4624 sueeessionibus‚
1924 4551 1988 4613 sive
2015 4550 2047 4610 in
2076 4547 2225 4617 elimentis,

417 4652 686 4739 ἀμειβέσθωσαν,
706 4657 768 4717 εἴτε
786 4659 830 4729 είς
845 4652 907 4730 τάς
922 4653 1092 4736 διαδοχάς,
1116 4659 1178 4719 είτε
1193 4660 1237 4730 είς
1252 4654 1313 4729 τάς
1340 4657 1592 4739 quemadmodum
1616 4657 1653 4719 de
1675 4659 1718 4719 eis
1740 4657 1957 4720 constituimus.
2144 4677 2167 4717 ε.
2184 4656 2224 4715 lt

417 4757 632 4847 άποτροφάς,
669 4762 830 4847 καθάπερ
867 4761 917 4826 ἐπί
949 4764 1059 4826 αὐτῶν
1095 4763 1312 4846 νενομοθετη·

304 4880 307 4884 ’
416 4889 531 4952 καμενι
546 4903 588 4917 -
1221 4874 1313 4933 ο.13.
1584 4926 1589 4935 .

481 4972 603 5052 Ἐπειδὴ
632 4974 666 5037 δέ
692 4973 750 5038 καί
777 4976 968 5059 ἔμπροσθεν
995 4979 1028 5039 έν
1055 4998 1122 5038 τισι
1150 4987 1217 5040 τῶν
1245 4977 1314 5041 δια·
1406 4978 1560 5056 Quoniam
1590 4998 1663 5041 vere
1693 4977 1726 5038 in
1756 4976 1937 5057 quibusdam
1973 4972 2223 5039 eonstitutionibus

417 5081 543 5163 τάξεων
565 5084 692 5165 εἴρηται
716 5081 782 5145 δεῖν
804 5088 848 5157 είς
870 5081 953 5167 άπερ
979 5085 1012 5147 οἱ
1039 5068 1102 5167 ᾖ
1128 5084 1311 5169 δωροῦνται
1340 5085 1453 5147 dietum
1476 5094 1524 5147 est
1545 5087 1576 5146 in
1599 5085 1689 5147 rebus
1704 5104 1781 5164 quas
1802 5092 1903 5166 patres
1925 5082 2025 5145 liberis
2048 5083 2163 5144 donant
2181 5077 2222 5141 vel

416 5195 487 5260 τοῖς
514 5185 629 5250 παισίν
656 5186 675 5264 η
703 5190 1022 5271 καταλιμπάνουσιν,
1051 5194 1095 5264 είς
1122 5199 1230 5254 ταῦτα
1256 5188 1312 5253 καλ
1339 5191 1514 5273 relinquunt
1535 5201 1650 5254 tutores
1673 5191 1892 5254 confirmandos
1914 5191 1956 5253 eis
1979 5190 2058 5265 dari,
2081 5191 2113 5252 id
2135 5197 2220 5249 ratum

416 5293 596 5375 κηδεμόνας
611 5294 724 5368 αὐτοῖς
739 5300 892 5381 παρέχειν
906 5294 1179 5382 βεβαιουμένουςλ
1193 5300 1311 5376 μέντοι,
1339 5307 1370 5361 et
1391 5319 1472 5362 nune
1494 5320 1558 5362 esse
1579 5299 1728 5372 volumus,
1750 5308 1782 5360 et
1803 5298 1892 5359 matr-i
1914 5297 2092 5378 (seeundum
2109 5296 2140 5357 id
2153 5290 2220 5375 quod

417 5409 517 5463 τοῦτο
539 5400 656 5484 κύριον
678 5397 759 5466 εἶναι
781 5402 839 5467 καί
862 5412 920 5468 νῦν
942 5404 1078 5486 τίθεμεν
1097 5401 1241 5476 διδόντες
1255 5401 1311 5466 καὶ
1339 5407 1400 5467 iam
1422 5406 1460 5468 de
1482 5406 1529 5469 his
1550 5405 1641 5468 rebus
1668 5415 1716 5468 est
1740 5406 1900 5485 statutum)
1926 5404 2101 5467 facultatem
2127 5402 2220 5465 danus

417 5509 458 5593 τῇ
479 5492 536 5591 ᾖε
557 5507 647 5573 κατά
671 5507 710 5573 τό
733 5510 793 5588 ἤδη
817 5510 888 5594 περί
910 5510 1038 5575 τούτων
1060 5509 1313 5592 διατεταγμένον
1340 5514 1523 5575 naturalium
1558 5534 1677 5594 queque
1713 5513 1843 5576 filiorum
1879 5512 2007 5576 tutelam
2044 5504 2219 5592 suscipiendi

416 5611 473 5676 καί
499 5625 567 5678 τῶν
594 5628 746 5702 φυσικῶν
772 5617 993 5702 έπιτροπεύειν
1024 5616 1160 5681 παίδων.
1212 5617 1311 5680 τελευ-
1340 5619 1458 5683 Ultima
1479 5629 1581 5683 autem
1604 5641 1658 5682 nos
1680 5620 1756 5701 legis
1777 5641 1849 5702 pars
1871 5629 2023 5703 eupsetet,
2050 5629 2086 5682 ut
2112 5630 2142 5680 et
2165 5617 2219 5695 ipa
2292 5668 2294 5715 l

418 5774 628 5786 ---—-.-.-..

489 5879 498 5910 ¹
516 5878 582 5934 boni
604 5881 657 5934 viri
679 5880 826 5947 arbitratu,
849 5882 948 5952 supple
965 5900 1028 5937 eum
1047 5882 1227 5940 Novellarum
1246 5882 1311 5937 edit.

487 5965 499 5999 ¹
515 5965 675 6039 βεβαιοῦμεν
691 5967 737 6031 οὐς
757 5969 817 6023 eod.
