4978 7018
895 460 1049 528 LIBER
1070 461 1196 530 XXXI.
1240 460 1331 527 'ula
1352 460 1397 528 II.
1419 460 1481 527 ΠΙ
2066 465 2105 529 31

275 642 542 729 σωφρονιζόσθω
574 640 631 705 ίνα
662 641 696 705 δὲ
727 641 785 706 καί
820 646 867 723 τῷ
897 643 1039 725 άρχοντι
1071 661 1178 726 παρα·
1205 642 1381 722 eastigetur;
1405 642 1450 704 ita
1463 662 1535 705 vero
1550 651 1585 704 ut
1599 651 1631 705 et
1645 642 1836 724 magistratui
1851 643 1991 705 tradatm
2013 652 2049 704 nt
2070 664 2109 706 ex

275 747 431 813 διδόσθω
458 746 538 822 diets
566 748 677 834 γνώμη
700 757 762 813 τοῦ
779 733 846 833 π-ρς
868 759 991 835 ψῆφον
1006 748 1177 832 ἐξενεχθῇ·
1205 749 1363 812 voluntate
1384 749 1479 831 petris
1502 750 1652 811 sententia
1673 751 1706 811 in
1727 769 1797 810 eum
1820 749 1942 812 feratur.
2036 771 2062 812 α
2078 752 2107 812 3.

274 877 330 919 ναι
351 854 427 919 κατ’
453 852 588 919 αὐτοῦ.ι
1105 878 1132 919 o.
1148 859 1177 918 3.

346 958 397 1026 Τά
418 957 542 1045 μεταξὺ
565 970 626 1025 τοῦ
648 959 767 1036 παιδὸς
788 960 846 1026 καί
869 972 927 1040 της
947 947 1012 1047 [tp-e
1027 963 1178 1049 άναφυό·
1271 962 1361 1041 Quae
1392 963 1471 1024 inter
1501 962 1596 1024 filium
1632 973 1662 1026 et
1698 972 1826 1025 matrem
1863 965 2108 1045 [eontroversiae]

273 1091 355 1153 μενα
379 1072 465 1132 οίκοι
488 1069 676 1151 τεμνέσθω·
700 1074 727 1132 al
750 1069 785 1132 δὲ
805 1065 862 1132 διά
877 1068 938 1147 τὴν
953 1067 1138 1153 ὑπερβολὴν
1158 1071 1177 1145 ί]
1205 1070 1353 1143 oriuntur,
1381 1069 1463 1131 domi
1489 1068 1678 1132 decidantur.
1723 1070 1805 1151 qnod
1832 1072 1858 1132 si
1884 1081 2007 1152 propter
2029 1071 2108 1133 inso-

274 1161 340 1262 γῙη-ρι
363 1175 581 1262 δικαστήριον
603 1176 798 1260 παρακαλεῖ,
822 1178 841 1239 ό
865 1177 981 1261 άρχων
1005 1177 1177 1253 σκοπήσας
1205 1177 1330 1239 lentiam
1361 1184 1458 1239 mater
1488 1176 1529 1237 ad
1559 1175 1705 1239 iudioium
1736 1177 1880 1256 eonfugit,
1912 1178 2108 1258 magistratus

274 1281 314 1347 τό
321 1280 531 1369 χρηματικόν
545 1293 679 1367 πρῶτον
693 1282 876 1364 ἀναγκάσει
886 1280 930 1346 τά
943 1287 1083 1367 μητρῷα
1096 1285 1177 1348 άπο·
1205 1302 1298 1345 cause
1319 1283 1493 1363 peeuniaria
1508 1283 1630 1363 cognita
1651 1284 1782 1365 primum
1797 1292 1886 1365 ooget
1908 1294 2047 1347 materna
2063 1305 2108 1348 re

274 1388 439 1455 δίδοσθαι
466 1394 507 1477 τῇ
531 1375 606 1474 μρ-ι·
634 1395 660 1453 εί
689 1389 723 1453 δὲ
746 1391 962 1467 ἀναισχυντεῖ
985 1392 1033 1453 ἔτι
1057 1390 1176 1469 πλεῖον,
1205 1391 1331 1452 stituere
1345 1390 1447 1462 mat1i;
1463 1389 1578 1451 sivero
1594 1389 2108 1473 illevelmagisprotervusfaetus

273 1499 523 1583 αὐστηρότερον
545 1494 649 1561 αὐτὸν
671 1498 718 1560 ότι
743 1496 927 1573 τελήσεταιε
944 1532 987 1543 -
1055 1519 1081 1559 o.
1097 1500 1117 1559 4
1136 1498 1176 1560 ib.
1203 1496 1303 1571 fuerit,
1325 1497 1416 1559 etiam
1438 1497 1573 1558 severius
1596 1495 1681 1558 iilum
1704 1497 1862 1559 oohibebit
2034 1519 2059 1561 ο.
2078 1501 2107 1560 4.

194 1612 235 1665 θ’.
335 1605 381 1669 Ἡ
392 1605 552 1687 θυγάτηρ
576 1625 639 1667 σου
657 1604 697 1668 οὐ
714 1604 817 1684 μόνον
836 1613 936 1686 τιμάν
953 1605 1179 1686 άναγκάζεταί
1270 1603 1352 1665 Filia
1378 1612 1432 1664 tua
1461 1624 1523 1665 non
1551 1603 1649 1665 solnm
1680 1604 1826 1666 honorare
1853 1605 1971 1685 cogitur
1998 1615 2028 1668 te
2055 1606 2108 1668 sed

274 1734 311 1776 σε
334 1708 500 1776 ἀλλὰκαὶ
523 1707 760 1798 άποτρόφεεν;’
1106 1733 1131 1774 a
1148 1716 1176 1774 5.
1204 1711 1296 1772 etiam
1319 1710 1408 1772 alere.
2034 1733 2059 1775 c.
2078 1716 2107 1774 5.

193 1822 236 1896 τό.
344 1816 384 1883 Οἱ
410 1817 630 1902 ἀπελεύθεροι
656 1813 748 1881 κατὰ
773 1819 910 1900 μίμησιν
940 1828 1008 1881 τῶν
1040 1818 1177 1900 εὐγενῶν
1270 1816 1387 1880 Liberti
1409 1816 1548 1899 exemplo
1570 1826 1643 1879 sunt
1664 1818 1863 1898 ingenuorum
1890 1827 1921 1881 et
1947 1819 1973 1881 si
1995 1819 2107 1883 liberos

273 1929 335 1989 τίσι
358 1922 415 1989 καί
444 1929 471 1988 εί
499 1933 612 2003 σχοῖεν
635 1922 758 1999 παῖδας
784 1922 868 2007 μετὰ
890 1923 951 2002 τὴν
973 1925 1175 2008 ἐλευθερίαν,
1203 1924 1365 1986 habuerint
1385 1932 1456 2004 post
1477 1925 1742 1987 manumissionem
1758 1945 1809 1987 eos
1831 1925 1945 1988 habent
1967 1926 1999 1988 in
2021 1934 2107 2008 pote·

273 2031 486 2115 ὑπεξουσιόυς
509 2027 631 2106 αὐτοὺς
653 2034 766 2110 ἔχουσι
781 2036 816 2095 ἐν
831 2034 858 2114 ηδ
874 2030 941 2095 άπὸ
957 2032 1073 2113 γάμων
1088 2032 1176 2113 νομί·
1203 2040 1291 2104 state,
1313 2039 1499 2111 quatenusa
1521 2031 1634 2112 nuptiis
1656 2031 1797 2112 legitimis
1819 2041 1899 2094 sunt
2037 2054 2062 2096 o.
2078 2036 2107 2096 8.

272 2160 343 2221 μων
365 2135 480 2202 είσίν.8
1102 2160 1128 2201 e.
1146 2142 1175 2201 8.

190 2255 235 2327 ιγ.
344 2242 412 2309 Τόν
427 2242 499 2309 υίδν
513 2246 553 2309 οὐ
568 2243 708 2309 δυ’ναται
718 2246 972 2331 άρνήσασθαιό
988 2231 1064 2331 πη-ρ,
1074 2255 1175 2310 τοῦτο
1268 2245 1383 2307 Filium
1414 2265 1526 2325 negare
1552 2255 1639 2326 pater
1666 2267 1727 2307 non
1754 2254 1862 2327 potest,
1889 2268 1958 2308 oum
1984 2258 2108 2330 propter

271 2353 330 2436 piu
352 2349 409 2415 διὰ
431 2350 471 2416 τό
490 2352 609 2435 δόγμα,
632 2361 734 2416 τοῦτο
757 2349 866 2416 δὲκαὶ
886 2349 943 2416 διά
965 2351 1026 2430 τὴν
1045 2352 1175 2429 ποινήν·
1203 2352 1508 2424 senatusconsultum,
1531 2363 1597 2414 tum
1612 2353 1704 2414 etiam
1718 2361 1843 2433 propter
1860 2373 2004 2434 poenam:
2027 2355 2107 2416 simi·

272 2461 394 2542 όμοίως
417 2481 451 2523 τε
473 2457 530 2523 καλ
554 2456 610 2523 διά
632 2457 763 2523 ίδικτον
777 2457 835 2522 καλ
851 2456 962 2523 deciri
982 2459 1173 2547 τρέφεσθαι
1203 2459 1271 2522 liter
1285 2469 1316 2521 et
1337 2468 1463 2540 propter
1485 2459 1617 2521 edietum
1636 2470 1667 2521 et
1685 2467 1845 2540 propterea
1863 2460 1945 2541 quod
1961 2460 2002 2521 ali
2017 2460 2108 2523 debet

271 2564 375 2630 αὐτὸν
407 2563 470 2630 ὑπὸ
502 2574 564 2630 τοῦ
589 2551 661 2651 π-ρς
689 2566 822 2647 μείζονα
858 2567 942 2630 ὄντα
973 2576 1041 2630 τῶν
1073 2576 1175 2652 τριῶν
1203 2575 1327 2648 apatre
1342 2587 1411 2628 eum
1434 2568 1530 2628 maior
1551 2567 1592 2628 sit
1612 2565 1709 2628 tribus
1733 2565 1828 2628 annis.
2034 2588 2059 2630 o.
2076 2570 2105 2630 3.

270 2669 463 2737 ἐνιαυτῶν.4
1057 2694 1082 2736 ο.
1100 2678 1118 2738 9
1134 2674 1174 2736 ib.

189 2786 232 2842 sd.
342 2777 518 2857 Τοσαύτην
540 2776 626 2864 πρό“
648 2790 716 2843 τῶν
738 2778 875 2862 παίδων,
902 2776 991 2862 ὅμως
1018 2781 1079 2844 οὐκ
1100 2778 1174 2857 ὴδύ-
1269 2815 1643 2827 ------
1681 2790 1782 2843 temen
1811 2801 1870 2843 non
1893 2790 2034 2862 poterant
2055 2802 2107 2843 eos

270 2908 374 2951 ναντο
397 2883 520 2960 αὐτοὺς
542 2885 807 2950 καταδουλεόεινε
824 2922 867 2934 -
1081 2890 1174 2950 α10.
1201 2888 1234 2949 in
1256 2888 1433 2951 servitutem
1456 2887 1600 2969 redigere.
2013 2908 2037 2950 e.
2057 2891 2106 2950 10.

192 3002 233 3056 τί.
335 2990 410 3058 Ἐάν
436 2991 510 3078 περὶ
537 3003 595 3070 της
616 2993 839 3078 κληρονομίας
866 3003 924 3070 τῆς
951 2979 1014 3079 μ-ρς
1036 2995 1174 3071 κινήσας
1268 2993 1303 3057 si
1324 2993 1363 3056 de
1384 2994 1551 3057 hereditate
1573 2996 1679 3056 matlis
1702 3015 1796 3075 agens
1811 2994 1919 3069 vicisti,
1942 2995 1969 3056 si
1984 2995 2106 3076 quidem
2141 2999 2266 3056 λθθοό

101 3125 136 3180 B.
146 3090 242 3194 q‘ixi
270 3102 432 3181 ἐνίκησας,
449 3106 475 3164 εί
490 3101 548 3182 μὲν
563 3099 776 3183 αὐτεξούσιος
792 3096 844 3181 είς,
862 3099 1004 3165 δύνασαι
1020 3103 1174 3165 ἀπαιτεῖν
1201 3102 1247 3165 tui
1268 3102 1343 3163 iuris
1366 3121 1408 3178 es,
1430 3110 1517 3182 potes
1540 3122 1608 3164 eam
1628 3111 1743 3182 petere;
1766 3100 1849 3181 quod
1871 3100 1897 3162 si
1919 3101 1951 3163 in
1974 3101 2106 3164 ebenum
2174 3075 2192 3125 ί·
2205 3077 2230 3126 ⁸·

137 3200 169 3252 11-
182 3199 216 3267 ’ί-
270 3204 387 3284 αὐτὴν·
411 3212 437 3270 εί
461 3204 496 3270 δὲ
516 3208 560 3281 ὡς
583 3206 776 3291 όπεξοόσιος
799 3206 995 3295 άμφεβάλλη
1010 3207 1174 3272 κινείσθω
1200 3216 1383 3289 potestatem
1414 3209 1575 3288 quaereris,
1612 3216 1800 3291 proponatur
1836 3208 2040 3283 interdictum,
2072 3218 2108 3270 ut

270 3311 310 3378 τό
326 3314 465 3395 νόμιμον
481 3313 708 3400 παράγγελμα,
725 3311 814 3388 ὅπως
829 3311 873 3378 δν
888 3317 908 3392 ὴ
924 3316 1072 3394 ἀλήθεια
1081 3319 1174 3403 φανῇ
1202 3351 2105 3363 -----------

270 3406 869 3508 —---—to—ffl:-
912 3422 1244 3498 c.1.c.VI11,s.-
1290 3458 1332 3469 -
1379 3457 1421 3467 -
1467 3458 1509 3467 -
1893 3421 2106 3497 0.1.c.8,8.

188 3538 233 3602 ad.
338 3526 489 3593 Δόνασαι
511 3532 615 3592 αίτεῖν
638 3525 677 3591 τό
697 3528 916 3613 παράγγελμα
938 3527 999 3593 τὸν
1021 3531 1175 3616 ἄρχοντα
1267 3529 1360 3591 Potes
1388 3549 1408 3590 a
1430 3528 1610 3609 magistratu
1638 3538 1741 3610 petere
1768 3528 1962 3591 interdictum
1989 3539 2025 3592 nt
2051 3529 2106 3592 filii

271 3631 351 3709 ὣςτε
374 3628 452 3708 τοὺς
475 3632 598 3709 παῖδας
622 3655 684 3697 σου
707 3636 986 3721 παρασταθηναι.
1055 3657 1081 3699 o.
1098 3640 1117 3699 2
1133 3636 1172 3698 ib.
1201 3637 1246 3700 tui
1268 3635 1478 3698 exhibeantur.
2033 3657 2059 3698 ο.
2076 3638 2105 3698 2.

190 3753 231 3815 ιζ.
333 3740 408 3804 Ἐάν
439 3762 490 3815 τις
520 3738 676 3827 βούλεται
709 3739 769 3819 τὴν
805 3742 896 3806 ίδιάν
930 3743 1035 3806 αὐτοῦ
1064 3743 1173 3824 θυγα-
1267 3741 1301 3804 Si
1323 3742 1391 3823 quis
1406 3741 1481 3804 velit
1502 3742 1657 3824 propriam
1673 3741 1730 3803 sibi
1744 3741 1839 3803 filiam
1854 3742 1990 3805 exhiberi
2004 3752 2106 3824 potest

268 3851 351 3933 τέρα
373 3848 652 3933 παρασταθῆναι,
677 3846 817 3912 δύναται
844 3860 976 3926 κινῆσαι
1005 3847 1066 3927 τὴν
1087 3851 1174 3932 άγω-
1200 3848 1330 3931 experiri
1352 3849 1472 3911 notione
1498 3849 1537 3910 de
1560 3848 1623 3910 iilis
1645 3848 1817 3912 exhibenda
1834 3860 1865 3913 et
1882 3848 1965 3931 quod
1987 3858 2106 3930 oportet

268 3952 330 4037 γὴν
353 3953 413 4031 την
436 3952 508 4039 περὶ
525 3966 582 4031 της
599 3952 775 4039 θυγατρός
798 3957 1042 4041 παραστάσεως
1060 3955 1117 4020 καί
1133 3955 1172 4021 τό
1201 3978 1220 4018 a
1243 3956 1423 4036 magistratu
1446 3955 1590 4036 accipere.

268 4058 385 4126 ίκανδν
407 4062 549 4139 πάσχειν
571 4058 665 4147 παρὰ
687 4070 749 4125 τοῦ
770 4064 950 4148 άρχοντοςι
967 4101 1008 4111 -
1108 4084 1132 4127 o.
1144 4067 1172 4127 3.

333 4166 402 4232 Ἐπί
425 4176 486 4232 τοῦ
501 4167 669 4251 παρόντος
684 4167 999 4253 (παραγγέλματος)ο
1021 4168 1173 4233 ἐκδίκτοο
1266 4168 1305 4231 In
1327 4169 1479 4250 praesenti
1501 4169 1660 4231 interdicto
1687 4169 1791 4231 stetim
1813 4189 1860 4232 res
1884 4168 2055 4241 deoidatur;
2079 4169 2104 4231 si

268 4276 395 4349 είιθίως
410 4274 585 4357 τεμνέσθω
601 4270 641 4336 τὸ
658 4284 810 4360 πρᾶγμα·
833 4275 910 4339 εἰδὲ
933 4276 1090 4361 ἑκάτερον
1105 4286 1173 4339 τῶν
1199 4296 1272 4337 vero
1303 4284 1433 4356 utraque
1463 4296 1536 4356 pers
1567 4275 1599 4336 in
1631 4275 1802 4357 suspitione
1833 4284 1979 4350 versatur,
2010 4296 2105 4357 usque

267 4392 375 4467 μερῶν
394 4377 545 4446 όποπτόν
567 4385 666 4461 ἐστιν,
689 4381 740 4445 δεῖ
759 4386 855 4468 μέχρι
871 4394 930 4460 της
948 4379 1030 4468 ἥβης
1046 4383 1172 4467 ὑπερτί-
1200 4383 1240 4445 ad
1263 4382 1455 4465 pubertatem
1479 4382 1590 4445 differri
1614 4381 1707 4444 debet
1729 4383 1875 4463 quaestio.

270 4490 405 4554 θεσθαι
428 4486 489 4565 τὴν
512 4486 699 4553 δικαίωσινε
715 4526 758 4536 -
818 4490 854 4552 fr.
871 4493 899 4553 3.
917 4498 933 4568 5
950 4494 980 4553 4.
996 4491 1036 4553 D.
1052 4493 1104 4565 43,
1121 4493 1171 4552 30.
1758 4489 1793 4551 fr.
1811 4494 1839 4552 3.
1856 4495 1873 4565 5
1890 4490 1919 4550 4.
1935 4489 1975 4551 Ι).
1988 4491 2040 4564 43,
2052 4492 2102 4550 30.

92 4604 129 4658 Β.
140 4606 165 4673 η’
179 4584 193 4657 i
206 4569 239 4659 τί
334 4595 404 4660 Καλ
425 4580 497 4681 μηρ
524 4595 649 4659 ἐσθότε
676 4606 880 4681 προτιμᾶται
909 4605 970 4660 τοῦ
999 4582 1065 4683 ᾖ
1088 4600 1172 4675 ἔχειν
1266 4596 1309 4660 Et
1330 4605 1428 4658 mater
1450 4596 1601 4659 interdum
1623 4597 1703 4677 patri
1725 4596 1897 4679 praefertur
1921 4596 1954 4658 in
1975 4595 2038 4658 filio
2060 4617 2104 4659 re
2140 4612 2156 4665 1.
2171 4616 2187 4664 s
2203 4610 2267 4666 Oea.

118 4678 218 4748 ’ἁμίλ
267 4702 327 4768 τόν
337 4701 442 4769 παῖδα
456 4701 556 4784 μηδὲν
569 4701 799 4787 βλαπτομένης
815 4713 872 4781 της
888 4704 1171 4787 ὑπεξουσιότητος.
1199 4704 1334 4777 tinendo‚
1356 4724 1425 4766 onm
1448 4712 1583 4786 potestas
1599 4704 1721 4765 minime
1744 4704 1904 4765 minuatur.
1942 4702 1977 4764 fr.
1995 4707 2023 4765 3.
2040 4710 2056 4780 5
2074 4707 2103 4765 5.
2169 4686 2188 4734 ί·
2201 4686 2243 4736 4⁸·

1010 4811 1046 4873 st.
1062 4815 1091 4873 3.
1109 4818 1125 4888 5
1142 4814 1171 4874 b.

519 4969 639 5024 τιτπο(
658 4971 697 5037 τ’,
716 4969 849 5025 euenor
867 4970 919 5024 ιν
1410 4967 1578 5027 refotus
1595 4968 1649 5037 111,
1667 4967 1773 5023 Luem
1791 4966 1891 5022 xxxl

111 5086 161 5156 fol.
175 5090 231 5142 80'.
315 5096 377 5168 περὶ
395 5092 633 5163 αότεξουσιότητος
649 5092 755 5148 παίδων
772 5097 818 5150 καὶ
836 5095 988 5167 ἀχαρίστων
1006 5091 1117 5148 παίδων.
1251 5092 1286 5147 de
1304 5095 1527 5164 emancipatione
1543 5093 1694 5150 liberorum
1712 5098 1741 5148 et
1758 5093 1794 5149 de
1812 5093 1907 5148 liberis
1925 5093 2049 5164 ingratia.
2075 5112 2077 5115 ·

196 5249 230 5323 γ.
338 5237 385 5304 Οὐ
408 5236 511 5319 γυμνὴ
536 5239 721 5313 συναίνεσις
748 5247 810 5303 τοῦ
834 5223 896 5324 apd
919 5238 1095 5323 ἐλευθεροῖ
1114 5248 1171 5315 τῆς
1264 5239 1376 5302 Nudus
1407 5239 1504 5321 patris
1535 5258 1700 5301 consensus
1731 5258 1793 5299 non
1819 5236 1930 5300 liberat
1956 5257 1976 5299 a
2002 5238 2103 5319 patrie

268 5345 545 5428 ὑπεξουσιότητος
567 5341 628 5408 τόν
650 5343 756 5409 παῖδα
778 5342 864 5410 άλλά
886 5346 1023 5427 νόμιμος
1038 5344 1170 5430 πρᾶξις·
1198 5355 1350 5428 potestate
1371 5345 1481 5421 filium,
1505 5345 1558 5407 sed
1581 5355 1668 5408 sotus
1695 5345 1859 5426 legitimum
1886 5363 1985 5426 noque
2009 5364 2103 5406 eausa

268 5451 343 5516 οὐδὲ
364 5452 423 5534 μίν
447 5454 467 5528 ἡ
490 5453 584 5516 αἰτία
611 5454 765 5533 ζητεῖται,
794 5452 866 5517 ἀλλ’
892 5454 912 5529 ὴ
935 5462 993 5528 τῆς
1021 5451 1171 5538 πράξεως
1198 5455 1353 5535 quaeritur
1374 5453 1427 5516 sed
1449 5462 1536 5516 aetus
1558 5452 1719 5533 suptilitas.
1865 5472 1890 5514 e.
1907 5455 1936 5515 3.
1953 5450 1987 5514 C.
2004 5454 2101 5515 848.

268 5557 448 5645 άκρίβεια7
872 5581 897 5622 e.
914 5563 944 5622 3.
959 5559 993 5623 G.
1009 5558 1103 5634 VIII,
1119 5562 1171 5623 48.

340 5737 350 5769 ¹
367 5736 502 5793 Similiter
513 5736 583 5808 Epa.
597 5743 680 5793 aneta
691 5736 754 5805 LII,
768 5740 827 5791 124.
900 5736 911 5769 ¹
929 5734 997 5792 Sim.
1006 5736 1075 5808 Epa
1089 5740 1172 5791 aneta

267 5824 371 5895 XLVI,
380 5831 406 5880 9.
451 5824 547 5882 'Sim
556 5825 627 5897 Epa.
637 5831 720 5881 auota
730 5825 896 5895 XXXVIII,
906 5831 949 5880 54.
994 5823 1169 5896 ‘SimEpa

267 5920 350 5971 sueta
358 5914 493 5984 1.11,1se.
529 5914 641 5971 ‘Plura
652 5916 821 5972 exciderunt
857 5912 1170 5987 ‘Fuerattmpdlutooz

266 6021 293 6059 v.
311 6005 535 6079 παραγγέλματος
550 6003 688 6076 gloesema
700 6010 751 6061 eat.
824 6005 835 6038 ¹
852 6004 894 6060 Ex
906 6004 991 6061 eohol.
1004 6004 1069 6060 Bea
1087 6002 1120 6058 F.
1133 6002 1169 6058 H.
