4680 7114
459 480 522 544 198
877 475 1219 544 BASILICORUM
1241 474 1549 544 FRAGMENTA
1571 475 1868 544 DEPERDI'IA.

456 681 569 742 νουσιν,
592 658 648 724 ἵνα
669 658 713 743 μὴ
732 659 949 745 συντρίβηται
965 656 1022 723 καί
1041 659 1199 741 ζημιώται
1216 661 1234 722 ό
1251 660 1356 742 παρά·
1383 656 1513 722 fioistur:
1541 659 1693 740 optionem
1719 679 1793 723 vero
1824 659 1984 741 ampliavit
2010 659 2109 722 fsvore
2128 662 2233 742 legunt

456 788 533 850 γιον,
556 765 616 845 τὴν
639 767 674 830 δὲ
696 764 848 848 έπιλογὴν
870 767 1054 850 egeatem
1076 765 1155 850 ὑπὲρ
1174 775 1236 830 τοῦ
1257 767 1356 847 ληγα·
1384 776 1545 849 utrumque
1565 766 1722 832 sdiuvsns.
1897 764 1946 852 (fr.
1962 770 1991 829 3.
2006 767 2047 828 D.
2061 765 2234 857 xxxmo.)

456 875 576 957 ταρίου
597 875 735 961 ἀφελῶν
757 872 896 948 τούτους
917 871 975 936 καί
998 872 1047 936 ἐπ’
1073 875 1286 960 ἀμφοτέροις.

770 979 835 1066 (Ex
849 980 923 1044 cod
939 980 1051 1043 Vsllio.
1066 980 1103 1055 E,
1120 983 1171 1056 55,
1187 980 1238 1043 fol.
1255 978 1356 1066 299¹.)

521 1087 640 1163 XLIV,
659 1090 708 1164 15,
725 1090 753 1151 8.
790 1082 865 1151 Ἐἀν
887 1089 959 1173 εἴπῃ
981 1084 1076 1168 γυνη·
1099 1086 1186 1150 δότω
1205 1086 1357 1170 όκληρο-
1449 1086 1483 1150 si
1514 1086 1623 1149 mulier
1652 1085 1774 1150 dixerit:
1806 1086 1891 1149 heres
1922 1107 2007 1148 meus
2038 1095 2142 1151 vestem
2166 1108 2235 1152 nesn

455 1195 556 1277 νόμος
577 1216 642 1277 μου
663 1193 724 1273 τὴν
745 1194 880 1271 ἐσθῆτά
902 1216 974 1276 μου,
998 1202 1092 1259 πάσα
1108 1196 1134 1271 ι)
1149 1192 1256 1270 ἐσθὴς
1272 1215 1357 1277 περι·
1383 1193 1465 1267 dato,
1480 1195 1577 1256 omnis
1595 1195 1684 1256 uestis
1698 1194 1874 1257 eontinetm.
1920 1194 1969 1278 [fr.
1979 1197 2007 1256 8.
2022 1193 2237 1281 D.XXXIV‚2.)

456 1305 574 1379 έχεται.
1034 1298 1130 1386 (ΕοοΙ.
1145 1301 1239 1364 Besil.
1254 1301 1297 1375 H,
1314 1298 1355 1385 3.)

521 1406 537 1439 *
551 1409 680 1485 XLV,3
692 1440 725 1462 =
738 1405 1298 1494 uov.0xv111(0xsymb.)wsm
1313 1403 1357 1469 τά
1449 1407 1529 1471 Nov.
1544 1406 1702 1470 CXVIII:
1729 1406 1805 1470 hese
1826 1427 1898 1473 vero
1920 1408 1964 1471 its
1985 1408 2164 1488 oompendist
2180 1408 2238 1490 Syn·

456 1512 544 1597 ῥητά
565 1519 731 1597 συντέμνει
754 1514 811 1579 καί
833 1513 1034 1600 Συμβάτιος
1056 1510 1174 1588 οὕτως·
1206 1513 1356 1590 Τελευτή-
1383 1512 1497 1576 bstius:
1530 1512 1653 1576 Mortuo
1679 1514 1781 1596 sliquo
1808 1515 1873 1577 eius
1899 1513 2110 1577 deseendentes
2133 1516 2185 1578 sive
2204 1537 2239 1597 pu

456 1623 579 1696 σαντός
605 1644 696 1697 τινος
724 1624 756 1686 ol
782 1624 953 1695 κατιόντες
980 1622 1087 1685 αὐτοῦ
1112 1621 1147 1704 ἐξ
1174 1619 1356 1705 ἀρρενοςη
1383 1620 1558 1683 femininam
1580 1622 1645 1684 sive
1670 1641 1725 1703 per
1746 1621 1945 1684 masculinam
1967 1641 2134 1702 personam,
2157 1624 2239 1685 sivein

455 1728 587 1805 θήλεας
609 1730 790 1813 προσώπου
812 1727 1022 1812 αὐτοξοίισιοί
1041 1750 1076 1792 τε
1093 1725 1152 1792 καί
1169 1726 1355 1811 ὑπέξοόσιοι
1383 1734 1533 1808 potestate
1548 1727 1661 1790 fuerint
1674 1729 1738 1793 sive
1752 1748 1822 1804 non,
1838 1728 1878 1790 sd
1888 1728 1952 1790 eius
1966 1728 2157 1791 hereditatem
2163 1751 2240 1793 voem-

454 1835 634 1900 καλοῦνται
658 1840 702 1909 εἰς
725 1836 830 1899 αὐτοῦ
851 1834 1011 1913 διαδοχὴν
1034 1836 1275 1919 προτιμώμενοι
1289 1845 1357 1898 τῶν
1383 1844 1434 1896 tur
1459 1834 1709 1898 adscendentibus
1735 1835 1832 1898 hsbiti
1856 1836 2001 1918 potiores,
2028 1834 2098 1898 lieet
2119 1837 2147 1897 in
2168 1857 2240 1898 eomn

455 1942 619 2005 ἀνιόντων
641 1942 758 2023 αὐτοῦ,
786 1946 813 2006 εί
839 1942 897 2007 καί
920 1943 1112 2026 ὑπιξοόσιος
1135 1943 1245 2006 αὐτῶν
1268 1940 1356 2022 ὲτόγ-
1383 1949 1533 2021 potestate
1563 1940 1656 2002 fuerit
1681 1940 1840 2004 detinetus
1867 1943 1970 2024 eisque
1996 1944 2165 2024 pertinuerit
2184 1965 2242 2005 usus

452 2069 555 2127 χανεν
577 2051 596 2112 ό
619 2049 814 2126 τελευτήσας
835 2049 893 2114 καί
915 2046 1054 2135 ἥρμοζεν
1072 2050 1186 2123 αὐτοῖς
1204 2051 1224 2124 η
1236 2058 1357 2130 χρῆσις
1384 2047 1513 2122 fruetus,
1539 2068 1601 2110 non
1626 2050 1751 2111 mutatis
1777 2049 1895 2131 legibus
1920 2050 1959 2112 de
1986 2051 2141 2113 usufructu
2163 2069 2241 2121 eumn,

455 2154 498 2235 μι)
516 2157 748 2238 καινιζομένοιν
764 2167 831 2219 τῶν
845 2154 918 2242 περί
933 2167 992 2234 της
1005 2157 1154 2241 χρήσεως
1174 2165 1242 2218 τῶν
1257 2156 1357 2239 ἀπρο
1384 2173 1514 2236 quorum
1536 2155 1703 2217 dominium
1725 2176 1787 2218 non
1809 2157 1972 2237 quaeritur.

456 2263 648 2347 σπορίστοιυ
666 2266 820 2345 κειμένων
834 2265 952 2345 νόμιον.
1034 2261 1136 2349 (Dem.
1150 2263 1255 2326 Chom.
1271 2261 1357 2349 600.)

520 2366 588 2445 *L,
604 2374 634 2446 4,
651 2373 692 2432 20
712 2381 782 2453 post
804 2370 1050 2447 δεσποσθῆναιι
1074 2368 1132 2433 καί
1154 2365 1241 2432 οὕτω
1261 2369 1356 2451 μὲνό
1450 2377 1521 2449 post
1542 2390 1571 2431 v.
1595 2367 1819 2446 δεσποδηναιι
1846 2370 1890 2432 Et
1914 2371 1960 2433 ita
1986 2381 2104 2452 emptor
2126 2369 2244 2451 repdlim

456 2473 649 2560 ἀγοραστης
664 2477 883 2563 ἀποσοβεῖται
899 2487 961 2542 τοῦ
974 2475 1289 2562 ἀντιλαμβάνεσθαι
1299 2486 1357 2553 της
1384 2494 1423 2536 ne
1446 2494 1503 2537 sus
1524 2476 1674 2556 emptione
1696 2476 1863 2540 adiuvetur.
2037 2476 2122 2564 (Dig.
2135 2476 2244 2553 mu

456 2584 643 2667 ἀγορασίας
666 2584 779 2648 αὐτοῦ.
1031 2583 1132 2670 (Dem.
1148 2584 1254 2646 Chom.
1271 2582 1357 2671 238.)

521 2690 610 2766 LIII,
628 2695 655 2753 1.
690 2688 724 2755 Ὁ
738 2687 816 2765 τοὺς
837 2691 1034 2776 βαρβάρους
1056 2699 1135 2764 ναῦς
1153 2691 1357 2754 κατασκευά-
1448 2688 1514 2767 Qui
1544 2689 1689 2752 berbsros
1720 2710 1814 2755 nsves
1844 2691 1989 2754 oonfioere
2025 2691 2125 2765 dooet,
2159 2689 2245 2771 ospitdi

456 2798 520 2876 ζειν
543 2797 710 2862 διδάσκειν
731 2798 895 2885 κεφαλικῇ
917 2800 1060 2883 τιμωρίᾳ
1082 2798 1260 2862 ὑπόκειται.
1384 2815 1499 2876 poenae
1521 2796 1687 2860 subiicitur.
1971 2797 2011 2885 (o.
2029 2802 2081 2861 25.
2096 2797 2128 2859 C.
2141 2792 2246 2876 IXD.)

522 2902 660 2981 Ἀκόνην
687 2903 826 2987 σιδήρου
851 2902 909 2968 καί
940 2906 1078 2989 σίδηρον
1105 2902 1163 2969 καί
1191 2903 1274 2979 ἀλας
1300 2903 1356 2968 καί
1452 2902 1559 2968 Cotem
1586 2903 1657 2966 ferri
1684 2913 1716 2966 et
1741 2903 1856 2967 ferrum
1882 2915 1913 2967 et
1939 2904 2020 2966 sales
2047 2915 2078 2966 et
2102 2904 2247 2966 frumentun

456 3018 552 3073 σῖτον
578 3013 656 3074 ἀνευ
681 3012 865 3099 κεφαλικοῦ
889 3010 1044 3075 κινδύνου
1070 3020 1141 3086 τοῖς
1169 3010 1358 3097 βαρβάροις
1385 3008 1501 3091 absque
1523 3010 1632 3092 ospitis
1654 3011 1788 3092 periculo
1811 3011 1949 3074 barbaris
1972 3011 2104 3074 vendere
2124 3032 2178 3072 non
2194 3010 2246 3070 liet

457 3117 574 3181 πωλεῖν
596 3118 657 3181 οὐκ
679 3118 812 3201 ἔξεστιν.
857 3118 969 3205 (Attal.
984 3119 1119 3181 XXXII
1135 3117 1274 3203 [leunei
1290 3117 1357 3202 48],
1861 3116 1910 3203 (fr.
1927 3120 1966 3180 11
1983 3139 2029 3200 pr.
2045 3118 2086 3180 D.
2102 3117 2210 3189 XXIX
2223 3114 2248 3199 l.)

626 3228 720 3287 1-4.
744 3225 790 3287 cf.
805 3226 899 3289 Besil.
914 3227 985 3301 LX,
1001 3228 1052 3301 51,
1070 3228 1120 3288 62.
1143 3224 1230 3299 LVI,
1248 3228 1276 3299 l,
1294 3222 1357 3311 10.)

522 3331 610 3406 LIII,
628 3336 656 3394 3.
692 3329 739 3395 Τδ
755 3330 952 3416 ῥιπτόμενον
967 3333 1007 3396 οὐ
1022 3332 1146 3411 γίνεται
1162 3331 1357 3412 ἀδέσποτον,
1451 3330 1512 3393 Res
1534 3332 1616 3394 iuots
1636 3352 1700 3393 non
1721 3331 1757 3393 fit
1777 3332 1899 3407 nullius,
1923 3333 1976 3395 sed
1990 3333 2114 3394 domino
2127 3330 2248 3404 manete?

457 3434 543 3501 ἀλλά
570 3446 632 3501 τοῦ
653 3436 817 3504 δεσπότου
843 3442 928 3521 μένει
956 3436 1040 3503 όταν
1062 3437 1243 3524 έκβρασδῇ
1266 3435 1359 3520 παρά
1386 3438 1552 3501 aestuando
1574 3438 1662 3500 iuxta
1683 3459 1765 3501 mere
1786 3439 1915 3521 expulsa
1937 3439 1984 3501 sit

457 3542 517 3621 τὴν
540 3545 735 3609 θάλασσαν.
1007 3545 1117 3632 (Attal
1132 3546 1276 3620 XXXII,
1294 3541 1357 3631 10.)
1891 3546 1939 3624 (fr.
1955 3549 1984 3609 2.
2001 3553 2018 3623 §
2037 3549 2066 3608 8.
2081 3547 2122 3609 D.
2135 3545 2212 3617 XIV,
2223 3542 2250 3626 2.)

522 3651 611 3728 LIII,
628 3656 657 3715 6.
708 3653 784 3725 Τοῖς
806 3657 840 3715 ὲν
862 3652 1026 3739 θαλάσσῃ
1045 3651 1231 3716 ἀλιεόουσιν
1253 3652 1356 3734 ἔξεστι
1451 3652 1490 3713 In
1512 3672 1595 3714 mure
1616 3651 1804 3733 piscantibus
1825 3651 1954 3714 liberum
1971 3661 2019 3714 est
2036 3654 2070 3715 in
2084 3654 2167 3716 litore
2179 3672 2251 3713 ossan

457 3767 560 3822 ποιεῖν
575 3762 609 3820 έν
623 3763 672 3840 τῷ
687 3760 826 3840 αἰγιαλῷ
841 3758 1042 3845 καλύβηνείς
1056 3756 1225 3836 ἀποδοχὴν
1238 3759 1357 3822 αὐτῶν.
1385 3779 1504 3840 ponere,
1527 3760 1560 3820 in
1581 3778 1642 3839 qus
1664 3778 1697 3820 se
1712 3759 1868 3839 recipient
1905 3760 1938 3821 Is
1953 3768 2066 3834 sutem,
2090 3761 2140 3840 qui
2153 3757 2251 3819 inlitus

457 3866 476 3927 ό
505 3864 538 3928 δὲ
565 3865 685 3945 κτίζων
712 3868 746 3928 ὲν
774 3866 915 3948 αἰγιαλῷ
941 3864 999 3930 καὶ
1026 3875 1087 3930 τοῦ
1113 3865 1259 3952 ἐδάφους
1288 3864 1358 3929 δεσ-
1386 3865 1535 3939 sedifioet,
1562 3865 1654 3927 etism
1681 3865 1736 3927 soli
1759 3865 1898 3928 dominus
1921 3867 2118 3929 constituitur
2142 3864 2252 3946 quandin

457 3973 546 4051 πόζει
569 3970 623 4059 ἐφ’
650 3968 732 4034 ὅσον
754 3970 793 4036 τὸ
816 3973 940 4056 κτίσμα
959 3974 1170 4036 συνίσταται·
1193 3970 1276 4055 μετά
1291 3970 1357 4058 γάρ
1386 3971 1553 4034 aedificium
1569 3981 1686 4034 manet:
1709 3992 1781 4034 num
1795 3981 1956 4053 postquem
1971 3972 2124 4054 dilapsum
2140 3982 2188 4044 est,
2204 3971 2252 4031 lieet

457 4074 497 4141 τδ
521 4086 629 4141 πεσεῖν
651 4079 777 4162 ἔξεστιν
798 4082 897 4164 έτέρῳ
917 4080 1030 4143 κτίσαι
1047 4077 1103 4143 καί
1120 4078 1281 4144 δεσπόσαι
1298 4089 1359 4143 τοῦ
1385 4079 1438 4141 elii
1460 4078 1619 4141 oedifiosre
1641 4088 1673 4142 et
1693 4078 1782 4141 litore
1804 4081 1901 4161 potiri
1990 4077 2041 4164 (fr.
2058 4085 2088 4142 5.
2106 4085 2133 4142 6.
2148 4076 2253 4159 ltus.)

458 4182 592 4269 ἀγροῦ.1
937 4185 1049 4272 (Epen.
1066 4197 1157 4249 sueto
1171 4187 1276 4262 XLII,
1294 4185 1357 4273 72.)

524 4292 610 4366 LVI,
627 4296 656 4354 2.
671 4293 712 4374 μ’.
729 4292 790 4356 δι’.
806 4294 835 4356 ι’.
877 4292 910 4358 Ὁ
932 4302 994 4357 τοῦ
1011 4293 1172 4375 δημοσίου
1187 4295 1358 4377 χρεώστης
1450 4292 1580 4355 Fisonlis
1607 4292 1726 4355 debitor
1750 4302 1830 4356 reete
1856 4295 1933 4375 petit
1959 4293 2139 4356 dilationem
2159 4289 2254 4354 dsnsd

457 4399 566 4472 καλῶς
594 4403 683 4462 αἰτεῖ
705 4400 917 4484 προθεσμίαν
946 4400 1037 4482 αὐτῷ
1064 4399 1212 4477 δοθῆναι
1237 4399 1287 4463 ἐπὶ
1311 4404 1358 4482 τῷ
1385 4399 1620 4481 comparandum
1634 4401 1795 4480 peounism
1810 4409 1841 4462 et
1855 4401 2041 4463 solutionem.
2074 4400 2119 4463 Et
2132 4402 2163 4461 in
2175 4416 2256 4476 msgm

458 4506 645 4591 εὐτρεπίσαι
668 4502 713 4569 ut
732 4507 892 4590 χρήματα
913 4505 972 4572 καί
986 4506 1197 4592 καταβαλεῖν.
1235 4505 1291 4571 καί
1308 4506 1357 4570 ἐπὶ
1385 4507 1507 4589 quidem
1530 4508 1700 4587 quantitate
1722 4528 1783 4569 non
1805 4507 1934 4588 amplior
1947 4507 2000 4569 III
2023 4509 2172 4570 mensium
2184 4507 2255 4568 δεον.

457 4613 515 4693 μὲν
536 4612 677 4694 μεγάλης
699 4615 886 4690 ποσότητος
913 4614 952 4676 οὐ
980 4614 1077 4679 πλέον
1104 4623 1171 4677 τών
1193 4613 1226 4693 γ’
1249 4624 1359 4696 μηνῶν
1385 4615 1417 4675 in
1447 4615 1562 4676 minore
1583 4613 1625 4675 Π.
1674 4613 1826 4677 Prolixius
1857 4615 1948 4676 huius
1978 4616 2127 4697 temporis
2157 4614 2256 4694 spst'un

459 4718 598 4800 δίδοται,
622 4719 672 4783 ἐπὶ
696 4719 730 4783 δέ
753 4717 891 4796 ἥττονος
913 4721 958 4806 β’.
996 4719 1035 4785 τδ
1059 4720 1093 4785 δὲ
1112 4721 1222 4786 πλεῖον
1237 4720 1359 4784 τούτου
1386 4723 1526 4803 princeps
1549 4721 1696 4783 coneedit.
1793 4718 1841 4805 (fr.
1857 4723 1908 4785 45.
1926 4729 1942 4800 ς
1962 4724 2012 4783 10.
2027 4722 2069 4784 D.
2085 4720 2199 4795 XLIX,
2213 4722 2255 4795 11)

457 4835 520 4890 τοῦ
537 4828 666 4911 χρόνου
688 4829 706 4890 ό
729 4823 883 4912 βασιλεὺς
906 4826 1050 4891 δίδωσιν.
1087 4825 1173 4914 (Syn
1188 4829 1230 4903 X,
1247 4834 1276 4904 3,
1293 4826 1358 4914 24.)

523 4931 640 5008 *ΙΝΙ,
658 4937 708 5010 14,
726 4937 753 4995 1.
770 4941 787 5012 5
805 4939 833 4997 6.
871 4932 949 4998 Ἀλλ’
968 4934 1043 4998 οὐδὲ
1058 4934 1195 5020 δευτέρα
1210 4957 1259 5008 τις
1278 4932 1363 4998 ἀπόέ
1452 4935 1513 4997 Sed
1530 4955 1627 5017 neque
1645 4935 1778 4998 seeundo
1795 4935 1995 4997 sententioso
2010 4934 2105 5008 valet,
2127 4944 2161 4996 ut
2174 4933 2257 4995 moun

458 5062 563 5128 φασις
595 5039 699 5118 ἰσχύει
731 5038 791 5117 τὴν
818 5050 991 5122 γεγονυῖαν
1018 5040 1069 5105 ert
1095 5051 1166 5115 τοῖς
1194 5041 1358 5126 μητρῴοις
1385 5043 1417 5104 in
1439 5044 1581 5105 maternis
1603 5043 1667 5104 eius
1689 5042 1779 5104 rebus
1796 5041 2017 5103 restitutionem
2032 5052 2162 5115 ουσιαι,
2182 5046 2257 5118 utpote

458 5149 570 5211 αὐτῶν
607 5148 801 5232 πράγμασιν
838 5149 1118 5212 ἀποκατάστασιν
1160 5151 1356 5234 περιτρέψαι
1386 5170 1455 5212 eum
1477 5149 1575 5231 priore
1596 5147 1730 5210 iudiciali
1752 5148 1902 5210 sententis
1922 5148 2061 5228 legitime
2084 5149 2161 5211 huso
2180 5145 2258 5208 onem

459 5255 573 5327 αὐτοῖς
601 5249 657 5317 οία
684 5253 877 5331 δικαστικῆς
903 5256 1043 5337 νομίμου
1070 5257 1202 5341 πρώτης
1225 5256 1358 5341 ἀποφά-
1386 5258 1425 5320 sit
1448 5267 1479 5318 et
1501 5277 1569 5317 oum
1591 5255 1683 5336 longe
1704 5255 1911 5336 praescriptio,
1934 5255 1964 5316 h.
1987 5277 2013 5318 e.
2041 5257 2169 5338 triginta
2192 5270 2257 5313 suno

460 5382 541 5434 σεως
556 5359 679 5437 ταύτης
693 5365 918 5444 ἐργασαμένης
932 5360 990 5426 καί
1004 5373 1063 5439 τῆς
1078 5362 1244 5439 διηνεκοῦς
1253 5383 1359 5447 παρα·
1387 5384 1466 5438 rum,
1498 5384 1566 5426 sem
1598 5371 1731 5437 tueatur,
1766 5372 1911 5442 tanquam
1942 5371 2063 5425 sontum
2092 5382 2221 5426 securum
2240 5372 2257 5416 εἰ

459 5463 612 5554 γραφῆς2
639 5477 697 5544 τῆς
713 5453 827 5541 λετιάς
850 5466 988 5548 δηλαδι),
1015 5466 1082 5532 ὅσα
1104 5467 1161 5533 καί
1185 5470 1360 5557 ἀσφαλοῦς
1386 5479 1506 5551 praeter
1531 5480 1631 5532 oeters
1657 5470 1747 5531 etism
1770 5468 2003 5550 appeliationem
2030 5463 2257 5551 repellatque

461 5575 589 5658 θυρεοῦ
611 5573 775 5659 τηρούσης
797 5573 902 5652 αὐτὴν
919 5575 976 5639 καί
992 5573 1075 5660 πρὸς
1089 5584 1159 5649 τοῖς
1177 5575 1289 5650 ἀλλοις
1303 5576 1361 5640 καί
1387 5577 1481 5640 telum
1503 5577 1536 5638 in
1557 5576 1664 5638 fortius
1686 5576 1802 5658 aliquid
1822 5576 1965 5638 insidens.

460 5679 563 5758 αὐτὴν
599 5682 756 5758 ἔκκλητον
793 5685 1039 5767 ἀποκρουμένης
1070 5683 1230 5767 καθάπερ
1266 5682 1360 5767 βέλος

461 5791 665 5874 ἰσχυροτέρῳ
688 5788 752 5852 τινὶ
776 5787 990 5875 προςπεσόιι.8
1034 5787 1135 5876 (Dem.
1152 5789 1257 5853 Chom.
1275 5786 1360 5875 184.)

533 6019 635 6075 ¹Num
653 6020 795 6095 αἰγιαλοῦλ
870 6021 916 6075 ²1.
935 6015 988 6074 οίιι.
1060 6020 1166 6076 ⁸loeus
1183 6022 1324 6075 erraticus.
1373 5966 1376 6091 λ
