4680 7114
110 631 134 672 c.
152 614 193 672 69
217 608 304 695 (ξα).
327 608 539 689 ἐτελεύτησεν,
556 613 599 684 ὡς
614 611 818 694 κληρονόμος
832 612 940 685 καλῶς
950 610 1010 688 την

269 724 393 799 προῖκα
415 716 517 794 αὐτῆς
540 720 558 780 ό
583 715 728 804 ἀδελφὸς
750 719 923 805 λαμβάνεις
940 757 982 767 -
1037 741 1061 782 ο.
1104 722 1130 781 1.
1156 722 1184 780 2.
1211 713 1311 782 Κατά
1348 728 1406 795 τῆς
1441 720 1612 798 γενομένης
1641 726 1783 797 γαμετῆς
1814 718 1834 792 ι)
1866 714 1938 800 περὶ

110 844 133 885 e.
152 825 192 884 70
216 822 298 907 (ξβ).
322 824 504 887 ἀντίκειται
520 823 620 888 δόλου
636 827 911 913 παραγραφήε-
934 828 1010 890 Inde

267 950 380 994 novum
407 931 465 993 ine
497 931 613 995 theme:
650 936 690 1017 τῇ
721 932 918 1015 διατιμήσει,
951 932 1011 1011 τὴν

268 1038 402 1101 δικαίαν
424 1036 510 1101 διατ.
534 1085 565 1101 ..
588 1039 782 1104 ἀπώλλυντο
806 1087 837 1103 ..

109 1165 133 1207 ε.
151 1147 190 1208 71
216 1142 301 1230 (ξγ).
338 1167 363 1208 e
381 1148 421 1206 72
438 1143 521 1231 (ξδ).
545 1153 608 1209 τοῦ
621 1143 752 1228 ἀνδρὸς,
777 1147 896 1221 πάντες
911 1152 955 1221 εἰς
979 1194 1008 1210 ..

56 1262 71 1309 ¹.
109 1272 133 1313 e.
151 1256 191 1314 73
215 1249 293 1336 (ξε).
331 1273 355 1315 ο.
374 1256 414 1315 74
430 1249 514 1338 (ξς).
538 1253 578 1315 οὐ
600 1256 641 1339 τῇ
664 1275 695 1317 π.
720 1275 787 1317 πεκ.
802 1259 844 1318 ἐν.
860 1256 913 1334 ἀγ.
936 1254 1011 1316 Post

266 1380 291 1422 e.
309 1362 350 1421 74
373 1360 450 1421 heee
472 1370 650 1442 sequuntur:
679 1360 747 1423 Τοῦ
769 1357 892 1444 ἀνδρὸς
907 1360 1008 1423 τελευ-

266 1466 431 1542 τήσαντος
458 1470 492 1530 έν
515 1478 695 1530 συνεστῶτι
719 1469 828 1550 γάμῳ,
858 1468 967 1541 καλῶς
990 1470 1009 1544 ι)

265 1570 345 1655 γυνὴ
379 1572 519 1637 δύναται
557 1577 741 1650 ἀπαιτῆσαι
780 1573 841 1652 τὴν
876 1583 1009 1658 προῖκα,

265 1679 365 1761 μηδὲν
392 1684 687 1763 παρακατέγοντος
714 1690 775 1744 τοῦ
803 1682 1010 1765 κληρονόμου

267 1796 328 1850 τοῦ
350 1786 485 1872 άνδρόςε
502 1825 544 1834 -
568 1788 691 1851 Latine:
715 1789 791 1851 Viro
808 1798 926 1850 mortue
942 1809 1009 1851 eon·

266 1903 367 1956 stante
404 1896 608 1971 matrimonio,
649 1906 729 1959 reete
765 1896 873 1958 mulier
909 1905 1011 1977 potest

243 427 492 494 OOLLA'PIO
515 429 657 496 LIBRI
680 430 992 498 AMBROSIANI
1016 430 1113 497 CUM
1137 430 1380 496 EDITIONE
1403 426 1801 495 HEIMBAOHIANA.
1874 427 1934 489 221

1276 609 1396 664 ΤΙΤΛΟ(
1415 608 1463 677 ΙΑ’,
1482 607 1613 662 ΒΙΒΛΙΟΥ
1632 606 1696 660 ΚΗ’.

1197 828 1405 912 ἀφαιρέσεως
1428 824 1633 907 πραγμάτων
1656 819 1769 903 ἀγωγὴ
1788 831 1938 885 κινεῖται·
1973 888 1977 897 .

1196 931 1253 996 καὶ
1284 929 1350 1015 γάρ
1383 933 1402 1008 ι)
1434 929 1558 1012 γαμετὴ
1589 927 1728 1014 [κλοπὴν
1760 929 1862 1014 ποιεῖ]
1892 931 1940 1011 τῷ

1197 1037 1309 1125 ἀνδρὶ,
1338 1040 1382 1113 ὡς
1409 1040 1429 1115 ι)
1458 1038 1615 1120 θυγάτηρ
1644 1039 1691 1118 τῷ
1717 1021 1779 1121 ’πρ-ι
1800 1034 1940 1121 [κλοπὴν

1196 1146 1313 1230 ποιεῑ]·
1337 1146 1409 1209 ἀλλ’
1427 1147 1447 1221 ι)
1463 1142 1535 1229 περὶ
1550 1144 1673 1221 κλοπῆς
1688 1148 1733 1219 εἰς
1749 1141 1788 1206 τό
1804 1142 1940 1208 διπλοῦν

1197 1254 1258 1331 οὐχ
1286 1254 1433 1337 ἀρμόζει·
1461 1253 1579 1333 άτιμος
1606 1248 1672 1331 γάρ
1704 1249 1818 1332 ἀγωγὴ
1850 1248 1940 1315 κατά

1197 1371 1338 1441 γαμετῆς
1370 1360 1410 1422 οὐ
1437 1357 1579 1422 δίδοται;
1608 1358 1723 1421 Contra
1749 1379 1831 1433 eam,
1862 1379 1940 1439 quee

1196 1489 1273 1530 uxor
1294 1468 1360 1542 fuit,
1384 1466 1464 1529 aetio
1479 1467 1517 1528 de
1532 1467 1621 1528 rebus
1636 1467 1747 1528 emetis
1761 1466 1938 1540 intenditur3

1196 1596 1266 1657 nem
1291 1575 1384 1636 etiem
1399 1594 1477 1636 uxor
1501 1572 1628 1657 [furtum
1646 1573 1729 1654 feeit]
1754 1574 1827 1648 viro,
1851 1573 1939 1635 sicuti

1196 1682 1259 1744 filie
1285 1683 1365 1763 petri
1393 1680 1521 1764 [furtum
1548 1680 1645 1764 feeit];
1678 1681 1729 1742 sed
1757 1681 1835 1743 aetio
1866 1681 1939 1742 iirrti

1194 1791 1226 1850 in
1258 1788 1385 1869 duplum
1416 1809 1477 1849 nen
1515 1789 1664 1867 competit.
1720 1807 1792 1849 nem
1823 1787 1940 1849 famose

1195 1895 1274 1958 aetio
1297 1896 1444 1958 adversus
1466 1915 1591 1956 uxerem
1614 1914 1675 1957 non
1698 1895 1796 1957 datur.

266 2002 368 2063 dotem
390 2011 532 2082 repetere,
554 2003 630 2064 nihil
651 2003 799 2065 retinente
816 2003 873 2065 viri
893 2003 1008 2066 herede.
1037 2023 1061 2064 ο.
1101 2006 1119 2064 3
1136 2024 1180 2083 pr.
1204 2002 1246 2065 El
1269 2002 1303 2065 δὲ
1326 1998 1409 2083 μετά
1427 2000 1597 2082 διαζόγιον
1611 2002 1761 2088 ψηλαφᾷ
1775 1997 1819 2063 τά
1835 2001 1939 2085 πράγ-

223 2110 281 2170 Est
303 2108 417 2172 eeiiieet
437 2110 535 2172 versio
554 2105 596 2171 δ’.
615 2111 653 2171 11
672 2110 746 2173 Cod.
763 2109 802 2184 V,
821 2113 860 2171 18
876 2131 955 2190 quae
977 2110 1008 2171 in

265 2215 359 2278 Banu
382 2216 470 2278 editis
493 2216 639 2279 haetenus
661 2217 898 2280 desiderabatur.

355 2391 473 2445 τπιιο(
491 2392 532 2460 υ,
551 2392 683 2446 ειοιιιοι
702 2393 766 2447 κιν.

221 2516 254 2570 In
273 2515 359 2570 rubr:
380 2517 426 2568 καὶ
444 2518 492 2570 τοῦ
577 2517 718 2591 προικῷων
736 2516 893 2572 διδότωσαν,

107 2666 131 2707 e
172 2649 188 2706 1
214 2641 282 2727 (α’).
305 2644 352 2705 ἔτι
375 2652 442 2704 τῶν
465 2662 494 2722 γ.
518 2643 602 2730 αὐτῇ
618 2644 782 2708 ἀποδώσει
801 2691 808 2706 .
824 2690 831 2705 .
847 2655 915 2707 τῶν
928 2668 1008 2729 καρ-

267 2759 337 2813 πῶν
360 2760 427 2812 τῶν
449 2753 484 2812 έκ
507 2758 569 2813 τοῦ
590 2774 618 2813 κ.
641 2774 670 2814 τ.
693 2753 726 2815 ἀ.
748 2755 927 2832 γινομένου.

107 2879 132 2920 e.
171 2861 199 2920 2.
224 2862 243 2920 3
267 2854 334 2942 (β’).
362 2854 412 2920 ἐπὶ
440 2859 481 2942 τῇ
508 2855 633 2943 προικὶ,
661 2855 726 2922 κάν
753 2856 797 2923 τά
819 2860 967 2940 μάλιστα
989 2863 1008 2923 ό

267 2964 367 3045 νόμος
466 2967 618 3049 ἐπέτρεπε
640 2986 669 3045 γ.
756 3008 758 3013 ,

359 3158 479 3213 ΤΙΤΛΟ(
498 3159 527 3226 Ι’,
546 3158 677 3212 erudior
695 3160 756 3214 KH'.
868 3190 871 3197 ·

1195 2131 1295 2189 ματα,
1317 2108 1375 2172 καὶ
1398 2112 1439 2195 τῇ
1462 2107 1534 2190 περὶ
1549 2108 1673 2185 κλοπῆς
1688 2111 1732 2181 εἰς
1747 2105 1787 2171 τὸ
1804 2107 1939 2172 διπλοῦν

1195 2219 1346 2292 ἐνέχεται.
1384 2213 1441 2279 καλ
1460 2211 1517 2278 έάν
1532 2217 1551 2277 ό
1568 2212 1685 2288 δοῦλος
1700 2215 1802 2291 αὐτῆς
1816 2215 1938 2301 κλέψῃς

1195 2322 1228 2386 Si
1265 2331 1335 2403 pest
1371 2322 1533 2386 divortium
1565 2343 1613 2385 ree
1644 2331 1815 2398 eentreetet,
1847 2325 1938 2385 etiem

1195 2430 1269 2491 fiurti
1300 2430 1419 2491 actione
1451 2432 1483 2490 in
1515 2429 1642 2510 duplum
1674 2438 1800 2492 tenetur.
1851 2440 1883 2492 et
1913 2433 1937 2492 si

1196 2558 1302 2599 servus
1324 2537 1387 2599 eius
1411 2537 1595 2617 surripuerit.

1148 2646 1210 2720 52.
1245 2639 1309 2725 πρὸ
1342 2651 1403 2706 τοῦ
1434 2643 1555 2723 γάμου,
1588 2648 1635 2724 τῷ
1668 2643 1864 2707 ἀπαιτοῦντι
1898 2642 1937 2707 τὸ

1194 2750 1326 2829 κλαπὲν,
1355 2749 1395 2813 οὐ
1416 2747 1480 2830 μὴν
1502 2748 1558 2812 καλ
1582 2754 1630 2831 τῷ
1653 2747 1724 2833 περὶ
1747 2750 1870 2827 κλοπῆς
1894 2755 1938 2824 εἰς

1195 2853 1235 2920 τὸ
1260 2856 1396 2920 διπλοῦν
1418 2858 1570 2933 ἐνέχεται.
1618 2861 1679 2934 §3-

1037 2983 1061 3024 υ,
1103 2967 1131 3026 6.
1149 2970 1165 3039 5
1186 2966 1212 3027 1.
1237 2960 1371 3044 ἀγωγὴν
1393 2971 1501 3025 κινεῖν.
1548 2967 1610 3041 52.

1037 3090 1060 3131 ε.
1101 3072 1120 3130 8
1144 3067 1202 3155 (ε’).
1226 3073 1310 3148 έγειν
1333 3068 1393 3147 τὴν
1416 3067 1489 3153 περὶ
1512 3072 1721 3156 ἀφαιρέσεως
1743 3070 1885 3153 ἀγωγὴν,
1909 3072 1937 3134 δ.

1037 3198 1060 3239 ε.
1102 3181 1209 3254 8.§1.
1243 3199 1267 3240 ο.
1286 3183 1314 3240 9.
1342 3175 1424 3242 Οὔτε
1439 3178 1506 3261 γάρ
1522 3175 1765 3242 έστι...όσου
1779 3181 1935 3242 ἐστίνε-

108 3307 132 3348 ε.
174 3289 201 3347 1.
224 3287 262 3349 αἱ
283 3283 333 3347 ἀν.
357 3285 524 3367 γινόμεναι
547 3283 598 3371 (ex
620 3286 794 3351 eonfueiene
812 3289 891 3350 inter
905 3287 1009 3351 δαπα-
1036 3305 1061 3346 e.
1082 3287 1130 3346 11.
1156 3284 1332 3369 ὑποκλέφει
1357 3284 1548 3368 πράγματα.

267 3401 333 3454 νιῦν
355 3402 387 3454 et
404 3390 665 3478 δαπανημάτων)
689 3439 719 3455 ..
742 3391 832 3458 κατά
851 3392 894 3459 τά
909 3396 1009 3476 ἀναγ·
1037 3412 1061 3454 e
1083 3395 1166 3470 11.§
1186 3396 1212 3453 1.
1236 3393 1353 3472 ὄμνυσι
1377 3401 1508 3475 πρῶτος
1531 3415 1559 3455 τ.
1581 3414 1614 3456 π.
1637 3403 1696 3469 τῆς
1718 3415 1789 3457 συκ.

266 3507 364 3561 καῖον
378 3500 540 3582 άρτοκοπ.
555 3545 562 3560 .
576 3545 583 3561 .
598 3500 809 3564 καταπίπτον
824 3504 1010 3582 ἀναγκαῖον
1037 3520 1061 3561 e.
1081 3498 1130 3561 11.
1148 3506 1165 3576 5
1183 3504 1211 3562 3.
1236 3495 1287 3562 διὸ
1311 3498 1395 3562 οὔτε.

267 3606 318 3668 ἀν.
355 3606 387 3668 A
401 3601 440 3667 δ’
459 3604 506 3667 Ἡ
515 3605 657 3679 έλαιωνα
679 3628 793 3671 novum
816 3610 918 3672 theme
936 3607 1009 3693 περὶ
1036 3626 1060 3667 e.
1080 3608 1129 3667 15.
1147 3612 1163 3683 §
1183 3610 1199 3667 1
1224 3603 1281 3691 (ι).
1309 3605 1369 3668 οὐκ
1395 3608 1563 3682 ἐνέχονται
1592 3605 1626 3667 δὲ
1654 3604 1726 3688 περὶ
1748 3606 1871 3683 κλοπῆς
1894 3613 1938 3681 εἰς

267 3712 487 3793 συμπτώσεως
510 3714 593 3799 ἀσφ.

107 3842 132 3883 ο.
171 3824 200 3882 2.
223 3820 243 3897 i
266 3818 326 3896 τὴν
349 3818 474 3900 ὑγιεῖαν
496 3829 564 3882 τῶν
586 3817 721 3883 δούλων.

107 3949 132 3991 α
172 3932 200 3990 3.
223 3925 279 3990 καὶ
302 3923 363 3989 τὸν
385 3927 549 4012 νεόφυτον
572 3937 708 4003 ποιῆσαι
736 3929 881 4009 ἀμπελον
903 3975 935 3991 ..
958 3929 1008 3994 ἐπὶ

263 4033 485 4117 γρησιμότητι
512 4042 574 4097 τοῦ
599 4035 708 4118 ἀγροῦ
734 4046 870 4111 ποιῆσαι
897 4036 954 4099 καλ
982 4041 1009 4099 ελ

264 4141 323 4221 μέν
354 4137 437 4223 πρός
475 4137 534 4216 τὴν
572 4149 748 4223 παροῦσαν
775 4145 1009 4225 γρησιμότητα

267 4250 403 4334 φέρεται
426 4243 465 4309 τὸ
489 4244 688 4323 δαπανηθὲν
705 4259 760 4311 eet
798 4250 963 4330 Complura
977 4252 1009 4312 in

266 4354 399 4434 vulgetis
413 4354 590 4416 exciderunt
611 4365 737 4437 propter
759 4356 935 4419 homoeotel.
966 4358 1010 4420 Et

1196 3710 1235 3774 τὸ
1264 3711 1413 3792 διπλοῦν,
1441 3716 1468 3775 εἰ
1494 3710 1538 3789 μὴ
1566 3712 1778 3795 αὐτεξούσιός
1805 3717 1936 3777 έστινό

1197 3821 1277 3893 υἱός·
1300 3821 1376 3883 τότε
1398 3816 1464 3905 γάρ
1488 3822 1507 3896 ἡ
1530 3817 1610 3900 γυνι)
1634 3821 1740 3884 αὐτοῦ
1761 3819 1855 3903 παρά
1876 3829 1939 3884 τοῦ

1196 3927 1363 4009 πενθεροῦ
1392 3926 1580 3990 κλέπτουσα
1611 3930 1753 4004 ἐνέχεται
1785 3933 1826 4015 τῇ
1864 3928 1937 4013 περὶ

1194 4032 1318 4109 κλοπῆς
1340 4038 1384 4107 εἰς
1407 4030 1446 4095 τὸ
1470 4032 1617 4097 διπλοῦνε
1637 4071 1675 4082 -
1709 4056 1771 4096 non
1798 4046 1938 4098 tenentur

1195 4150 1297 4202 autem
1324 4140 1362 4202 de
1383 4141 1464 4202 furto
1487 4142 1519 4202 in
1541 4141 1681 4223 duplum,
1709 4143 1767 4203 nisi
1794 4143 1841 4204 sui
1862 4143 1937 4204 iuris

1196 4249 1235 4309 sit
1261 4247 1353 4309 filius:
1382 4257 1455 4310 tune
1482 4249 1560 4309 enim
1588 4270 1666 4312 uxor
1692 4249 1757 4312 eius
1784 4270 1804 4310 ε
1835 4270 1936 4312 εοοοτο

1195 4354 1301 4417 furens
1324 4364 1444 4416 tenetur
1465 4355 1539 4417 furti
1562 4357 1679 4417 aetione
1701 4356 1731 4417 in
1755 4355 1890 4436 duplum.

265 4462 310 4523 ite
331 4471 457 4522 senatur
479 4461 591 4541 optime
614 4461 698 4523 loeus
720 4462 865 4524 haetenus
889 4464 1009 4525 mende-
1037 4481 1062 4522 e.
1082 4464 1121 4524 16
1145 4459 1225 4545 (ια).
1259 4482 1283 4523 e.
1304 4464 1342 4523 17
1360 4483 1403 4542 pr.
1421 4459 1505 4547 (ιβ’)
1530 4462 1569 4524 οὐ
1592 4465 1632 4547 τῇ
1656 4460 1727 4546 περὶ
1751 4471 1806 4524 eet.

266 4589 327 4631 eus.
372 4568 410 4629 In
432 4568 452 4628 f.
477 4568 647 4647 ἀναγκαία
669 4569 770 4632 λστίνε
788 4606 829 4615 -
858 4580 912 4634 eet
929 4592 986 4633 om.
1036 4589 1060 4630 e.
1080 4571 1119 4630 19
1144 4566 1221 4653 (ιδ).
1247 4563 1321 4630 Ἐάν
1343 4564 1433 4630 κατὰ
1455 4566 1515 4631 τόν
1542 4566 1661 4654 καιρόν
1684 4576 1745 4631 τοῦ
1767 4566 1937 4649 διαζυγίου

50 4695 69 4742 ¹.
106 4698 131 4737 ο.
171 4673 281 4760 4(β).
305 4674 390 4760 αὐτῇ
412 4672 569 4758 διέφερεν.

106 4804 131 4845 ο.
170 4786 197 4843 5.
224 4786 286 4859 §3-
333 4801 357 4843 ο.
375 4784 393 4842 6
410 4779 472 4860 (δ).
517 4801 541 4842 e.
560 4786 577 4843 7
599 4778 658 4865 (ε’).
686 4778 837 4865 Περιττολ
863 4781 1008 4860 δαπανή-

264 4908 357 4968 ματα
381 4886 414 4949 δέ
437 4889 519 4949 εἰσιν
542 4896 598 4949 ete.

107 5016 131 5057 c.
172 4999 191 5056 9
215 4991 270 5079 (ζ).
292 4998 318 5056 ελ
342 4992 376 5056 δέ
400 4992 539 5056 δύναται
563 5013 703 5079 περιαιρ.
797 5028 802 5037 ·

106 5123 130 5163 c.
151 5104 190 5162 10
214 5098 280 5186 (η).
303 5098 375 5185 περὶ
403 5097 442 5163 δν
469 5097 535 5185 (sed
564 5122 583 5162 ν
608 5102 765 5164 inductum
788 5109 847 5183 eet)
879 5150 914 5166 ..
947 5104 1008 5166 οὔκ

106 5336 130 5377 e.
150 5317 189 5375 11
215 5311 290 5399 (θ’).
317 5311 362 5377 τά
389 5310 527 5396 περιττά
555 5313 780 5396 δαπανήματα
805 5317 845 5379 ib.
870 5324 886 5394 ς
956 5339 1007 5399 μι-

264 5210 335 5271 έστι
358 5203 513 5291 περιττὸν
536 5207 607 5269 ἀλλ’
633 5211 680 5271 έπ.

265 5416 350 5503 τάξι)
373 5420 543 5483 συνοίκων.

105 5526 198 5588 ο.12.
229 5522 280 5589 Τά
302 5546 332 5606 γ.
354 5548 386 5608 μ
409 5526 529 5590 δαπαν.

105 5653 130 5694 ο.
150 5635 188 5694 13
212 5629 269 5718 (ι’).
292 5654 317 5695 e.
337 5632 476 5720 14(ιά);
501 5630 547 5697 ὧν
569 5633 613 5716 μὴ
635 5640 814 5718 γινομένων
929 5641 1008 5700 ene·
1036 5657 1060 5698 c.
1079 5640 1118 5698 21
1144 5633 1218 5721 (ις).
1256 5634 1412 5716 διαζυγεῑτ
1450 5656 1523 5698 eorr.
1554 5639 1622 5721 -ῇ
1663 5641 1695 5697 1·
1722 5657 1823 5698 manu.

17 5746 68 5797 75⁸.

265 5739 347 5827 φελῆ
376 5739 415 5804 τό
442 5744 602 5825 κοπρίσαι
634 5741 694 5806 τόν
721 5740 840 5827 ἀγρόν·
870 5740 1008 5828 περιττά

265 5846 305 5910 τὸ
329 5869 361 5911 π.
382 5847 415 5932 β.

105 5974 130 6015 ο.
150 5957 198 6015 16.
225 5953 310 6036 ὑπεξ.
334 5964 392 6031 τῆς
415 5976 469 6039 πρ.

1195 4675 1336 4747 κλέπτας
1359 4677 1402 4747 εἰς
1425 4671 1485 4737 τὸν
1508 4670 1600 4737 οἶκον
1622 4683 1684 4738 τοῦ
1706 4672 1828 4758 ἀνδρὸς
1851 4679 1937 4738 εἱσα-

1195 4782 1282 4866 γάγη
1304 4780 1361 4844 καλ
1385 4779 1427 4844 δι’
1454 4781 1565 4844 αὐτῶν
1589 4781 1748 4868 ὑφέληται
1771 4781 1814 4863 μὴ
1829 4783 1937 4868 ψηλα-

1195 4889 1350 4975 φήσασα,
1382 4888 1532 4967 ένάγεται
1561 4892 1601 4973 τῇ
1629 4887 1700 4972 περὶ
1730 4889 1937 4975 ἀφαιρέσεως

1195 4997 1322 5079 ἀγωγῇ,
1345 4997 1372 5056 ελ
1394 4991 1451 5056 καλ
1474 4993 1517 5075 μι)
1541 4994 1689 5057 ἔλθωσιν
1712 5000 1756 5068 εἰς
1774 4994 1878 5071 αὐτὴν
1893 4993 1937 5058 τά

1195 5103 1389 5185 πράγματαε
1407 5138 1448 5146 -
1495 5100 1527 5164 Si
1555 5110 1689 5182 tempore
1711 5102 1833 5165 divortii
1855 5102 1936 5165 fures

1193 5209 1225 5269 in
1248 5209 1337 5270 eedes
1359 5209 1416 5271 viri
1438 5208 1637 5270 introduxerit
1659 5220 1690 5270 et
1716 5229 1771 5290 per
1793 5230 1845 5271 ees
1868 5211 1937 5272 suit

1194 5317 1331 5396 ripuerit,
1368 5336 1424 5377 nee
1455 5316 1523 5395 ipsa
1557 5317 1800 5391 contrectaverit,
1837 5337 1936 5379 rerum

1195 5432 1362 5484 amotamm
1386 5423 1505 5484 actione
1527 5423 1711 5497 eeureuitur,
1734 5424 1825 5485 etiem
1849 5425 1874 5485 si
1897 5425 1936 5484 ed

1193 5549 1261 5591 eam
1283 5549 1332 5591 res
1354 5550 1415 5590 non
1437 5530 1634 5610 pervenerint.

1195 5743 1266 5805 οὐτι
1279 5740 1283 5807 i
1296 5741 1300 5809 i
1312 5742 1395 5805 λιαν.

1152 5856 1168 5926 5
1188 5852 1214 5910 1.
1240 5848 1315 5911 οὔτε
1334 5848 1489 5922 κλέπταις
1503 5846 1567 5934 (ης)
1588 5848 1717 5913 σπεύδει
1739 5895 1817 5913 .....
1834 5870 1936 5933 πραγ-

1193 5956 1309 6037 μάτων
1331 5957 1458 6041 ἀγωγῇι
1476 5993 1517 6002 -

1972 3278 2020 3346 γα
2034 3282 2105 3333 ων.
