4978 7018
396 461 438 524 36
1027 455 1181 522 LIBER
1203 454 1348 521 XXXII.
1392 453 1481 521 TIT.
1504 454 1530 520 Ι.
1553 454 1597 520 Π.

396 639 504 716 θῆναι
527 642 568 724 τῇ
586 624 652 724 ᾖ
660 637 679 715 l
694 635 752 703 καὶ
766 634 851 719 μετά
866 636 991 712 ταύτην
1007 636 1026 714 ll
1041 634 1098 700 καί
1115 632 1180 719 πρὸ
1197 637 1299 713 αὐτῆς
1327 635 1389 698 sint
1411 637 1525 699 dotalia
1547 637 1748 699 instrumenta
1762 634 1823 700 illie
1839 637 1931 700 etiam
1952 636 2126 700 libertatem
2140 657 2227 719 prae-

396 749 477 820 ίσως
499 743 559 822 τὴν
577 744 773 828 ἐλευθερίαν
791 743 914 829 λαβεῖν,
939 740 1025 807 άλλά
1042 748 1083 830 τῇ
1098 747 1216 829 γραφῇ
1231 753 1299 806 τῶν
1326 752 1450 805 stamus.
2033 743 2114 807 Nor.
2133 746 2181 820 78,
2197 745 2227 805 4.

395 850 558 916 τοιούτων
581 851 794 937 συμβολαίων
816 847 920 925 εύθύς
935 851 1049 924 αὐτοῖς
1067 848 1125 914 καὶ
1140 848 1202 927 τὴν
1216 849 1298 913 ἐλευ-

396 959 520 1044 θεριάν
539 959 786 1043 γαριζόμεθα.1
1105 958 1183 1021 Nor.
1201 962 1252 1033 78,
1267 960 1298 1019 4.

461 1067 502 1131 El
540 1063 606 1151 γάρ
646 1066 855 1148 στρατιώτης
893 1060 1087 1129 καταλιπὼν
1125 1063 1298 1149 πρεσβεῖον
1391 1063 1472 1125 Nam
1500 1065 1527 1125 si
1549 1064 1635 1126 miles
1662 1065 1797 1145 legatum
1824 1064 1998 1146 relinquens
2025 1065 2079 1126 uni
2105 1066 2228 1128 exenia

394 1182 461 1237 των
493 1173 622 1237 οἰκείων
652 1170 717 1236 τινὶ
745 1173 982 1256 θεραπόντων,
1010 1172 1096 1257 αὐτῇ
1127 1174 1168 1257 τῇ
1201 1170 1297 1234 δόσει
1326 1170 1421 1232 servis
1452 1171 1520 1252 ipsa
1552 1171 1673 1234 datione
1704 1170 1799 1250 legati
1831 1172 1922 1233 etiam
1955 1171 2125 1234 libertatem
2156 1173 2230 1236 dare

394 1289 456 1344 τοι]
478 1278 652 1364 πρεσβείου
674 1277 731 1343 καὶ
756 1277 816 1356 τὴν
838 1279 1032 1359 ἐλευθερίαν
1060 1276 1175 1341 δοῦναι
1200 1276 1297 1356 δοκεῖ,
1325 1276 1452 1351 videtur,
1480 1278 1629 1358 quomodo
1657 1298 1717 1340 non
1746 1278 1843 1340 multo
1870 1279 1966 1359 magis
1993 1281 2134 1362 patarei
2160 1281 2229 1342 seri·

395 1397 463 1461 πως
486 1384 528 1450 άν
551 1387 591 1449 ού
613 1387 724 1468 πολλῷ
745 1386 871 1468 μᾶλλον
893 1388 912 1450 ό
934 1370 1005 1468 ἦρ
1021 1390 1047 1448 εί
1063 1386 1205 1471 γράψειε
1221 1407 1298 1466 ουμ
1324 1383 1418 1465 pserit
1439 1384 1577 1464 nuptiale
1599 1385 1830 1447 instrumentum
1852 1384 1979 1447 habebit
1996 1406 2067 1447 suos
2089 1385 2168 1448 filios
2190 1406 2230 1448 ex

393 1492 534 1578 βόλαιον
570 1490 713 1575 γαμικὸν
749 1493 810 1577 ἐξει
842 1488 921 1566 τούς
958 1493 1080 1556 ἐαυτοῦ
1110 1491 1232 1566 παῖδας
1264 1492 1298 1575 ἐξ
1325 1491 1381 1552 hoo
1403 1491 1470 1571 ipso
1494 1499 1525 1552 et
1547 1490 1611 1553 solo
1636 1500 1668 1553 et
1685 1490 1795 1553 liberos
1811 1501 1843 1553 et
1856 1490 2006 1572 legitimos
2022 1495 2228 1556 suooessoresl

395 1601 499 1665 αὐτοῦ
521 1597 560 1677 δὴ
589 1598 790 1665 τούτουκαὶ
812 1600 916 1681 μόνου
937 1597 995 1663 καὶ
1023 1599 1219 1684 ἐλευθέρους
1240 1597 1296 1662 καί
1324 1617 1385 1658 non
1408 1598 1487 1659 enim
1510 1597 1578 1679 quis
1599 1618 1669 1660 eum
1691 1597 1851 1660 crediderit
1866 1596 1999 1661 voluisse
2021 1598 2152 1662 filiorum
2166 1588 2229 1681 qui·

394 1708 550 1788 γνηοίονς
565 1705 744 1791 διαδόχους
749 1731 761 1781 ,·
784 1707 824 1769 οὐ
838 1703 905 1791 γάρ
922 1707 965 1769 άν
980 1726 1030 1780 τις
1046 1702 1149 1768 αὐτὸν
1165 1706 1297 1781 οἰηθείη
1325 1704 1393 1764 dem
1417 1712 1545 1766 matrem
1567 1705 1733 1784 legitimam
1755 1724 1821 1768 esse
1836 1713 1867 1768 et
1888 1714 2008 1767 tantum
2023 1706 2051 1767 ei
2066 1706 2230 1769 oonoedere

392 1812 606 1898 βουληθῆναι
633 1811 695 1891 τὴν
720 1813 778 1895 μέν
807 1823 875 1875 τῶν
903 1811 1031 1876 παίδων
1057 1797 1128 1897 ’μ’ρα
1158 1812 1298 1894 γνησίαν
1324 1810 1474 1890 premium
1483 1811 1660 1892 voluptatIa
1675 1831 1746 1874 suos
1756 1820 1858 1874 autem
1868 1811 1944 1874 filios
1959 1813 2101 1894 exipsius
2116 1813 2230 1877 semine

393 1916 552 1985 εἶναικαὶ
576 1920 771 1997 τηλικοῦτον
787 1920 872 2004 αὐτῇ
892 1919 1113 2003 χαρίσασθαι
1130 1919 1298 2002 πάρεργον
1326 1927 1488 1998 conceptos
1511 1917 1611 1981 adhue
1633 1918 1803 2000 relinquere
1825 1918 1857 1980 in
1881 1918 2034 1981 servitute
2156 1919 2228 1983 ibid

394 2026 522 2107 ῆδονῆς,
546 2024 624 2101 τοὺς
639 2029 760 2091 ἑαυτοῦ
775 2025 808 2090 δέ
825 2024 947 2100 παῖδας
962 2022 1040 2100 τούς
1056 2029 1091 2089 ἐκ
1111 2036 1178 2088 τῶν
1194 2026 1298 2088 αὐτοῦ

394 2133 524 2222 φύντας
547 2136 746 2219 σπερμάτων
773 2136 819 2197 ἐτι
847 2133 1108 2214 καταλιμπάνειν
1131 2131 1297 2196 δουλευόν-

394 2262 467 2315 ταςι
484 2279 526 2322 ε
1119 2260 1145 2301 a
1161 2242 1181 2299 4
1196 2260 1241 2322 pr.
1256 2240 1296 2301 ib.

641 2431 764 2490 ΤΙΤΛΟ(
784 2433 826 2503 Β’,
846 2432 980 2489 ΒΙΒΛΙΟΥ
997 2434 1055 2488 ΛΒ’
1533 2430 1700 2490 TITULUS
1718 2431 1760 2500 Π,
1779 2431 1883 2488 LIBRI
1901 2432 2017 2488 XXXII
2248 2442 2289 2497 N.
2300 2445 2400 2497 89.εέ

1326 2556 1361 2611 de
1379 2555 1553 2611 naturalibus
1571 2554 1658 2627 [filiis]
1682 2564 1711 2611 et
1728 2555 1763 2612 de
1786 2557 1821 2611 iis
1839 2559 1889 2628 qui
1912 2574 1946 2612 ex
1968 2556 2144 2614 naturalibus
2161 2557 2229 2630 legi-

1696 2647 1758 2701 timi
1776 2643 1856 2700 liunt

328 2635 335 2649 .
442 2555 463 2647 ίι
481 2595 533 2648 τῶν
550 2592 645 2648 νόθων
662 2598 708 2647 καὶ
725 2595 778 2648 τῶν
796 2593 825 2649 ἐκ
842 2593 938 2649 νόθων
955 2597 1072 2668 γνησίων
1090 2596 1248 2668 γενομένων.

463 2772 606 2837 Κάκεῖνο
638 2776 749 2854 μέντοι
783 2772 863 2857 παρ’
902 2775 995 2854 ἡμῶν
1025 2774 1297 2855 νενομοθέτηται,
1391 2772 1434 2834 Et
1455 2772 1533 2835 illud
1554 2772 1674 2853 quidem
1698 2792 1718 2834 a
1738 2771 1827 2834 nobis
1849 2781 1896 2834 est
1917 2773 2123 2847 oonstitutum‚
2145 2774 2231 2835 utsi

395 2878 451 2944 ἴνα
478 2882 582 2954 εἴτις
608 2878 767 2964 βούλοιτο
795 2881 936 2962 γνησίαν
962 2878 1024 2958 τὴν
1051 2882 1172 2944 ἑαυτοῦ
1197 2902 1299 2943 κατα·
1325 2880 1394 2960 quis
1430 2879 1561 2941 voluerit
1596 2880 1761 2959 legitimam
1799 2899 1886 2941 suam
1923 2879 2048 2941 reddere
2084 2879 2230 2955 subolem,

395 2997 518 3063 στῆσαι
541 2985 650 3068 γονὴν,
675 2988 736 3050 ούκ
758 2988 913 3072 εύποροιή
937 2985 971 3050 δέ
994 2998 1136 3068 γαμετῆς
1158 2997 1217 3062 τῆς
1232 2997 1299 3050 των
1326 3006 1425 3067 neque
1453 2987 1593 3050 habuerit
1619 3006 1744 3049 uxorem
1766 2986 1914 3048 eiusmodi
1935 2985 2066 3048 filiorum
2089 2997 2229 3061 matrem3

394 3091 558 3158 tersitem
581 3092 710 3157 παίδων
731 3079 803 3178 μ-ρς,
826 3093 846 3171 ἢ
869 3091 947 3168 τούς
969 3095 1027 3177 μὲν
1046 3092 1168 3167 παῖδας
1183 3093 1299 3177 ύπερα-
1327 3100 1388 3166 aut,
1412 3114 1479 3155 oum
1502 3094 1568 3174 ipse
1591 3093 1669 3155 lilios
1691 3092 1782 3156 valde
1805 3093 1924 3173 diligat,
1951 3092 2060 3154 mulier
2081 3113 2143 3155 non
2166 3095 2230 3156 sine

347 3228 351 3235 ·
395 3209 519 3280 γυπῶν,
558 3196 602 3263 τά
641 3198 675 3262 δέ
707 3211 765 3276 τῆς
796 3198 952 3281 γυναικὸς
984 3201 1044 3264 οὐκ
1075 3201 1300 3284 άναμάρτητα
1327 3199 1419 3280 eulpa
1450 3218 1524 3279 erga
1550 3221 1619 3261 eum
1645 3209 1786 3264 versetur
1811 3219 1910 3281 neque
1937 3200 2061 3280 dignam
2091 3219 2159 3261 eam
2183 3219 2231 3261 re·

395 3304 478 3392 πρός
506 3303 610 3370 αὐτὸν
632 3309 694 3386 εἴη,
725 3307 799 3370 ούδέ
823 3307 923 3389 άξίαν
946 3305 1050 3384 αὐτὴν
1073 3309 1189 3388 ἡγοῖτο
1212 3306 1299 3389 νομί·
1326 3316 1412 3387 putet
1434 3307 1569 3387 legitima
1591 3307 1780 3370 condicione:
1808 3316 1838 3370 et
1865 3307 1933 3369 ideo
1959 3315 2081 3368 mortua
2103 3306 2230 3369 muliere

394 3436 459 3495 μου
481 3411 571 3489 τινός
594 3415 759 3496 ὀνόματος
777 3410 834 3477 καλ
851 3410 907 3477 διά
925 3422 1036 3494 τοῦτο,
1060 3414 1300 3490 τελευτησάσης
1327 3422 1381 3476 aut
1406 3413 1532 3494 indigna
1558 3435 1636 3496 quae
1658 3415 1795 3495 legitima
1816 3434 1895 3476 uxor
1919 3414 1975 3475 fiat
2000 3421 2150 3494 reputata,
2181 3414 2232 3476 vel

395 3531 454 3598 τῆς
480 3531 622 3603 γαμετῆς
649 3520 669 3597 ἢ
696 3521 915 3602 γνησιότητος
942 3522 1002 3584 ούκ
1029 3521 1127 3603 άξιάς
1154 3518 1227 3605 περὶ
1259 3517 1298 3583 τό
1326 3521 1415 3582 etiam
1431 3539 1464 3581 re
1480 3542 1499 3581 a
1512 3520 1582 3582 filiis
1597 3521 1700 3583 dolose
1718 3531 1804 3600 gesta
1819 3521 1898 3583 etde
1912 3521 2092 3583 industries
2106 3520 2233 3583 muliere

396 3635 560 3691 συνοικεῖν
583 3628 793 3708 νομιζομένης
816 3626 836 3704 l)
858 3626 915 3690 καί
939 3635 1000 3690 τοῦ
1023 3628 1220 3712 πράγματος
1234 3623 1298 3690 ύπδ
1327 3627 1504 3689 absoondita
1526 3636 1580 3688 aut
1602 3649 1622 3688 a
1643 3627 1714 3689 liliis
1737 3637 1792 3690 aut
1813 3627 1914 3702 aliter,
1943 3626 2023 3690 forte
2046 3627 2135 3707 eopia
2156 3647 2232 3708 qua·

395 3744 464 3797 των
495 3733 624 3797 παίδων
654 3737 945 3818 κακουργουμένον
973 3732 1031 3797 καί
1063 3732 1209 3810 ἐπίτηδες
1240 3744 1299 3809 τῆς
1327 3734 1397 3795 dam
1419 3734 1447 3794 ei
1469 3733 1613 3808 obventa,
1640 3754 1679 3795 ne
1705 3736 1771 3796 iure
1797 3734 1999 3814 legitimorum
2027 3753 2115 3795 neum
2142 3743 2234 3813 pater

347 3862 349 3866 ⁴
395 3837 552 3923 γυναικός
575 3842 869 3925 ἀποκρυπτομένης
891 3841 911 3918 l)
930 3838 1023 3923 παρά
1045 3851 1114 3904 των
1132 3839 1259 3904 παίδων
1279 3839 1299 3916 l>
1326 3850 1357 3902 et
1378 3839 1518 3921 fructum,
1546 3850 1742 3922 praemortua
1764 3851 1867 3917 matre,
1895 3851 2042 3922 tanquam
2064 3860 2085 3901 a
2105 3839 2176 3901 filiis
2197 3841 2232 3901 in

396 3947 517 4027 ἄλλως,
546 3949 625 4020 ίοως
647 3947 803 4032 εὐπορίας
827 3949 911 4033 αὐτῇ
931 3945 1105 4031 συμβάσης
1132 3944 1222 4021 τινός
1245 3944 1300 4010 ἵνα
1326 3956 1478 4028 potestate
1499 3947 1620 4010 habeat
1996 3948 2075 4010 Nov.
2092 3949 2143 4009 89.
2159 3968 2184 4009 a
2201 3951 2231 4010 9.

395 4052 438 4136 μὴ
463 4057 503 4140 τῇ
526 4056 718 4134 γνηοιότητι
741 4051 802 4131 τὴν
821 4064 945 4135 χρῆσιν
967 4056 986 4117 ό
1010 4039 1077 4137 πῙρ
1096 4052 1153 4118 καὶ
1169 4058 1300 4138 ἐπικαρ-

396 4163 476 4225 πίαν
495 4160 758 4245 προτελευτάοης
777 4171 836 4238 τῆς
847 4145 914 4246 μ-ρς
929 4162 974 4233 ὡς
989 4157 1083 4244 παρὰ
1098 4160 1301 4243 ύπιξουσίων

396 4278 464 4331 των
487 4266 616 4332 παίδων
638 4269 722 4345 izos:
738 4304 780 4315 —
1012 4269 1092 4332 Nor.
1109 4272 1160 4332 89.
1176 4290 1201 4331 o.
1219 4271 1238 4330 9
1255 4289 1300 4349 pr.

455 4373 563 4439 Ἔστω
588 4375 700 4439 τοίνυν
723 4374 819 4439 άδεια
833 4358 957 4460 roupi
974 4373 1108 4439 ἐπὶτῶν
1126 4377 1302 4457 εἰρημένων
1395 4373 1443 4436 Sit
1474 4394 1545 4455 ergo
1576 4373 1707 4437 facultas
1744 4375 1824 4456 patri
1860 4375 1892 4436 in
1929 4374 2078 4437 eiusmodi
2108 4375 2229 4437 nasibus

398 4481 559 4564 θεμάτων
586 4479 647 4558 τὴν
673 4466 742 4565 ἧκε
769 4479 819 4545 ἐπὶ
846 4491 908 4545 τοι]
933 4486 1099 4567 προτέρου
1130 4482 1302 4564 σχήματος
1328 4490 1456 4543 matrem
1478 4482 1510 4542 in
1532 4482 1631 4562 priore
1654 4481 1831 4544 oondioione
1852 4482 2027 4563 relinquere,
2055 4490 2087 4544 et
2113 4483 2231 4563 petitio-

396 4588 695 4669 καταλιμπάνοντι,
728 4586 840 4663 δέησιν
871 4588 1038 4653 ἐπιδοῦναι
1071 4592 1112 4674 τῇ
1147 4586 1302 4672 βασιλεία
1328 4608 1396 4648 nem
1420 4587 1460 4649 ad
1482 4584 1648 4669 prinoipem
1671 4590 1881 4669 mittereque
1900 4588 1983 4650 dieat
2001 4608 2033 4651 se
2048 4587 2129 4651 velle
2143 4597 2231 4650 natu·

396 4704 498 4758 τοῦτο
520 4694 690 4775 λέγουσαν,
714 4695 759 4768 ὡς
780 4692 936 4778 βούλεται
959 4691 1038 4769 τούς
1052 4695 1181 4769 νόθους
1196 4695 1302 4759 αὑτοῦ
1327 4693 1406 4756 relee
1434 4715 1505 4756 auos
1526 4693 1605 4756 filios
1631 4703 1759 4757 naturae
1780 4695 1940 4756 restituere
1967 4703 1997 4758 et
2023 4696 2166 4776 antiquae
2188 4696 2231 4756 in·

397 4800 519 4875 παϊδας
541 4803 821 4878 ἀποκαταστῆναι
844 4805 885 4887 τῇ
908 4800 1007 4888 φύσει
1030 4800 1086 4866 καί
1107 4806 1148 4889 τῇ
1164 4803 1300 4865 ἄνωθεν
1327 4801 1475 4881 genuitati
1498 4809 1529 4863 et
1551 4800 1704 4882 legitimae
1726 4799 1903 4877 oondioioni
1926 4802 1971 4864 ita
1985 4802 2066 4864 utin
2080 4811 2231 4883 potestate

397 4907 540 4989 εὐγενείᾳ
570 4928 605 4970 τε
634 4905 691 4971 καί
723 4910 931 4988 γνησιότητι,
970 4906 1050 4981 dicre
1087 4908 1300 4991 ύπεξονοίους
1327 4908 1391 4969 eius
1414 4908 1645 4983 constituantur,
1668 4907 1745 4969 nihil
1768 4928 1788 4969 a
1809 4908 1951 4990 legitimis
1965 4908 2036 4970 filiis
2050 4909 2231 4971 differentes

398 5015 489 5096 αὐτῷ
519 5014 732 5078 καθιστάναι
764 5013 864 5095 μηδὲν
900 5024 968 5077 τῶν
999 5013 1146 5096 νομίμων
1173 5014 1300 5079 παίδων
1327 5014 1371 5076 Et
1400 5014 1457 5077 hoo
1487 5015 1578 5089 fanto,
1611 5024 1743 5077 aeterum
1769 5015 1824 5075 filii
1846 5015 1993 5077 eiusmodi
2020 5014 2162 5078 fruantur
2188 5036 2232 5077 re

398 5120 661 5195 διαλλάττοντας
682 5118 739 5185 καλ
762 5120 885 5184 τούτου
899 5123 1071 5203 γινομένου
1090 5118 1129 5184 τὸ
1146 5121 1301 5185 ἐντεῦθεν
1328 5121 1442 5194 medio;
1469 5141 1529 5183 uno
1556 5121 1637 5184 enim
1663 5121 1721 5184 hoo
1748 5121 1837 5183 modo
1864 5141 1968 5184 omnes
1996 5122 2070 5184 istos
2102 5132 2231 5184 neumae

398 5223 477 5302 τούς
499 5227 622 5302 παίδας
644 5227 824 5292 άπολαύειν
851 5238 909 5305 τῆς
936 5226 1095 5303 τοιαύτης
1121 5227 1300 5313 βοηθείας·
1329 5236 1454 5291 eventus
1486 5238 1516 5291 et
1547 5229 1735 5291 inventiones
1766 5229 1798 5290 in
1829 5229 1874 5304 iis,
1906 5228 1959 5310 qui
1990 5228 2141 5310 legitimos
2169 5250 2232 5291 non

399 5332 444 5397 ἐνὶ
467 5331 532 5417 γάρ
558 5333 597 5412 δη
620 5334 729 5417 τούτῳ
745 5339 793 5417 τῷ
808 5336 923 5418 τρόπῳ
939 5336 1052 5408 πάσας
1068 5331 1128 5408 τάς
1142 5334 1302 5409 τοιαύτας
1329 5334 1444 5396 habent
1469 5335 1546 5397 filios
1582 5335 1757 5397 sanabimus
1785 5335 1830 5396 ita
1856 5336 1942 5398 brevi
1969 5335 2084 5398 auxilio
2112 5344 2231 5398 tantum

399 5451 457 5517 τῆς
488 5439 620 5527 φύσεως
652 5440 803 5526 ἐκβάσεις
829 5462 865 5504 τε
891 5439 948 5504 καὶ
976 5441 1122 5514 ἐπινοίας
1152 5439 1203 5506 ἐπὶ
1235 5452 1302 5504 τῶν
1328 5443 1475 5522 impetum
1498 5442 1680 5521 corrigentes
1703 5450 1838 5504 naturae
1933 5442 2012 5504 Nov.
2023 5445 2074 5505 89.
2091 5463 2117 5506 o.
2128 5445 2157 5504 9.
2174 5447 2232 5520 51.

399 5548 542 5629 νομίμως
558 5547 619 5611 οὐκ
634 5549 779 5626 ἐχόντων
794 5546 916 5621 παῖδας
929 5546 1187 5632 θεραπεύσομεν,
1197 5544 1303 5621 ούτως

400 5656 571 5736 συντόμως
587 5656 760 5737 συμμαχία
778 5653 839 5733 τὴν
857 5653 1027 5731 τοσαύτην
1045 5652 1151 5738 όρμῆν
1166 5658 1302 5737 ἐπανορ-

401 5760 562 5843 θούμενοι
587 5760 730 5849 (μύσεωςε
746 5799 788 5809 -
987 5763 1066 5825 Nov.
1084 5764 1134 5823 89.
1151 5783 1176 5824 o.
1193 5765 1222 5825 9.
1239 5768 1255 5839 ξ
1275 5764 1301 5823 1.

471 5990 481 6023 ²
500 5989 586 6054 όυθύς
640 5990 730 6064 gapai-
740 6007 792 6045 om.
807 5990 867 6046 eod
877 5991 926 6062 qui
935 5992 1037 6062 repetit
1046 6007 1192 6062 perperam
1201 5991 1301 6064 γραφῇ.
