4876 7034
526 422 898 492 ansleicoiiiitt
919 424 1075 491 LlBEli
1099 422 1179 489 XV.
1210 420 1311 487 Tl‘l'.
1336 422 1361 489 l.
1392 422 1498 491 CAP.
1526 427 1575 489 17.
1957 431 1994 497 13

116 593 291 675 luciensi,
314 594 365 660 καλ
387 589 482 669 ἄλλος
503 591 601 659 ciris
624 592 753 674 ὀνείλεν,
780 593 923 679 έπελογῆν
942 591 1001 676 έχει
1025 591 1042 659 ὀ
1075 603 1101 660 si
1130 603 1199 661 dolo
1221 603 1341 662 desierit
1370 602 1531 679 possidere,
1556 612 1587 661 ct
1614 602 1689 660 alius
1718 603 1812 680 ipsum
1839 602 1993 677 occiderit,

118 677 251 766 ἐνόχων,
275 679 295 764 ἢ
316 678 640 785 τήντιμήνλαβεῖνρι
655 682 711 754 τοίς
728 678 849 763 δγωγείς
865 683 1044 764 έκχωρηδῆ·
1075 689 1180 747 electio
1202 687 1290 745 detur
1311 689 1424 758 actori,
1454 698 1488 745 ut
1504 691 1551 746 vel
1573 688 1696 765 pretium
1720 700 1914 765 consequatur
1943 690 1992 746 rcl

118 791 185 828 ναι.
220 766 271 830 καί
286 765 363 839 reric
380 760 531 844 καρπσδς,
555 762 611 838 οδς
625 764 735 846 sinder
748 765 782 841 έξ
795 760 900 848 ἑτέρου
913 766 1041 843 νομέως,
1074 775 1207 830 actiones
1226 774 1253 829 ei
1276 772 1427 829 cedantur.
1463 773 1502 830 Et
1524 772 1656 845 fructus,
1681 790 1753 849 quos
1780 774 1815 829 sb
1843 776 1901 829 aiio
1924 792 1992 848 pos·

118 850 231 916 δίδωσι
249 856 293 938 τῷ
310 848 508 913 ἀπαιτοῦντι·
529 846 609 929 μετὰ
625 846 683 933 γὰρ
703 848 907 933 προκόταρξιν
925 848 962 911 eri
976 873 1042 933 κερ·
1074 876 1185 915 sessore
1209 858 1357 935 percepit,
1388 858 1509 933 petitori
1542 867 1685 930 praestat:
1721 877 1788 916 nem
1819 867 1886 932 post
1910 858 1992 915 litem

120 1035 247 1123 πρρέχειιρ
269 1028 327 1107 ήτσι
353 1038 477 1110 έκχωρείν
500 1022 675 1123 οήτσσσέσωρ
695 1031 888 1165 ρίνρμκόζεταε,
916 1029 1044 1120 ὀπόττρον
1074 1041 1195 1093 cisorsm
1223 1044 1372 1107 praestare
1408 1039 1468 1090 sira
1491 1039 1593 1091 cedere
1625 1054 1774 1108 possessor
1801 1040 1990 1107 compellitur.

121 1124 210 1159 οντων
233 1105 495 1180 concrepitare.
530 1113 723 1165 caecemus
757 1104 1043 1193 έόνῦνέναγομενος
1075 1120 1170 1161 utrum
1204 1124 1302 1162 eorum
1333 1115 1415 1159 actor
1447 1110 1589 1160 maluerit.
1628 1112 1736 1171 Quodsi
1768 1112 1911 1167 restituit,
1942 1109 1991 1176 qui

120 1167 411 1250 ὀφεέλειτηίτιττίτειρι
427 1176 474 1232 καλ
489 1172 551 1241 τοὺς
566 1176 694 1248 καρποὺς,
708 1173 755 1243 οὓς
770 1176 846 1245 έτυχε
865 1198 921 1250 παρ
952 1179 1042 1249 ἑτέρου
1075 1196 1149 1230 nunc
1169 1181 1355 1236 convenitur,
1376 1178 1461 1229 debet
1479 1181 1565 1230 etiam
1588 1181 1703 1245 petitori
1723 1179 1847 1243 fructus,
1867 1181 1989 1245 quosab

120 1245 222 1315 νομέως
247 1243 348 1318 λαβὼν,
370 1247 421 1309 θές
443 1241 497 1339 γὰρ
520 1243 561 1302 ὅτι
584 1250 674 1319 έτέρσυ
701 1246 746 1303 τὸν
769 1247 870 1316 οἰκέτην
891 1246 1042 1313 κατέχοντος
1075 1251 1130 1299 alio
1150 1263 1315 1315 possessore
1332 1252 1475 1315 percepit,
1500 1250 1589 1315 (linge
1609 1251 1683 1298 enlm
1704 1264 1783 1309 cum,
1811 1264 1895 1318 quum
1914 1248 1988 1299 eiius

120 1309 227 1381 κινήσας
254 1315 302 1385 τήν
325 1313 350 1371 ἰν
374 1316 423 1388 pip
447 1338 493 1374 και
516 1313 689 1390 συναρπάσας
712 1311 756 1372 τόν
777 1314 877 1383 οἰκέτην
896 1314 973 1387 ἔλαβε
997 1310 1041 1370 τόν
1074 1335 1184 1371 servum
1199 1319 1350 1379 detineret,
1367 1318 1395 1366 in
1417 1333 1475 1369 rem
1493 1322 1636 1369 actionem
1654 1318 1811 1370 intendisse
1832 1326 1988 1369 etservum

120 1378 228 1438 τοκετὸν
251 1384 297 1440 καί
319 1380 367 1469 τδρ
381 1379 487 1458 όπέρας,
511 1381 608 1449 ταύτας
625 1378 876 1442 οόνσίτεοκαθιοτόιν
892 1383 989 1455 ὀφείλει
1005 1382 1041 1454 τῷ
1074 1390 1234 1454 obripuisse
1263 1394 1292 1438 et
1314 1395 1426 1452 partum
1451 1394 1481 1437 et
1505 1402 1607 1454 operas
1631 1387 1798 1455 accepisse)
1824 1387 1874 1437 lias
1898 1388 1989 1456 igitur

122 1452 248 1526 πετίτωρι
260 1453 306 1509 καί
316 1474 382 1528 προς
392 1454 436 1521 τής
446 1448 577 1525 ὀληθεέας
591 1451 645 1510 όντι
657 1449 781 1526 δεσπότῃ·
799 1448 861 1511 οότε
876 1451 928 1529 γὰρ
943 1448 1040 1524 ὀφείλει
1073 1459 1201 1524 μελέεσσι,
1218 1458 1266 1522 qui
1287 1472 1318 1507 το
1337 1472 1404 1507 reia
1422 1457 1553 1508 dominos
1572 1464 1626 1520 est,
1646 1461 1798 1509 restituere
1812 1459 1910 1507 dehet:
1930 1471 1985 1507 non

122 1521 216 1595 κέρδος
237 1523 321 1595 templ
343 1527 489 1609 περιποιεῖν
505 1529 534 1580 έν
558 1524 606 1580 τοῦ
627 1522 730 1581 οἰκέτου
746 1522 795 1580 τοῦ
813 1522 850 1589 εἰς
864 1521 1040 1598 προκόταρὲιν
1073 1529 1146 1578 enim
1167 1528 1275 1579 lucrum
1295 1525 1391 1577 iacere
1412 1526 1497 1576 debet
1520 1541 1553 1576 ex
1577 1540 1610 1577 eo
1629 1542 1727 1589 servo,
1745 1528 1835 1595 quiin
1856 1527 1905 1577 lite
1926 1541 1988 1577 essa

123 1594 336 1659 κατενεχθέντος.
370 1613 394 1647 ει
416 1594 445 1650 δέ
465 1589 511 1649 τόν
528 1590 660 1664 οἰκέτηνό
686 1594 732 1650 νῦν
750 1593 876 1664 έναχθείς
899 1592 1038 1660 [κατέχειν]
1073 1599 1207 1663 coeperit.
1244 1595 1350 1658 Quodsi
1369 1597 1410 1656 is,
1434 1598 1481 1662 qui
1503 1611 1578 1646 nunc
1598 1597 1780 1659 convenitur,
1805 1611 1917 1647 serrum
1940 1596 1987 1646 ds·

123 1654 259 1718 ἐπαίσατο
275 1662 320 1717 καί
339 1661 431 1717 τοῦτον
447 1666 569 1749 κατέσχεν
585 1660 600 1719 ὀ
617 1665 729 1737 πετέτωρ
748 1663 793 1719 ini
813 1662 898 1736 μήνας
921 1659 943 1731 ζ’
961 1659 1040 1729 τυχόν
1072 1669 1154 1720 sierit
1173 1665 1276 1716 habere
1297 1678 1416 1732 euntque
1435 1666 1542 1731 petitor
1562 1674 1632 1732 puta
1653 1672 1760 1733 septem
1780 1681 1889 1717 nienses
1915 1663 1987 1717 deti-

123 1729 170 1784 καί
194 1725 272 1785 πόλιν
295 1727 349 1786 ὀπό
372 1733 485 1817 κατρχίμ
502 1732 604 1807 ενριθή
624 1731 673 1790 τοῦ
696 1734 874 1815 ποσσέσυορος
895 1727 909 1787 ὀ
931 1729 1040 1801 οἰκέτης,
1073 1738 1170 1788 nucrit
1192 1742 1221 1787 et
1239 1749 1337 1786 servus
1356 1734 1448 1785 denuo
1468 1737 1521 1785 sub
1541 1735 1705 1786 detentione
1724 1737 1898 1803 possessuris
1921 1750 1986 1785 crin·

124 1793 172 1854 cis
189 1792 287 1886 όφεέλει
302 1797 406 1875 καρπόν
423 1803 555 1883 ηοπέρας
570 1788 759 1860 ὀττοκαθεστᾶν
775 1797 846 1875 αιίτιρ
869 1799 917 1857 τοῦ
930 1796 1039 1888 χρόνου,
1073 1809 1193 1857 stitutus
1212 1805 1314 1866 luerit,
1334 1818 1390 1854 non
1411 1803 1496 1855 debet
1514 1805 1538 1857 ei
1558 1803 1683 1856 fructum
1701 1807 1760 1857 sire
1782 1820 1883 1873 operas
1904 1807 1985 1855 resti·

124 1860 237 1925 καθόν
257 1863 491 1940 αέτόςόνικησας
512 1867 598 1939 ήτοιό
615 1874 726 1948 πετίτωρ
745 1869 803 1939 ἔσχε
819 1869 865 1942 τήν
876 1869 924 1927 scii
936 1871 1038 1926 οικέτου
1073 1882 1154 1927 tuere
1177 1875 1238 1926 eius
1258 1875 1410 1939 temporis,
1440 1888 1496 1939 quo
1516 1875 1593 1942 ipse.
1620 1878 1667 1940 qui
1686 1877 1770 1936 vicit,
1799 1878 1858 1926 sive
1880 1877 1988 1940 petitor

122 1931 211 2008 νομήν.
238 1934 269 1994 τό
287 1940 316 1995 δέ
334 1936 477 2014 εἰρημένον,
493 1936 533 1997 ότι
550 1937 566 1996 ὀ
583 1940 615 2017 τῇ
632 1940 716 2018 ἰνρέμ
729 1940 853 2010 έναχθείς
865 1935 1038 2015 ἀναγκάζεται
1071 1947 1145 1997 servi
1178 1944 1385 2012 possessionem
1410 1940 1517 1993 habult.
1554 1943 1636 2006 Quod
1670 1954 1764 1995 autem
1794 1947 1900 1993 dictum
1932 1956 1988 2007 est,

122 2009 157 2080 tq)
179 2009 296 2083 πετίτορι
313 2003 446 2065 σίκσυίλιον
463 2015 598 2084 έκχωρείν,
613 2008 672 2067 τότε
686 2005 778 2085 χοίραν
794 2009 864 2080 ἔχει,
881 2006 939 2075 ὅτε,
960 2007 1036 2065 καθὰ
1071 2030 1151 2077 euni,
1172 2014 1219 2081 qui
1242 2014 1270 2062 in
1292 2027 1349 2064 rem
1370 2014 1484 2063 actione
1503 2021 1661 2063 conventus
1679 2022 1735 2075 cst,
1757 2014 1875 2081 petitori
1897 2016 1986 2064 actio·

120 2071 325 2149 τεθεμόιταται,
349 2077 417 2151 μετόι
434 2076 611 2155 προκόταρξεν
627 2076 850 2137 ου’σουκαπίτευσε
865 2075 912 2134 τόν
927 2078 1036 2149 οἰκέτην.
1071 2100 1134 2136 nem
1157 2084 1228 2151 legis
1248 2082 1378 2149 Aquiliae
1398 2081 1499 2133 cedere
1517 2083 1742 2150 compellendum
1763 2100 1833 2139 esse,
1853 2082 1905 2132 troc
1917 2092 1986 2133 tunc

119 2142 178 2201 τότε
196 2145 233 2220 γό
267 2145 312 2204 dte
337 2149 383 2216 τής
406 2144 614 2214 οόσσυκαπίονος
633 2145 759 2220 δεσπότης
777 2149 825 2205 τοῦ
843 2146 945 2204 οἰκέτου
960 2145 1037 2223 γενό-
1070 2155 1163 2205 locum
1184 2153 1287 2213 hahet,
1310 2167 1412 2219 quum,
1440 2154 1480 2201 uti
1502 2154 1680 2221 pinpositom
1700 2159 1761 2211 est,
1789 2167 1899 2203 sericum
1920 2162 1985 2217 post

119 2235 198 2287 μενος
219 2168 331 2286 ήόέπατο
354 2215 506 2301 κτήσασθαι
529 2217 564 2303 ὀρ
588 2218 714 2290 δεσπότης
734 2213 942 2276 τόνοίκοοίλιον·
965 2213 1037 2291 μόνην
1071 2224 1149 2274 litem
1173 2230 1363 2273 contestatam
1392 2236 1444 2272 usu
1470 2223 1553 2288 cepit.
1589 2223 1671 2273 'l'unc
1706 2224 1779 2273 enim
1811 2226 1985 2288 usucapione

118 2281 171 2370 γόιρ
188 2286 225 2357 τη)
242 2280 296 2342 όντι
313 2288 429 2362 δεσποτη
444 2282 512 2343 κατόε
529 2309 575 2345 τον
589 2286 680 2364 καιρόν
697 2287 741 2358 τής
757 2288 857 2361 πληγής
873 2284 888 2343 ὃ
905 2283 1036 2351 ὀκουίλιος
1070 2293 1200 2344 dominus
1219 2293 1293 2343 servi
1312 2290 1432 2341 effectus
1445 2292 1586 2342 actionem
1607 2292 1677 2359 legis
1689 2294 1819 2360 Aquiliae
1840 2306 1985 2359 tamquam

119 2352 212 2410 τίωθει
227 2358 407 2431 παρέχεσθαι.
437 2357 530 2415 τοῦτον
547 2344 766 2434 οόνέκχωρείτῷ
783 2353 1036 2430 πετίιωρι,κιίντόν
1070 2364 1201 2414 dominus
1223 2361 1374 2428 acquirere
1391 2363 1499 2427 potuit:
1522 2361 1576 2411 soli
1598 2377 1732 2422 estimes,
1761 2364 1810 2428 qui
1832 2363 1984 2415 occisionis

120 2422 219 2495 οἰκέτην
236 2420 482 2492 οιίσοοκαπέτεοσεν,
499 2425 588 2498 ἐπειδή
607 2424 672 2493 ὀλως
683 2426 752 2503 μετὰ
769 2421 1036 2501 προκόταρξινέπλη-
1070 2440 1198 2501 tempere
1222 2431 1353 2482 dorninus
1377 2437 1435 2493 est,
1465 2430 1537 2498 legis
1564 2430 1693 2497 Aquiliae
1720 2435 1795 2482 actio
1823 2438 1984 2500 competere

119 2489 199 2565 ηολθη
215 2489 319 2567 erispa}
336 2491 529 2555 vicenoniae.
1069 2503 1151 2552 solet.
1174 2501 1257 2552 Hanc
1276 2501 1366 2567 igitur
1386 2502 1502 2565 petitori
1523 2499 1613 2559 cedit,
1635 2501 1702 2551 licet
1720 2516 1831 2551 servum
1852 2516 1985 2568 usucape-

1069 2572 1123 2631 τέο,
1154 2575 1221 2637 quia
1246 2580 1312 2636 post
1337 2571 1417 2621 litem
1443 2577 1635 2630 *contestatum
1663 2570 1774 2621 demum
1800 2576 1935 2641 usucapio
1958 2573 1986 2621 ei

170 2699 195 2758 εἰ
221 2696 310 2777 μόραν
336 2701 458 2772 έποίησεν
481 2696 498 2759 ὀ
523 2702 676 2777 ποσσέσσωρ
701 2705 729 2758 έν
753 2694 975 2774 ὀποκαταστατέῳ
999 2698 1035 2773 τῷ
1066 2640 1185 2761 mpii?
1203 2648 1337 2776 &Stirpis
1365 2705 1403 2757 ed
1427 2705 1445 2757 l.
1469 2707 1499 2756 i'i
1525 2708 1548 2770 §.
1572 2707 1583 2756 l
1610 2706 1682 2759 ocri.
1709 2705 1781 2776 cit.].
1823 2706 1856 2758 Si
1880 2723 1985 2758 υιοναυτ

118 2767 254 2842 chiffl),
270 2774 400 2827 τουτέστιν
412 2768 475 2827 ’όταν
487 2768 591 2836 πόντος
601 2773 678 2847 έχρήν
693 2766 772 2828 αὐτόν
783 2766 1036 2828 ἀποκαθίστασθαι.
1063 2777 1172 2850 fecerit
1193 2777 1224 2829 in
1242 2775 1352 2827 dornine
1370 2774 1522 2834 reddendo,
1544 2777 1598 2826 nnc
1617 2787 1661 2827 est
1680 2777 1704 2827 si
1722 2777 1837 2828 omnino
1857 2792 1920 2828 eum
1943 2794 1984 2829 rs·

118 2835 252 2916 πρόδηλον
270 2841 315 2907 δέ,
340 2836 381 2922 ips
395 2840 467 2924 μετόρ
486 2862 506 2896 π
523 2844 708 2898 σνσυντατίσνα
724 2839 812 2917 χρεόν
828 2829 859 2910 ήν
875 2838 920 2896 τὸν
935 2839 1034 2910 οἰκέτην
1070 2850 1152 2900 stitui
1177 2849 1316 2915 oportuit.
1352 2845 1539 2897 Manifestum
1567 2854 1662 2898 autem
1683 2856 1742 2907 est,
1768 2855 1834 2913 post
1859 2862 1984 2915 pronun·

118 2905 300 2979 εἰποδοθέμαι.
336 2930 418 2975 ουτως
434 2931 481 2966 ουν
498 2862 650 2983 ὀεματίζων
667 2908 724 2967 εἰπέ
740 2913 973 2987 προνοοντατίονος
987 2929 1036 2985 γε·
1070 2920 1218 2969 titutionem
1239 2930 1352 2969 serrum
1372 2916 1452 2967 reddi
1473 2916 1612 2967 debuisse.
1647 2917 1692 2967 ita
1710 2918 1800 2986 igitur
1818 2932 1915 2968 casum
1934 2917 1984 2967 lin·

119 2983 244 3050 νομένης,
263 2980 308 3035 ἵνα
327 2978 374 3035 καί
389 2977 568 3053 ὀναμφέβολσς
582 2974 599 3054 pi
622 2977 714 3037 λοιπὸν
738 2977 754 3048 s‘p
776 2976 847 3054 μόρα
870 2979 915 3036 καί
934 2981 979 3037 ἰνα
998 2973 1037 3052 μή
1069 3003 1138 3056 gens
1160 2986 1222 3038 dic:
1241 2988 1265 3037 sl
1287 2986 1485 3052 pronuntiatio
1508 2985 1623 3053 prolata
1642 2984 1745 3047 luerit,
1765 2995 1797 3036 ut
1815 2986 1849 3036 de
1868 2994 1984 3038 caetero

122 3048 268 3123 ἐναντιωθῇ
284 3070 326 3105 σοι
342 3045 372 3104 τό
389 3052 577 3134 προειρημένα
591 3054 620 3105 έν
636 3050 751 3134 repedet
767 3050 815 3104 τοῦ
831 3045 861 3106 ιε’
873 3051 941 3123 διγι,
964 3047 1033 3129 iudo
1070 3073 1148 3110 mora
1168 3057 1282 3108 minime
1300 3055 1387 3105 dubia
1408 3057 1446 3105 sit
1475 3064 1504 3106 et
1527 3062 1559 3103 ut
1578 3070 1613 3106 ne
1639 3057 1692 3107 tibi
1713 3057 1880 3108 adversetur
1907 3056 1985 3124 quod

120 3115 447 3186 διοοτέζειόοέλτιιανος,
468 3123 518 3174 εἴτε
535 3114 654 3191 βενόλιος
669 3114 845 3188 ηνόοἰκέτης
862 3121 913 3174 εἴτε
928 3119 974 3175 καί
989 3139 1034 3207 μη.
1069 3127 1157 3195 panis
1177 3132 1244 3177 ante
1268 3127 1297 3175 in
1321 3125 1376 3175 line
1405 3124 1462 3192 dig.
1486 3125 1518 3174 io
1545 3123 1651 3175 dictum
1678 3136 1737 3189 est,
1772 3126 1820 3176 ubi
1846 3126 1984 3192 Ulpianus

118 3192 181 3248 lesit
209 3189 239 3248 δέ
263 3187 303 3248 ότι
327 3190 441 3282 σήμερον
467 3189 716 3266 ήπρονουντατέων
736 3187 896 3249 συνάπτεται
920 3190 957 3264 τῷ
981 3187 1035 3278 opp
1069 3196 1236 3264 distinguit,
1262 3202 1356 3245 utrum
1383 3208 1482 3245 servus
1509 3196 1617 3246 venalis
1649 3193 1738 3247 fuerit
1760 3211 1857 3250 necne.
1900 3195 1982 3247 Scias

117 3254 248 3335 ήγσοντῄ
265 3257 462 3319 αότοττλειτσῦ
487 3257 634 3330 δικάζοντος
649 3256 740 3335 φήφιρ.
768 3256 837 3317 οὕτω
852 3257 905 3338 γάρ
923 3281 1035 3349 equire
1069 3274 1164 3317 autem
1190 3263 1275 3316 hodic
1299 3265 1560 3333 pronuntiationem
1590 3267 1724 3334 coniungi
1752 3279 1815 3315 cum
1839 3267 1984 3316 sententia

114 3324 254 3399 δικαστής·
277 3335 306 3388 έν
323 3331 375 3386 τῶν
391 3323 463 3406 παρ’
481 3330 541 3405 ipat
556 3334 725 3404 κεκινημένων
742 3329 851 3411 εέρίσιιω
870 3333 916 3388 τὸν
936 3334 1035 3400 οικέτην
1068 3338 1128 3388 sire
1146 3335 1294 3386 definitiva
1313 3333 1415 3383 iudicis
1435 3333 1586 3386 decisione.
1621 3336 1708 3386 iudex
1732 3338 1806 3385 enim
1824 3337 1866 3386 sic
1890 3335 1983 3402 loqui-

117 3399 275 3472 διαφέροντα
299 3398 335 3471 τῷ
356 3402 484 3473 πετέτορε.
519 3398 622 3476 συνορῶ
644 3402 731 3456 τοίνυν
745 3401 821 3483 eopia,
844 3400 890 3458 καί
910 3395 980 3457 σέτω
1002 3398 1034 3454 s*
1068 3414 1136 3458 turs
1154 3407 1197 3457 Ex
1217 3403 1261 3456 itis
1281 3417 1352 3471 quae
1369 3402 1444 3469 apud
1463 3417 1506 3452 me
1524 3412 1591 3454 acta
1611 3410 1693 3468 sunt,
1713 3404 1845 3472 intelligo
1868 3418 1981 3455 servum

116 3472 330 3541 πρσνσονταιίονι
347 3465 393 3537 τήν
410 3469 550 3539 καταδίκην
567 3467 670 3541 ε’πόγει.
706 3472 731 3526 τέ
747 3491 811 3537 σονς
828 3467 859 3527 τό
874 3464 957 3527 παλαι
973 3490 1035 3543 περι
1069 3475 1200 3543 petitoris
1218 3489 1296 3526 esser
1323 3472 1427 3523 definio
1446 3474 1536 3539 igitur
1555 3482 1622 3536 eta,
1647 3480 1676 3524 et
1693 3474 1734 3525 sic
1753 3476 1984 3540 pronuntiationi

114 3540 351 3613 τιρονουντατίσνος
365 3537 500 3613 εἰρημένον
510 3541 551 3597 δεῖ
564 3541 692 3609 δέχεσθαι
710 3535 820 3614 σήμερον
830 3538 950 3609 έεαλήτσυ
959 3536 1035 3613 πἀρόι
1068 3545 1334 3597 condemnationem
1359 3543 1483 3593 subiicit.
1520 3541 1594 3604 Quid
1625 3541 1713 3610 argui
1749 3542 1831 3605 Quod
1855 3545 1921 3595 olim
1947 3545 1982 3594 ds

115 3607 360 3683 τοῦποσυέοσορος
383 3610 509 3666 esoce(
573 3606 640 3682 μετόι
657 3606 702 3679 τήν
738 3612 859 3681 ενομένην
875 3602 938 3668 κατ’
951 3602 1034 3665 αἰτοῦ
1069 3617 1303 3683 pronuntiatione
1324 3612 1513 3677 dictumest,
1536 3610 1620 3664 hodie
1640 3613 1729 3679 accipi
1749 3612 1833 3664 debet
1853 3612 1984 3673 decasu,

113 3679 267 3749 καταδίκην,
287 3673 332 3735 ὅτι
354 3674 434 3749 τυχὸν
456 3630 664 3745 κοιέόδίκαοδείς
684 3702 729 3736 και
756 3673 868 3749 ὀφείλων
886 3674 1035 3736 ιίπσδσῦναι
1069 3686 1117 3736 ubi
1136 3699 1153 3734 a
1171 3698 1338 3751 possessore
1356 3689 1423 3750 post
1435 3681 1701 3733 condemnationem
1721 3683 1875 3751 appellatio
1893 3685 1983 3735 inter·

114 3749 163 3804 τόν
179 3746 279 3835 οἰκέτην
303 3746 381 3829 τοότρ
404 3742 518 3822 μένσόκ
541 3750 670 3831 έπρίησεν,
691 3746 809 3818 ἔκκλητον
833 3750 863 3807 δέ
885 3749 1035 3816 έπιδέδωκι,
1070 3755 1166 3823 posita
1182 3760 1241 3817 est,
1267 3753 1315 3803 ubi
1341 3749 1416 3802 forte
1437 3751 1605 3814 damnatus,
1628 3766 1713 3819 quum
1735 3766 1847 3805 servum
1865 3752 1984 3805 reddere

2 3832 9 3849 ·“
114 3818 163 3874 καί
178 3820 275 3891 συνέβη
293 3823 321 3874 έν
340 3839 376 3892 τῳ
391 3822 464 3893 μέασρ
483 3820 603 3874 τελευταν
618 3839 665 3875 τον
681 3815 792 3888 οἰκέτην.
1068 3825 1193 3888 deberet,
1211 3820 1265 3873 Ιισα
1282 3820 1396 3889 quidem
1417 3821 1569 3880 coniecit,
1588 3822 1637 3872 sed
1656 3821 1983 3889 appeliationeminter·

1067 3895 1180 3963 posuit,
1196 3899 1226 3944 et
1244 3893 1335 3943 medie
1354 3900 1482 3957 tempore
1501 3906 1614 3944 serrum
1635 3896 1706 3944 mori
1727 3893 1858 3961 contigit.

170 3990 263 4042 στιφ.
298 3970 390 4043 ἐπειδή
412 3968 478 4037 iios
498 3969 545 4029 καί
561 3972 662 4046 έγένετο
683 3993 703 4027 π
722 3966 859 4055 ονόταρξις
874 3969 920 4028 καί
934 3972 1034 4046 τίμημα
1117 3977 1161 4031 δυ.
1197 3974 1314 4044 Stepls.
1343 3975 1395 4044 [ed
1422 3976 1441 4030 l.
1468 3976 1500 4027 ll
1525 3992 1571 4044 pr.
1599 3974 1689 4028 reri:
1719 3976 1980 4045 αεηυυοιεεεε].

112 4037 223 4129 ἱλαρόν.
253 4037 397 4113 τιμήματος
412 4038 465 4116 γόρ
482 4036 520 4114 μή
538 3993 755 4107 decimauit&
776 4052 824 4098 του
844 4040 946 4098 οἰκέτου
962 4033 1033 4116 παρ’
1069 4048 1143 4110 Quia
1155 4047 1288 4099 nimirum
1302 4047 1337 4097 iis
1356 4053 1518 4100 contestata
1536 4052 1580 4098 est
1599 4054 1625 4098 et
1643 4049 1767 4114 pretium
1786 4051 1890 4115 accepi.
1910 4049 1981 4100 Num

112 4131 179 4191 εμσι
196 4107 395 4181 τελευτήσαντος
409 4110 476 4185 μετόι
493 4109 680 4217 προκόταρξιν,
704 4105 763 4190 τότε
779 4107 871 4185 χώραν
886 4108 939 4191 ἔχει
968 4106 985 4181 ή
1006 4113 1035 4166 έν
1068 4119 1092 4168 si
1111 4119 1232 4186 pretium
1254 4116 1351 4167 datum
1370 4132 1424 4167 nun
1442 4115 1547 4176 fuerit,
1565 4117 1615 4167 sed
1636 4131 1734 4169 servus
1753 4117 1828 4186 apud
1847 4134 1890 4170 me
1909 4134 1980 4169 mor·

114 4200 154 4235 τω
176 4174 295 4254 ιε’[διγ.]
312 4184 415 4254 κειμένη
431 4175 564 4246 διόσιαις,
585 4203 631 4238 και
648 4178 695 4236 οὐκ
716 4179 797 4245 ὀλλως
819 4178 866 4247 τήν
881 4200 930 4236 του
946 4183 1036 4234 τελεο-
1068 4193 1135 4239 tuus
1162 4188 1202 4237 sit
1226 4194 1293 4255 pust
1317 4187 1376 4237 litis
1404 4187 1657 4250 contestationem,
1690 4194 1757 4240 tunc
1784 4193 1877 4239 locum
1897 4187 1981 4238 lrabet

113 4232 243 4317 τήοαντος
270 4248 372 4306 οἰκέτου
395 4253 458 4320 δι’χα
486 4248 565 4307 δόλου
592 4250 638 4307 καλ
661 4243 778 4314 κοόλπας
802 4249 865 4323 έμής
889 4249 1036 4321 διανέμησιν
1068 4257 1215 4308 distinctio
1240 4257 1270 4307 in
1296 4255 1352 4323 aig.
1377 4256 1407 4307 li
1433 4255 1525 4317 iacta,
1560 4270 1612 4306 nec
1643 4256 1728 4309 aliter
1752 4259 1981 4311 aestimationem

115 4322 242 4395 παρέχειν
258 4312 450 4410 ἠναγκαζόμην,
473 4316 496 4375 εἰ
514 4314 557 4402 μή
572 4319 626 4376 ’καί
641 4316 760 4406 βενόλισς
777 4306 808 4386 ήν
830 4317 846 4376 ὀ
869 4316 968 4388 οἰκέτης
991 4315 1037 4399 καί
1068 4328 1143 4378 σοιτί
1163 4326 1224 4377 sine
1246 4324 1311 4377 dolo
1333 4324 1378 4375 vel
1399 4325 1483 4391 culpa
1509 4339 1571 4375 nica
1596 4325 1721 4377 deiunctl
1741 4337 1887 4394 praestare
1908 4342 1981 4379 com·

115 4385 427 4515 istiusce
446 4383 841 4515 ἑοιινοοοοι
858 4389 1037 4514 tiriae
1068 4398 1284 4517 citou
1303 4396 1446 4514 τοο·
1465 4395 1664 4516 ’τινοιν
1688 4403 1717 4446 ‘²

116 4527 163 4583 καί
179 4478 679 4610 κοῖλπαςςοιότοῦτίόιόόδιόόζεταιήότε
695 4480 892 4611 ήρβεγόλιισςίἰμ
907 4523 922 4582 ό
937 4524 1036 4612 οἰκέτης
1069 4482 1148 4586 litem
1176 4480 1366 4585 edilvtlesetratam
1391 4480 1453 4586 ιίόό
1479 4478 1560 4585 δοόόο
1573 4479 1981 4602 reimcgipzeugi'ifswdgiirliigt'e

116 4596 165 4654 καί
185 4618 258 4671 μορα
280 4600 418 4672 γεγένηται
438 4618 474 4669 τερ
501 4599 633 4673 πετίτσρι,
661 4593 678 4682 ij
701 4618 769 4670 μετα
790 4600 967 4673 προκαταρξιν
988 4616 1036 4652 τον
1070 4613 1139 4656 εσσε
1160 4603 1389 4668 condemnatur,
1404 4603 1429 4654 si
1455 4609 1506 4654 sut
1527 4605 1635 4654 uenalis
1653 4603 1709 4655 fuit
1726 4620 1826 4656 servus
1848 4615 1877 4658 et
1902 4621 1981 4657 nrora

115 4664 219 4737 οἰκέτην
237 4667 276 4723 έτι
299 4662 425 4752 περιόντα
449 4661 571 4735 πωλήσας
598 4662 615 4725 ὀ
639 4668 707 4739 liora
731 4668 792 4739 φέδε
816 4665 910 4741 νομείς
936 4667 1035 4752 τλμημει
1066 4675 1185 4741 petitori
1204 4673 1280 4725 iacta
1303 4680 1364 4739 est,
1399 4680 1450 4724 aut
1474 4682 1539 4738 post
1565 4673 1642 4724 litem
1674 4682 1863 4726 contestatam
1887 4676 1980 4727 bonae

116 4733 221 4809 ἔλαβεν,
245 4733 346 4809 ἢμετα
362 4737 583 4811 πρσνσοντατίονα
598 4731 759 4827 ἐτελεύτησεν
775 4732 789 4791 ὀ
808 4735 916 4807 οἰκέτης.
950 4756 1034 4791 ταυτα
1050 4744 1131 4795 ‘fidei
1153 4757 1300 4810 possessor
1317 4757 1430 4794 serrum
1449 4740 1543 4794 adhuc
1561 4746 1702 4795 viventem
1721 4744 1849 4796 uendidit
1874 4751 1903 4796 et
1921 4760 1981 4811 pre·

111 4803 170 4891 γὰρ
186 4805 240 4863 icis
257 4800 405 4880 συνάγοντα
422 4809 505 4879 λέγειν
517 4808 547 4861 έκ
562 4804 612 4861 τοῦ
625 4799 655 4860 ιε’
668 4826 714 4863 και
730 4809 758 4862 iss
775 4806 824 4863 τοῦ
837 4803 863 4861 α’
874 4801 958 4877 scip
968 4810 1035 4877 cip.
1068 4817 1139 4865 tium
1156 4813 1279 4882 accepit,
1298 4820 1348 4865 aut
1364 4826 1464 4864 sersus
1483 4818 1549 4879 post
1567 4815 1832 4879 pronuntiationem
1850 4822 1980 4866 mortuus

114 4897 166 4935 του
181 4871 312 4952 παρόντος
328 4880 382 4952 δεγ.
410 4877 494 4959 dicei
514 4875 572 4942 τιαίς
596 4871 777 4946 sinceritati
798 4874 1035 4953 καίνιροκόταρξις
1067 4890 1119 4936 est
1156 4882 1219 4935 Hoc
1237 4885 1311 4934 enirn
1329 4882 1465 4950 colligere
1484 4890 1528 4932 est
1546 4898 1580 4934 ει
1598 4883 1697 4951 cipit
1716 4882 1979 4937 etthemateleu

113 4949 233 5022 γέγονεν.
266 4946 291 5004 εἰ
305 4942 358 5022 γόιρ
374 4967 477 5021 προκατ
511 4951 576 5012 ξεως
598 4945 660 5017 [μή]
683 4952 822 5020 γενομένης
841 4950 966 5023 πέπρακα
988 4947 1035 5004 τόν
1068 4953 1152 5003 huius
1170 4950 1283 5021 digesti.
1319 4951 1393 5005 Vide
1416 4950 1651 5019 quemadmodum
1679 4951 1817 5015 dixerim,
1844 4956 1868 5004 si
1895 4957 1979 5010 etiam

115 5015 233 5088 οἰκέτην,
257 5013 317 5073 τότε
338 5012 387 5072 κόν
406 5012 483 5091 όνηρέ
507 5038 523 5086 η
546 5012 565 5087 ή
585 5016 630 5072 καί
654 5010 735 5082 όλλως
759 5011 791 5073 οὗ
808 5018 948 5100 φαίνηται,
972 5011 1034 5074 οότε
1067 5023 1103 5074 lis
1122 5027 1286 5075 contestata
1304 5028 1358 5074 est.
1393 5020 1532 5072 Nimirum
1557 5023 1580 5072 si
1601 5022 1793 5074 iitenondum
1817 5029 1981 5075 contestata

112 5086 181 5160 πτρλ
200 5085 254 5142 τῶν
276 5082 444 5160 νομισμάτων
465 5081 593 5159 ένηγόμην
608 5080 654 5154 τήν
672 5099 701 5136 iti
722 5099 798 5149 REM,
822 5080 883 5143 οότε
905 5108 959 5160 γαρ
979 5090 1033 5143 tert
1066 5105 1179 5143 serrum
1197 5090 1326 5155 vendidi,
1346 5097 1415 5142 tunc
1434 5091 1503 5143 licet
1517 5092 1627 5142 occisus
1644 5094 1683 5142 sit
1700 5093 1908 5144 velaliomodo
1923 5107 1978 5143 non

113 5150 274 5231 νερεδιτόιτες
292 5157 412 5212 πετετίων
427 5152 444 5225 ir
458 5158 604 5238 κινουμένη,
619 5147 669 5227 έφ’
681 5145 712 5241 ήρ
728 5151 744 5211 ό
758 5159 786 5211 ἐκ
803 5150 968 5231 διαπρόσεως
980 5157 1033 5212 τῶν
1066 5167 1220 5228 appareat,
1245 5176 1335 5230 neque
1355 5160 1391 5211 ad
1410 5175 1539 5213 nummos
1555 5160 1715 5213 reddendos
1739 5162 1768 5213 in
1790 5176 1847 5213 rem
1866 5162 1980 5214 actione

110 5227 320 5301 αληρονομιαέων
343 5219 508 5299 πραγμότων
526 5245 667 5306 νεμομένας
688 5245 723 5288 ως
743 5226 817 5299 λὀορε
837 5227 883 5294 της
910 5228 1034 5311 κληρονο-
1066 5233 1239 5294 convenior,
1257 5232 1310 5298 (-
1324 5246 1359 5282 nc
1380 5245 1415 5282 ue
1435 5233 1509 5282 enim
1529 5228 1698 5282 hereditatis
1716 5233 1818 5300 petitio
1839 5239 1979 5295 monstier,

114 5290 477 5370 μίαςνεμόμενοςενόγεται,
494 5288 625 5351 ἄλλ’σέντε
641 5293 766 5369 περλτοό
783 5291 894 5369 οἰκέτου,
912 5292 942 5351 ιίν
960 5301 1034 5362 απαξ
1065 5302 1095 5353 in
1114 5314 1186 5369 qua,
1203 5301 1252 5369 qul
1269 5300 1355 5352 rebus
1393 5299 1554 5352 creditariis
1574 5300 1696 5353 venditis
1718 5302 1865 5369 pecuniam
1889 5302 1978 5368 possi·

113 5365 276 5434 έξεποέησα,
303 5361 382 5433 [πλήν
400 5361 424 5421 εἰ
438 5364 476 5438 μή
492 5359 560 5420 κατόι
582 5359 658 5421 δόλον
674 5365 871 5433 ἐξεποίησαν)
905 5359 964 5420 τότε
979 5361 1031 5438 γόιρ
1066 5370 1131 5433 det,
1152 5377 1296 5437 tamquam
1313 5370 1376 5422 iure
1395 5367 1561 5421 hereditatis
1581 5369 1729 5436 possidens
1746 5370 1980 5438 contemtum—i

114 5429 310 5516 τίςνεμόμενος
326 5429 503 5508 ένηγόμηντῄ
522 5447 560 5483 ιο
579 5446 794 5495 exaraeuuuss,
821 5429 914 5514 έπηιδή
931 5430 946 5489 ὀ
963 5431 1032 5522 δόλορ
1066 5455 1157 5506 neque
1179 5454 1247 5491 rere
1271 5438 1357 5491 etlam
1385 5439 1459 5491 serrl
1477 5439 1605 5501 nemine,
1635 5453 1715 5506 quem
1742 5441 1828 5492 semel
1846 5441 1979 5503 alienari,

111 5523 286 5577 usucaperes
308 5503 438 5577 νέμεσθαι
462 5495 521 5559 nini
541 5506 685 5576 νεμομένου
707 5523 727 5557 π
765 5504 954 5575 mapparum.
987 5505 1033 5561 δια
1066 5511 1120 5561 nisi
1141 5508 1218 5561 forte
1242 5507 1308 5559 dolo
1328 5508 1521 5560 alienaverim.
1556 5507 1638 5560 'l'unc
1661 5514 1735 5560 enim
1756 5518 1899 5576 tamquam
1916 5524 1980 5578 pos·

112 5571 196 5630 αοέιτο
218 5573 248 5630 δέ
273 5565 348 5629 εἶπον
364 5568 510 5647 ένόγτσθαι
530 5565 612 5628 αἰτόν
631 5568 665 5646 τῇ
687 5565 747 5628 ins
763 5572 887 5647 ιβένδουμ
908 5567 943 5636 εἰς
965 5569 997 5629 δό
1065 5592 1160 5631 sessor
1181 5577 1215 5628 ad
1236 5575 1423 5630 exhibendum
1443 5579 1556 5630 actione
1579 5580 1745 5642 convenior,
1765 5582 1831 5648 quia
1846 5582 1893 5651 qui
1913 5579 1979 5631 dolo

112 5644 285 5739 ντρυοόμενοζ
308 5646 451 5733 νέμεοδριι,
476 5640 567 5714 ἐπειδή
589 5637 793 5733 τρθεμότιστσι,
814 5636 995 5728 ὀττένηρέελη
1064 5644 1151 5700 desiit
1175 5645 1321 5716 possidere
1350 5662 1402 5714 pro
1428 5660 1593 5713 possessore
1620 5645 1750 5704 liabetur.
1784 5648 1853 5702 ideo
1882 5656 1979 5701 autem

109 5742 222 5790 αικττης.
257 5739 281 5775 ει
304 5739 357 5792 γαρ
381 5739 419 5802 μη
443 5710 576 5800 ᾇννρέθη,
599 5719 646 5772 αλλ
677 5719 812 5797 έφαίνετσ,
836 5700 977 5783 τοτεἸοό]
1000 5716 1033 5845 sp
1065 5717 1102 5768 ad
1118 5715 1306 5799 exiliendum
1327 5716 1438 5798 actione
1460 5715 1605 5797 conveniri
1623 5717 1700 5779 diri,
1723 5724 1821 5785 utpote
1844 5722 1891 5787 qui
1911 5718 1977 5771 dolo

113 5804 155 5844 ,m
175 5800 373 5839 axumauuuss
393 5789 460 5844 aila
479 5807 511 5859 τη
535 5784 560 5842 ἰν
583 5788 633 5862 pipi
653 5789 792 5857 ενηγομην.
821 5785 867 5844 καὶ
882 5787 960 5843 ταῦτα
977 5790 1022 5845 εστ
1064 5786 1184 5839 desierit
1204 5784 1367 5853 possidere,
1390 5799 1457 5853 quia
1476 5785 1607 5838 tinuimus
1625 5802 1738 5839 serrum
1762 5788 1885 5840 occisum
1905 5802 1978 5844 esse.

180 5998 217 6060 τι)
237 5995 305 6045 eod:
323 5986 493 6046 ὀνισκαταστιί
512 6010 574 6051 seur
591 5989 625 6044 τό
642 5991 736 6057 οἰκέτις.
1043 5998 1049 6064 Ι
1131 5993 1162 6060 τι)
1181 5997 1249 6044 llaec
1264 5992 1381 6056 suppleri
1401 6006 1434 6042 ex
1451 5994 1530 6045 schol.
1550 5997 1591 6046 io.
