4842 7018
417 431 477 494 102
1088 423 1242 490 LIBER
1263 421 1353 490 LIII.
1397 422 1487 489 TIT.
1510 422 1572 489 111.

413 608 617 693 ἐξῃρημένων
651 616 718 669 τῶν
749 606 934 690 ἐλευθέρων
965 605 1121 692 κεφαλῶν
1147 603 1230 689 [καὶ]
1258 616 1316 681 τῆς
1342 604 1471 667 cibariis.
1508 625 1579 666 nam
1602 604 1741 688 [cibaria]
1766 605 1841 669 haec
1858 606 2053 668 conferuntur
2075 608 2117 681 iis,
2140 611 2233 689 quiin

414 715 604 797 σιταρκίας·
637 713 866 793 συνεισάγεται
896 710 963 796 γάρ
995 709 1079 787 αύτη
1107 721 1178 786 τοῖς
1205 716 1239 774 ἐν
1268 716 1315 793 τῷ
1342 712 1415 774 navi
1442 732 1502 774 non
1530 713 1645 775 habent
1671 712 1753 774 unde
1780 733 1813 774 se
1836 713 1930 775 uiant
1975 715 2119 796 competit
2141 726 2234 779 autem

414 821 516 902 πλοίῳ
538 818 582 901 μὴ
605 823 717 898 έχουσι
741 818 901 895 δαπάνην.
939 821 1074 904 ἁρμόζει
1097 818 1132 881 δὲ
1150 816 1241 883 κατά
1255 828 1316 882 τοῦ
1343 819 1488 882 adversus
1510 821 1689 899 magistrum
1713 819 1843 882 dominis
1865 841 1965 883 rerum
1987 821 2136 883 iaetarum
2154 825 2233 886 aetio.

414 936 568 991 πιστικοῦ
599 936 669 1001 τοῖς
701 926 878 1001 δεσπόταις
904 936 972 990 τῶν
1003 925 1269 1010 άποβληθέντων
1295 927 1315 1001 ἡ
1941 996 1945 1003 ,
2085 930 2119 992 fr.
2136 933 2163 991 2.
2179 936 2194 1007 5
2210 935 2234 993 2.

414 1035 540 1115 άγωγήε
557 1031 619 1081 -¹
1154 1034 1190 1095 fr.
1207 1036 1235 1094 2.
1252 1039 1269 1110 5
1287 1036 1315 1094 2.

482 1140 592 1225 Χάρα
629 1144 670 1227 τῇ
709 1145 918 1228 συνεισφορᾷ
953 1139 1011 1205 καλ
1043 1137 1098 1203 ύτε
1129 1136 1168 1202 τό
1201 1139 1316 1202 πλοῖον
1409 1139 1510 1202 Imeus
1532 1139 1568 1203 fit
1588 1141 1802 1204 contributioni
1824 1152 1856 1204 et
1879 1143 1905 1205 si
1927 1143 2015 1206 navis
2037 1143 2189 1226 redempta
2202 1146 2236 1207 sit

414 1248 620 1333 άναρρυσθῇ
639 1246 732 1327 παρὰ
750 1258 818 1311 τῶν
836 1257 1013 1333 πειρατῶν·
1038 1250 1064 1310 εί
1080 1246 1114 1310 δέ
1133 1267 1223 1319 τινος
1238 1248 1316 1332 άφέ·
1344 1266 1364 1308 a
1385 1247 1504 1327 piratis:
1528 1247 1609 1327 quod
1632 1248 1657 1309 si
1672 1249 1829 1311 cuiusdam
1852 1270 1966 1312 meroes
1994 1250 2173 1312 abstulerint
2193 1251 2235 1313 vel

414 1354 537 1419 λιονται
565 1356 695 1441 φορτία
722 1353 741 1430 λ
769 1353 997 1439 άναρρύσεταί
1022 1375 1072 1427 τις
1100 1353 1179 1437 παρ’
1205 1353 1317 1416 αύτῶν
1343 1352 1502 1415 redemerit
1523 1354 1591 1434 quis
1615 1354 1654 1417 ab
1676 1356 1719 1417 eis
1741 1375 1788 1417 res
1812 1376 1892 1431 suas,
1915 1376 1976 1419 non
1992 1355 2054 1441 [fit]
2075 1357 2159 1420 loeus
2176 1378 2235 1419 eon·

416 1459 461 1526 τά
483 1461 562 1541 ίδια,
586 1462 627 1525 ού
646 1463 745 1543 χώρα
767 1465 808 1547 τῇ
827 1463 1047 1548 συνεισφορᾷι
1063 1496 1106 1507 —-
1151 1460 1187 1522 fr.
1207 1464 1236 1523 2.
1253 1467 1270 1537 5
1288 1464 1316 1523 3.
1328 1478 1331 1541 η
1344 1460 1509 1522 tributioni.
2085 1465 2121 1525 fr.
2138 1467 2165 1525 2.
2180 1471 2195 1541 5
2210 1470 2235 1527 3.

363 1577 378 1631 '.
481 1568 530 1631 Ἐν
548 1571 590 1654 τῇ
606 1571 815 1653 συνεισφορᾷ
832 1564 877 1631 τὰ
892 1568 949 1649 μέν
971 1566 1214 1651 ἀποβληθέντα
1234 1544 1331 1650 πρόςλ
1410 1567 1449 1628 In
1471 1567 1631 1631 mlletione
1653 1589 1690 1631 ea
1712 1590 1791 1651 quae
1809 1571 1906 1634 menta
1925 1580 1997 1634 sunt
2015 1572 2122 1652 quanti
2144 1583 2236 1653 empta

417 1672 496 1759 ὅπερ
520 1675 771 1759 ἠγοράσθησαν
793 1676 1032 1756 άποτιμῶνται,
1056 1674 1096 1737 οὐ
1118 1672 1181 1755 μὴν
1200 1670 1282 1757 πρὸς
1298 1660 1466 1736 i'fuerunt
1496 1676 1708 1751 aestimantur,
1740 1697 1802 1740 non
1827 1697 1899 1741 vero
1931 1678 2038 1757 quanti
2068 1679 2235 1742 venumdari

416 1783 593 1867 πραθῆναι
610 1780 789 1858 ἠδύναντο·
813 1782 853 1845 ού
867 1779 934 1866 γάρ
948 1781 1086 1866 κέρδους
1101 1776 1187 1844 άλλά
1202 1781 1317 1861 ζημίας
1343 1781 1522 1861 potuissent
1560 1803 1620 1844 nen
1639 1784 1719 1844 enim
1734 1784 1863 1847 habetur
1876 1784 1962 1859 lueri,
1977 1785 2030 1847 sed
2045 1784 2149 1847 damni
2161 1787 2235 1847 ratio.

417 1889 542 1969 γίνεται
567 1888 674 1969 λόγος,
702 1885 747 1952 τά
769 1888 804 1951 δὲ
827 1888 987 1951 σωθέντα
1010 1883 1093 1970 πρὸς
1116 1884 1134 1950 ὃ
1158 1886 1316 1950 δύνανται
1344 1908 1422 1968 quae
1445 1896 1547 1950 autem
1574 1898 1697 1953 servata
1723 1899 1794 1953 sunt
1817 1892 1926 1972 quanti
1951 1893 2056 1954 venire
2079 1893 2236 1973 potuissent

416 1997 594 2079 πραθῆναι
618 1996 860 2075 ἀποτεμόντας
880 1992 940 2041 -2
1155 1994 1191 2056 fr.
1208 1998 1237 2056 2.
1254 1996 1316 2071 54.
1345 1995 1550 2058 aestimantur.
2086 1999 2123 2060 fr.
2140 2002 2167 2060 2.
2182 2005 2197 2076 5
2211 2004 2235 2059 4.

372 2149 380 2164 .
486 2101 527 2167 02
553 2101 803 2178 τελευτήσαντες
826 2105 861 2164 έν
882 2106 930 2182 τῷ
950 2112 1085 2182 χειμῶνι
1110 2099 1130 2176 λ
1153 2101 1319 2180 άσθενείμ
1412 2101 1476 2179 Qui
1499 2103 1609 2164 mortui
1632 2105 1757 2165 suntin
1779 2113 1959 2186 tempestate
1980 2105 2032 2168 vel
2046 2106 2154 2168 morbo
2167 2107 2236 2168 servi

417 2209 529 2272 δοῦλοι
552 2210 614 2272 ούκ
636 2210 878 2289 άποτιμῶνται;
896 2246 938 2255 -
1156 2208 1192 2270 fr.
1210 2211 1238 2269 2.
1254 2214 1271 2284 5
1289 2213 1317 2270 5.
1346 2228 1406 2269 non
1428 2208 1635 2271 aestimantur.
2087 2213 2123 2274 fr.
2140 2216 2167 2275 2.
2182 2219 2197 2289 5
2211 2217 2235 2274 5.

364 2325 380 2379 '.
480 2316 526 2379 ‘H
543 2316 672 2399 άπορία
694 2324 755 2380 τοῦ
777 2315 937 2400 έπιβάτου
964 2313 1024 2379 τόν
1047 2314 1234 2398 ναύκληρον
1256 2315 1318 2392 οὐχ
1412 2313 1524 2396 Inopia
1545 2317 1675 2380 vectoris
1698 2318 1738 2380 ad
1761 2319 1957 2381 exerciterem
1980 2339 2040 2382 non
2064 2328 2187 2400 spectat

417 2424 495 2506 όρᾷε
512 2459 554 2470 -
1156 2421 1192 2485 fr.
1209 2425 1238 2484 2.
1255 2428 1272 2498 5
1290 2427 1319 2484 6.
2086 2427 2124 2488 fr.
2141 2430 2236 2503 256.

363 2539 380 2593 ¹.
489 2526 535 2593 Τὸ
563 2529 760 2614 ῥιπτόμενον
787 2530 827 2593 ού
853 2530 978 2609 γίνεται
1005 2529 1205 2608 ἀδέσποτον,
1234 2527 1320 2592 ἀλλά
1413 2530 1505 2608 Quod
1536 2532 1650 2594 iaetum
1680 2541 1728 2595 eet
1754 2552 1816 2595 non
1841 2532 1876 2594 fit
1903 2532 2027 2607 nullius,
2054 2534 2110 2596 sed
2135 2534 2236 2595 domini

417 2646 479 2701 τοῦ
501 2636 666 2700 δεσπότου
687 2640 785 2717 μένεα
803 2633 865 2683 -⁸
1157 2636 1195 2697 fr.
1210 2640 1239 2698 2.
1256 2643 1272 2713 5
1290 2639 1319 2698 8.
1348 2646 1458 2700 manet.
2088 2641 2125 2702 fr.
2141 2644 2236 2717 258.

355 2754 380 2805 ι’.
482 2739 556 2808 Ἐάν
571 2741 629 2807 διά
643 2739 683 2806 τό
698 2744 933 2830 κουφισθῆναι
950 2740 989 2807 τὸ
1006 2744 1121 2808 πλοῖον
1136 2742 1319 2828 άποβληθῇ
1414 2744 1447 2807 Si
1470 2745 1510 2806 ad
1532 2744 1693 2808 levandam
1708 2746 1812 2809 navim
1830 2747 1932 2809 eiectis
1954 2747 2107 2810 mercibus
2129 2747 2197 2809 meis
2212 2758 2237 2808 et

418 2847 462 2914 τά
492 2852 621 2937 φορτία
651 2873 715 2932 μου
743 2849 801 2914 καλ
832 2855 865 2913 ὲν
895 2853 994 2935 ἑτέρῳ
1019 2852 1110 2931 τόπῳ
1140 2847 1180 2913 τό
1206 2850 1321 2914 πλοῖον
1348 2851 1380 2911 in
1402 2851 1463 2914 alio
1490 2852 1556 2914 loeo
1582 2853 1669 2916 navis
1700 2889 2075 2902 ------
2105 2874 2174 2917 sues
2198 2873 2237 2915 res

418 2994 1068 3005 ---------
1114 2955 1318 3040 σώσωντ[αι]
1349 2959 1535 3021 servaverint
1555 2979 1610 3040 per
1631 2961 1807 3035 urinatores,
1829 2962 1888 3042 ipsi
1910 2961 1984 3023 mihi
2002 2961 2166 3036 conferent
2186 2981 2236 3021 non

418 3062 462 3128 τά
484 3066 611 3128 ἑαυτῶν
638 3061 695 3126 διά
717 3062 947 3147 κολυμβητῶν,
977 3065 1077 3127 αύτοί
1092 3086 1149 3145 μοι
1172 3063 1321 3126 συνεισά·
1349 3074 1451 3128 autem
1473 3086 1528 3145 ego
1549 3065 1619 3140 illis,
1641 3067 1667 3128 si
1688 3065 1765 3129 forte
1779 3067 1930 3147 quaedam
1953 3088 1992 3130 ex
2006 3069 2157 3131 mercibus
2177 3068 2238 3128 meis

417 3193 534 3252 γουσιν
561 3171 601 3235 ού
627 3169 690 3252 μὴν
716 3168 810 3252 κάγὼ
838 3171 965 3251 αὐτοῖς,
994 3175 1021 3234 ελ
1049 3169 1157 3257 συμβῇ
1185 3173 1222 3252 μέ
1245 3192 1322 3233 τινα
1349 3193 1403 3253 per
1425 3173 1593 3235 urinatores
1617 3183 1755 3236 servatae
1777 3175 1846 3235 sint
2088 3175 2126 3237 fr.
2142 3178 2170 3236 4.
2185 3180 2200 3250 5
2216 3175 2237 3234 1.

418 3288 485 3341 τῶν
508 3283 593 3359 ἐμῶν
615 3288 724 3341 σῶσαι
748 3276 805 3342 διά
826 3276 1056 3363 κολυμβητῶνι
1074 3315 1115 3325 -
1161 3279 1196 3340 fr.
1212 3282 1242 3340 4.
1259 3284 1276 3354 5
1295 3278 1322 3339 1.

346 3394 382 3447 α’.
483 3382 558 3449 Ἐάν
589 3382 633 3448 τά
666 3384 826 3448 σωθέντα
857 3385 986 3471 φορτία
1019 3386 1159 3469 χείρονα
1190 3386 1321 3465 γίνηται
1417 3386 1450 3449 Si
1478 3396 1616 3450 servatae
1643 3407 1756 3450 merees
1787 3388 1948 3451 deteriores
1975 3389 2077 3452 factae
2110 3390 2170 3450 sint
2196 3406 2240 3468 per

417 3488 508 3556 κατά
526 3492 700 3578 πρόφασιν
716 3502 774 3567 τῆς
789 3490 972 3575 άποβολης·
995 3487 1098 3568 τυχὸν
1115 3489 1181 3576 γάρ
1198 3513 1323 3572 γυμνω-
1351 3493 1490 3555 effectum
1513 3494 1611 3556 iaetus
1633 3494 1721 3573 (forte
1743 3495 1824 3557 enim
1846 3496 1980 3558 nudatae
1997 3495 2199 3577 madueruntj:
2218 3494 2238 3554 si

418 3599 528 3662 θέντα
551 3596 757 3683 έβράχησαν·
782 3602 808 3661 εί
826 3599 893 3679 μὲν,
916 3608 975 3674 τῆς
993 3599 1027 3681 ἐξ
1045 3599 1156 3661 αύτῶν
1174 3597 1323 3684 όφειλού-
1351 3600 1480 3680 quidem,
1508 3621 1576 3663 cum
1599 3601 1795 3675 contributio,
1818 3622 1896 3681 quae
1917 3623 1956 3663 ex
1978 3603 2014 3664 iis
2037 3602 2102 3665 fieri
2126 3602 2239 3671 deberet

419 3727 479 3781 σης
511 3706 671 3786 γενέσθαι
709 3714 934 3791 συνεισφοράς
970 3706 1070 3781 οὔσης
1102 3704 1182 3769 δέκα
1212 3728 1324 3788 νομισ·
1351 3707 1392 3769 sit
1414 3727 1573 3769 aureorum
1600 3708 1716 3783 desem,
1744 3708 1890 3770 damnum
1917 3709 2033 3771 factum
2060 3711 2101 3771 sit
2124 3710 2240 3790 quinque

418 3812 544 3892 μάτων,
572 3813 592 3887 ὴ
619 3811 719 3893 ζημία
745 3814 879 3892 γένηται
904 3813 997 3875 πέντε
1019 3824 1131 3893 νομμῐ,
1159 3809 1204 3875 τά
1230 3815 1324 3877 πέντε
1351 3834 1518 3888 aureorum,
1541 3815 1674 3895 quinque
1695 3824 1815 3876 tantum
1843 3815 2014 3889 conferunt3
2042 3816 2068 3878 si
2091 3836 2163 3878 vero
2183 3835 2240 3876 cum

419 3919 522 3999 μόνον
545 3918 808 3999 συνεισάγουσιν.
859 3923 885 3982 εί
913 3917 948 3981 δὲ
971 3929 1197 4005 συνεισφοριίς
1223 3920 1533 4011 ούσηςγοοπεεὶλιυείο
1560 3922 1600 3983 sit
1626 3921 1728 3983 decem
1756 3941 1929 3997 aureorum,
1962 3923 2109 3984 damnum
2141 3922 2240 3984 fartum

420 4024 500 4088 δέκα
524 4038 621 4107 νομμῐ
648 4027 667 4100 η
690 4026 790 4107 ζημία
812 4028 945 4105 γένηται
969 4028 1082 4104 εἴκοσι,
1110 4026 1150 4088 ού
1177 4029 1324 4092 συνεισά-
1352 4028 1391 4088 sit
1413 4027 1529 4108 viginti,
1556 4028 1616 4108 ipsi
1638 4048 1699 4090 non
1722 4027 1880 4092 eonfenmt
1903 4029 1956 4090 ssd
1983 4031 2074 4092 etiam
2098 4030 2242 4092 conferun-

371 4131 372 4135 ’
419 4151 544 4212 γουσιν,
567 4127 653 4195 άλλά
668 4130 724 4195 καὶ
741 4132 970 4213 συνεισάγεται
994 4132 1108 4206 αὐτοῖς
1125 4130 1171 4196 τά
1186 4133 1266 4198 δέκα
1280 4133 1323 4198 τά
1351 4143 1402 4195 tur
1427 4135 1470 4196 sis
1492 4154 1530 4196 ea
1556 4135 1672 4208 deesm,
1700 4155 1778 4215 quae
1805 4145 1876 4217 pest
1903 4146 2123 4218 competentem
2149 4135 2242 4197 sonui-

419 4234 502 4320 μετά
528 4236 589 4315 τὴν
611 4239 825 4322 ἁρμόζουσαν
848 4236 1076 4326 συνεισφορολν
1100 4240 1324 4320 πλεονάζοντα
1352 4241 1504 4302 butionem
1527 4241 1671 4302 damnum
1693 4241 1843 4321 integrum
1866 4241 1988 4305 faciant.
2093 4243 2131 4305 fr.
2147 4248 2175 4305 4.
2190 4249 2205 4318 5
2219 4245 2241 4302 2.

420 4343 479 4422 τὴν
501 4346 632 4427 ζημίανε
648 4383 690 4393 -
1159 4346 1196 4409 fr.
1211 4350 1241 4409 4.
1258 4354 1274 4425 5
1293 4353 1320 4410 2.

340 4458 384 4531 ιβ.
489 4450 729 4535 Ἀπολλυμένου
752 4462 813 4517 τοῦ
835 4453 952 4517 πλοίου
975 4455 1008 4515 οἱ
1030 4454 1199 4527 σώσαντες
1217 4459 1253 4517 ἐκ
1268 4465 1329 4519 τοῦ
1422 4454 1510 4518 Nave
1536 4457 1659 4530 amissa,
1685 4456 1707 4516 ii
1734 4457 1788 4536 qui
1814 4466 2013 4520 servaverunt
2038 4478 2077 4519 ex
2098 4455 2243 4536 naustagie

421 4559 583 4639 ναυαγίου
615 4556 661 4624 τά
691 4560 761 4624 ίδια
793 4560 833 4623 ού
871 4560 1118 4640 συνεισάγουσι·
1156 4561 1232 4623 τότε
1260 4559 1326 4645 γάρ
1354 4581 1402 4622 res
1430 4583 1500 4624 suas
1527 4582 1588 4624 non
1615 4562 1822 4625 contribuunt:
1854 4574 1929 4626 tune
1956 4564 2036 4626 enim
2063 4565 2099 4625 fit
2127 4562 2242 4631 nullate,

421 4666 546 4745 riserat
579 4664 799 4753 συνεισφορά,
832 4663 887 4730 ύτε
919 4664 977 4729 διά
1012 4663 1053 4730 τό
1092 4668 1249 4744 σωθῆναι
1282 4667 1327 4731 τά
1354 4689 1423 4730 cum
1446 4677 1481 4730 ut
1502 4678 1660 4731 serventur
1681 4677 1799 4732 eeteras
1826 4670 1979 4751 [merces],
2007 4671 2095 4733 salva
2118 4680 2244 4733 manems

421 4770 531 4853 λοιπά,
555 4773 645 4835 σῶον
663 4781 724 4836 τοῦ
739 4773 855 4837 πλοίου
873 4774 980 4854 ὄντος,
997 4771 1326 4857 άποβληθῶσινε-4
1354 4795 1440 4850 nave,
1465 4774 1537 4859 [res]
1559 4776 1621 4837 sint
1642 4776 1763 4839 eiectae
2125 4778 2159 4838 fr.
2175 4779 2192 4837 5
2206 4795 2243 4855 pr.

1191 4880 1227 4942 fr.
1245 4885 1263 4943 5
1280 4903 1324 4962 pr.

341 4996 385 5049 ι’.
494 4987 558 5062 Τῆς
581 4986 736 5069 ἐξαρτίας
756 4984 819 5050 ὑπὸ
840 4995 902 5051 τοῦ
917 4996 1078 5069 χειμῶνος
1092 4986 1324 5069 άπολλυμένης,
1420 4987 1453 5050 si
1468 5000 1690 5052 armamentum
1712 4998 1835 5072 propter
1856 5000 2065 5073 tempestatem
2088 4990 2244 5072 perieritet

420 5095 536 5177 ἑτέραν
563 5094 582 5155 ό
605 5091 789 5177 ναύκληρος
812 5094 966 5170 ὠνήσατο
989 5092 1046 5157 καλ
1072 5090 1159 5157 ούτω
1185 5093 1326 5168 πλεύσας
1353 5094 1438 5157 aliud
1469 5097 1616 5159 exercitur
1648 5098 1754 5159 emerit
1780 5108 1811 5160 et
1837 5098 1881 5161 sie
1909 5099 2058 5178 navigans
2090 5094 2244 5161 servaverit

421 5202 524 5262 έσωσε
546 5197 591 5262 τά
606 5201 747 5286 φορτία·
771 5201 811 5264 ού
826 5209 1057 5284 γρεωστοῦσιν
1079 5201 1191 5264 αὐτῶν
1206 5203 1240 5264 οἱ
1255 5201 1326 5264 δεσ-
1352 5222 1475 5278 meroes,
1498 5223 1559 5264 non
1582 5212 1723 5266 tenentur
1738 5224 1843 5266 earum
1858 5205 1972 5267 domini
1988 5205 2131 5267 conferre.
2173 5204 2205 5265 fr.
2220 5205 2243 5261 ό.

422 5306 523 5369 πόται
547 5307 766 5388 συνεισάγεινε
782 5306 846 5354 -⁶
1244 5309 1279 5370 fr.
1297 5312 1325 5371 6.

368 5405 384 5457 ‘·
487 5412 760 5494 Ναυαγύσαντος
788 5423 849 5478 τοῦ
875 5414 1001 5493 πλοίου,
1030 5411 1130 5497 ὅπερ6
1153 5398 1196 5476 άν
1219 5437 1268 5487 τις
1290 5420 1326 5478 ἐκ
1420 5416 1587 5499 Naufragio
1614 5427 1759 5499 pereunte
1787 5439 1880 5495 nave,
1907 5419 2054 5499 quidquid
2077 5419 2185 5500 aliquis
2211 5436 2243 5476 ex

421 5529 489 5583 τῶν
512 5519 605 5582 ἰδίων
628 5523 727 5585 σιόσει
751 5523 858 5602 ἐαυτῷ
881 5525 944 5599 έγει
1353 5523 1443 5585 rebus
1467 5525 1530 5587 suis
1548 5527 1724 5601 servaverit,
1748 5526 1806 5588 eibi
1828 5526 1929 5588 habet.

422 5647 634 5662 -—-—,—

493 5695 607 5752 ¹habet
623 5694 691 5768 Syn.
768 5697 882 5752 ¹habet
900 5695 967 5768 Syn.
1051 5697 1167 5752 ⁸habet
1188 5697 1256 5767 Syn.
1292 5698 1325 5752 In

422 5784 541 5856 Synopsi
564 5787 620 5841 alia
642 5792 796 5858 sequuntm
822 5803 895 5857 quae
918 5787 1019 5841 desunt
1041 5788 1125 5841 etiam
1155 5788 1231 5857 apud
1252 5787 1326 5844 Ven-

421 5875 476 5928 turi
493 5875 653 5942 (Zachariae
671 5876 808 5944 Paralip„
829 5879 878 5943 18).
945 5875 1060 5930 ‘habet
1078 5874 1145 5947 Syn.
1212 5877 1327 5931 ‘habet

421 5962 487 6034 Syn.
564 5963 678 6037 οούπιιρ
695 5965 756 6019 eod.
821 6013 823 6017 .
