4978 7018
421 434 464 497 40
788 427 942 494 LIBER
963 427 1125 494 XXXHI.
1162 426 1252 493 ΤΙΤ.
1274 425 1533 493 Π.-1ιΙΒΕΒ
1555 426 1711 495 XXXIV.
1749 428 1837 495 TIT.
1861 428 1887 495 Ι.

422 614 630 699 φερέτωσαν·
658 620 767 675 ταῦτα
794 611 829 674 δέ
856 610 1120 710 φνλατἮο-νσαν
1147 611 1180 672 οἱ
1206 611 1326 691 ἰίρχον-
1352 620 1426 672 rent
1448 610 1644 690 magistratus
1667 620 1698 672 et
1719 611 1854 692 episcopi
1869 621 1901 673 et
1921 620 2023 692 patres
2039 621 2071 673 et
2086 611 2257 674 defensores

421 742 474 794 τες
495 717 553 783 καί
577 722 610 783 οἰ
636 720 808 783 ἐπίσκοποι
831 717 888 782 καί
912 720 946 781 οἱ
967 714 1124 804 apscessi
1148 718 1181 780 ol
1202 715 1324 779 ἐκδικοι
1353 717 1511 780 civitatum
1534 726 1565 780 et
1586 718 1684 780 omnis
1706 727 1849 799 potestas.
2185 740 2209 781 c
2226 721 2256 782 3.

422 837 490 892 τῶν
513 827 639 891 πόλεων
660 823 718 891 καί
742 835 837 890 ποῖσα
859 825 957 911 ἀρχή.
1029 848 1053 889 c.
1071 829 1099 887 3.
1115 825 1148 888 G.
1164 824 1257 899 VIII,
1274 827 1325 885 51.

244 974 403 1049 follusti.
491 967 690 1050 Θεσπίζομεν
721 966 795 1032 ὅσοι
828 971 862 1031 ἐν
893 967 1081 1043 ἐκκλησίαις
1108 966 1127 1044 δ
1160 965 1279 1051 ῥύμαις
1305 965 1325 1043 ἢ
1419 967 1579 1031 Sancimus
1609 968 1780 1049 quicunque
1806 969 1838 1028 in
1864 968 1997 1030 ecclesiis
2023 968 2073 1030 vel
2100 968 2175 1030 vicis
2204 967 2257 1029 rel
2276 975 2315 1046 a]
2341 974 2400 1029 Nos.

269 1073 384 1187 &9774
421 1076 535 1150 ἄλλοις
565 1076 839 1163 όπορριφθέντες
871 1074 1045 1156 δειχθῶσι,
1077 1073 1216 1148 τούτους
1243 1083 1325 1137 πᾶσι
1353 1074 1421 1136 aliis
1448 1075 1535 1137 eiecti
1561 1074 1730 1154 probentur
1757 1073 1872 1158 [locis],
1904 1074 1960 1136 hoe
1992 1075 2131 1137 omnibus
2159 1075 2257 1137 modis
2324 1052 2379 1102 ¹⁵³·

422 1185 559 1269 τρόποις
586 1183 782 1268 ἐλευθέρους
810 1178 892 1246 εἰναι
925 1181 1237 1267 παρακελευόμεθα,
1268 1178 1325 1244 καί
1353 1182 1462 1244 liberos
1490 1201 1555 1244 esse
1583 1179 1638 1266 [et]
1667 1181 1856 1257 mandamus,
1884 1182 2024 1262 quamvis
2050 1191 2160 1244 exacta
2189 1202 2258 1263 pro·

422 1295 449 1354 εἰ
481 1289 622 1376 ἀκριβής
649 1311 699 1363 τις
727 1289 894 1372 ἀπόδειξις
920 1288 1066 1371 ὑπάρχοι
1093 1292 1140 1370 τῷ
1173 1290 1325 1368 ἐναγουτι
1354 1288 1437 1351 batio
1460 1289 1541 1350 adsit
1562 1289 1657 1351 actori
1679 1288 1720 1350 ad
1735 1288 2002 1351 demonstrandum
2021 1289 2169 1350 eiusmodi
2190 1309 2258 1371 per·

423 1402 467 1471 είς
493 1394 534 1461 τό
563 1397 666 1480 δεῖξαι
696 1393 737 1460 τδ
765 1405 921 1459 τοιοῦτον
950 1396 1131 1477 πρόσωπον
1158 1399 1198 1482 τῇ
1222 1395 1327 1460 αὐτοῦ
1354 1416 1459 1457 sonam
1482 1395 1523 1457 ad
1538 1416 1627 1457 suum
1643 1396 1808 1458 dominium
1825 1404 1970 1477 spectare.
2007 1395 2089 1457 Nam
2106 1396 2132 1458 si
2146 1397 2257 1457 nostris

423 1503 594 1590 διαφέρειν
616 1502 806 1583 δεσποτεία·
830 1505 857 1567 εἰ
874 1499 940 1585 γὰρ
960 1511 1030 1577 τοῖς
1049 1505 1216 1587 ἡμετέροις
1231 1523 1327 1585 προς·
1353 1511 1549 1584 praeceptum
1572 1511 1619 1564 est
1641 1502 1769 1583 legibus,
1792 1511 1828 1564 ut
1848 1501 1959 1563 infirmi
1982 1501 2062 1565 servi
2085 1522 2105 1563 a
2127 1501 2258 1564 dominis

422 1614 581 1674 τέτακται
609 1611 731 1692 νόμοις,
764 1607 844 1684 ώςτε
874 1606 953 1684 τοὺς
980 1608 1164 1683 νοσούντας
1196 1612 1326 1683 οἰκέτας
1354 1610 1520 1690 contempti
1542 1618 1573 1671 et
1595 1619 1741 1690 tanquam
1768 1629 1873 1671 eorum
1895 1608 2071 1671 valetudine
2097 1608 2260 1691 desperata

423 1715 517 1799 παρὰ
548 1727 616 1781 των
643 1712 816 1782 δεσπόταν
839 1716 1170 1803 καταφρονηθέντας
1198 1714 1255 1779 καί
1283 1718 1327 1789 ὡς
1354 1737 1374 1777 a
1395 1715 1617 1796 possessoribus
1639 1716 1727 1779 nulla
1749 1737 1822 1778 cura
1838 1716 1949 1779 adfecti
1963 1716 2086 1779 omnino
2106 1716 2147 1777 ad
2168 1715 2259 1778 liber-

422 1835 481 1901 τῆς
503 1824 615 1888 αὐτῶν
638 1824 760 1905 ὑχιείας
783 1823 1046 1899 ἀπελπισθείσης
1068 1827 1104 1885 ἐκ
1126 1832 1193 1887 τῶν
1215 1843 1326 1898 κεκτη·
1354 1831 1449 1885 tatem
1470 1823 1620 1897 ferentum
1643 1833 1758 1903 quanto
1781 1823 1878 1902 magis
1893 1843 1953 1897 eos,
1973 1824 2026 1904 qni
2039 1823 2070 1884 in
2086 1823 2160 1904 ipsis
2174 1823 2259 1885 vitae

422 1935 527 2014 μένων
542 1931 720 2013 ἐπιμελείας
742 1929 785 2013 μὴ
802 1931 1014 2014 ἀξιουμένους
1030 1930 1162 2002 πάντως
1186 1934 1229 2003 εἰς
1245 1929 1327 1992 ἐλευ-
1355 1929 1547 1992 incunabulis
1578 1929 1704 1992 aliorum
1736 1930 1893 1992 hominurn
1924 1929 2021 1992 relicti
2048 1940 2120 1992 sunt
2150 1931 2260 2011 pietati

423 2039 548 2124 θερίαν
562 2038 835 2124 ίιναρποίξεσθαι,
852 2038 945 2119 πόσῳ
960 2037 1087 2118 μᾶλλον
1102 2032 1180 2110 τοὺς
1194 2040 1228 2099 ἐν
1243 2036 1328 2122 αὐτῇ
1355 2047 1385 2098 et
1413 2036 1453 2098 ab
1479 2037 1516 2098 iis
1539 2036 1645 2098 nutriti
1672 2045 1752 2112 sunt,
1779 2035 1868 2120 [non]
1896 2036 2027 2098 feremus
2054 2037 2086 2097 in
2112 2036 2258 2099 iniustam

423 2150 465 2233 τῇ
496 2157 554 2223 τῆς
587 2148 670 2226 ζωῆς
702 2147 791 2231 ἀρχῇ
823 2147 864 2230 τῇ
897 2154 964 2207 τῶν
995 2145 1105 2207 ἄλλων
1132 2144 1328 2225 ἀνθρώπων
1356 2143 1436 2205 trabi
1462 2143 1658 2206 servitutem?
1703 2142 1764 2205 Sed
1786 2143 1834 2205 his
1863 2144 2071 2206 sanctissimos
2098 2143 2260 2224 archiepis·

422 2253 717 2340 καταλειφθέντας
743 2249 891 2337 εὐσεβείᾳ
917 2249 974 2315 καί
1003 2250 1083 2336 παρ’
1113 2251 1224 2314 αὐτῶν
1247 2251 1327 2314 ἀνα·
1356 2271 1448 2331 copos
1479 2260 1510 2313 et
1540 2251 1696 2331 episcopos
1728 2260 1759 2312 et
1785 2270 1864 2331 quae
1892 2249 1949 2312 sub
1975 2270 2027 2313 eos
2054 2260 2126 2313 eunt
2156 2271 2260 2313 sacras

424 2362 616 2447 τραφέντας
632 2358 824 2442 ἀνεξόμεθα
839 2362 883 2431 εἰς
898 2357 1017 2423 ίίδικον
1037 2357 1188 2421 δουλείαν
1202 2356 1326 2421 καθέλ·
1355 2356 1497 2419 ccclesias
1513 2348 1550 2420 'et
1571 2356 1789 2419 illustrissimos
1804 2357 2000 2438 magistratus
2016 2357 2165 2419 auxilinm
2178 2357 2260 2418 serre

423 2466 568 2544 κεσθαι,’
591 2463 678 2530 ἀλλὰ
700 2464 832 2539 τούτοις
851 2463 929 2539 τούς
944 2486 979 2528 τε
994 2465 1202 2538 ὁσιωτάτους
1217 2465 1327 2548 όρχιε-
1355 2463 1583 2544 libertatemque
1610 2464 1648 2525 ils
1675 2463 1830 2525 vindicare
1857 2464 2008 2526 sancimus
2031 2484 2130 2545 nequa
2151 2464 2185 2525 hi
2205 2465 2261 2545 qui

424 2575 607 2647 πισκόπους
638 2570 696 2636 καί
723 2573 922 2645 ἐπισκόπους
948 2568 1006 2635 καί
1034 2568 1095 2645 τοίς
1122 2570 1175 2635 ὑπ’
1206 2566 1327 2644 αὐτοὺς
1354 2570 1430 2632 talia
1451 2569 1579 2632 fecerint
1600 2591 1638 2631 ex
1653 2571 1763 2632 nostris
1785 2569 1903 2650 legibue
1923 2590 2039 2652 poenas
2062 2570 2189 2650 lingient,
2212 2580 2261 2632 ut

424 2682 523 2762 ἁγίας
546 2689 608 2744 τοῦ
624 2678 709 2745 Θεοῦ
726 2680 900 2756 ἐκκλησίας
914 2675 972 2742 καί
994 2674 1072 2751 τοὺς
1088 2677 1328 2761 ἐνδοξοτάτους
1355 2686 1426 2758 pote
1454 2677 1506 2758 qui
1534 2678 1616 2738 omni
1641 2678 1864 2739 inhumanitate
1891 2687 1922 2738 et
1947 2677 2126 2740 crudelitate
2152 2676 2262 2759 repleti

424 2789 595 2872 ἄρχοντας
617 2784 762 2872 βοηθεῖν
783 2785 840 2850 καί
865 2784 925 2863 τὴν
940 2785 1134 2870 ἐλευθερίαν
1149 2784 1265 2858 αὐτοῖς
1280 2788 1327 2847 ἐκ·
1356 2784 1418 2847 sint
1439 2794 1470 2847 et
1492 2804 1528 2845 eo
1550 2785 1652 2865 peiore
1675 2784 1811 2858 sacrifia,
1841 2803 1901 2865 quo
1929 2804 1966 2845 ea
1989 2785 2170 2847 miserrimos
2191 2805 2262 2865 pro-

424 2897 525 2961 δικεῖν
556 2895 767 2975 θεσπίζομεν,
799 2893 879 2975 μήτε
911 2890 973 2967 τὰς
1004 2896 1040 2956 ἐκ
1071 2903 1138 2954 τῶν
1165 2894 1329 2976 ἡμετέρων
1356 2901 1533 2972 sequuntur.
2082 2890 2213 2965 N.1b3,
2232 2893 2261 2953 1.

424 3004 535 3086 νόμων
571 3012 639 3065 τῶν
676 3009 786 3065 ταῦτα
824 3000 1044 3085 πραττόντων
1080 2997 1330 3084 διαφευχόντων

424 3107 551 3191 ποινὰς,
575 3104 631 3172 οἰα
654 3109 763 3184 πάσης
786 3106 1068 3192 [σἰπ]ανθρωπίας
1085 3103 1143 3168 καί
1159 3105 1330 3186 ὠμότητος

425 3216 683 3297 πεπληρωμένων
710 3213 768 3278 καί
796 3222 961 3277 τοσοῦτον
996 3213 1105 3288 πόσης
1134 3212 1330 3297 μιαιφονίας

422 3324 575 3407 χείρονος
607 3318 690 3385 ὅσον
727 3318 853 3396 ταύτην
884 3329 956 3393 τοῖς
993 3319 1218 3403 όθλιωτέροις
1255 3319 1330 3382 ἐπεί-

425 3451 551 3512 χουσιν.
1110 3426 1150 3488 Ν.
1169 3428 1240 3487 153.
1257 3446 1282 3488 ο.
1302 3428 1329 3485 1.

675 3747 804 3803 ΒΙΒΛΙΟΝ
824 3747 890 3816 tu,
908 3746 1028 3801 ΤΙΤΛΟ(
1046 3747 1077 3799 Α’
1562 3743 1678 3799 LIBER
1695 3744 1831 3811 XXXIV,
1853 3742 2020 3802 TITULUS
2038 3744 2053 3798 I

649 3893 712 3964 περὶ
729 3889 905 3964 ὑποστροφῆς
921 3888 1104 3961 αἰχμαλώτων.
1633 3886 1668 3941 de
1686 3886 1778 3942 reditu
1795 3888 1978 3957 captivorum.

355 4060 390 4114 o'.
485 4033 583 4122 Ὅπερ
612 4038 630 4099 ό
658 4044 719 4100 τοῦ
746 4034 962 4115 αἰχμαλώτου
989 4032 1107 4106 δοῦλος
1133 4036 1283 4118 ἐπερωτᾷ
1309 4031 1328 4110 λ
1423 4032 1515 4110 Quod
1530 4033 1644 4114 captivi
1666 4053 1770 4094 servus
1793 4031 1956 4113 stipulatur
1974 4033 2040 4094 eive
2062 4031 2196 4112 legatum
2216 4042 2267 4095 est
2300 4044 2320 4093 1.

426 4143 639 4226 ληχατεόεται
671 4142 762 4223 αὑτῷ
799 4139 1028 4225 λαμβάνουσιν
1060 4141 1093 4202 οἱ
1129 4139 1328 4222 κληρονόμοι
1358 4140 1521 4220 adquirunt
1542 4139 1668 4202 heredes
1691 4140 1765 4201 eius.
1987 4138 2023 4200 fr.
2042 4141 2068 4200 1.
2084 4139 2123 4202 D.
2139 4143 2192 4215 49,
2210 4143 2263 4201 15.

427 4253 540 4317 αὑτοῦ.
988 4247 1023 4309 fr.
1042 4251 1069 4309 1.
1085 4247 1124 4307 D.
1139 4246 1261 4322 XLIX,
1280 4250 1329 4308 15.

491 4391 566 4457 Ἐὰν
588 4390 669 4474 γυνὴ
692 4389 991 4455 καταδικασθεῖσα
1014 4393 1058 4464 εἰς
1074 4386 1193 4463 αλικοίς
1208 4389 1330 4475 ληφθῇ
1424 4388 1457 4452 si
1483 4387 1593 4450 mulier
1618 4388 1659 4450 ad
1682 4387 1796 4450 salinas
1819 4388 1966 4450 damnata
1992 4388 2032 4450 ab
2059 4388 2197 4451 hostibus
2220 4389 2264 4451 sit

427 4497 521 4586 παρδι
553 4500 714 4583 πολεμίων
745 4495 803 4562 καί
835 4498 870 4581 ἐξ
901 4497 1012 4561 αὐτῶν
1039 4497 1162 4584 πραθῇ
1189 4500 1230 4583 τῇ
1261 4495 1331 4575 ἰδία
1357 4505 1449 4577 capta
1470 4505 1502 4557 et
1527 4494 1567 4556 ab
1593 4494 1630 4556 iis
1653 4495 1779 4557 vendita
1801 4495 1851 4570 sit,
1884 4515 1958 4558 suae
1986 4495 2155 4557 condicioni
2176 4497 2264 4558 resti·

427 4609 522 4689 αίτιά
553 4606 754 4672 ἀποδίδοται
787 4612 848 4668 τοῦ
879 4603 1040 4685 δημοσίου
1072 4603 1255 4677 δεδωκότος
1283 4607 1329 4685 τῷ
1358 4603 1461 4676 tuitur,
1483 4601 1554 4664 fisco
1576 4601 1714 4664 solvente
1736 4602 1864 4683 emptori
1886 4603 2017 4683 pretium
2040 4603 2112 4665 eius.
2179 4601 2215 4662 fr.
2233 4606 2264 4665 6.

427 4717 611 4802 ἠγορακότι
634 4711 675 4778 τδ
698 4712 778 4798 ὑπὲρ
802 4712 904 4787 αὐτῆς
927 4711 1065 4792 τίμημαε
1082 4747 1125 4758 -
1202 4711 1237 4773 fr.
1255 4713 1273 4773 6
1290 4711 1330 4773 ih.

494 4857 535 4921 Εἰ
562 4856 620 4939 μὲν
651 4855 848 4942 ὑποστρέφη
881 4855 899 4917 ό
932 4854 1144 4932 αἰχιιοίλωτος
1176 4852 1331 4918 οὐδέποτε
1425 4852 1459 4916 Si
1480 4851 1586 4914 redcat
1608 4851 1761 4932 captivus,
1789 4871 1982 4932 nequaquam
2004 4851 2147 4914 videntur
2173 4851 2264 4913 liberi

428 4965 585 5031 δοκοῦσιν
608 4965 641 5030 οἱ
663 4962 777 5037 παῖδες
800 4962 906 5026 αὑτοῦ
928 4960 1135 5045 αὑτεξούσιοι
1155 4961 1330 5042 γενέσθαι·
1359 4960 1422 5022 eius
1445 4958 1493 5019 sui
1513 4958 1586 5020 iuris
1608 4957 1715 5032 fuisse;
1740 4956 1860 5019 sivero
1883 4957 1966 5039 apud
1989 4977 2040 5021 eos
2063 4958 2218 5033 moriatur,
2243 4979 2265 5020 a

428 5071 508 5136 εἰδὲ
531 5071 610 5157 παρ’
636 5072 751 5145 αὐτοῖς
774 5070 938 5155 όποθιίνη
963 5068 1024 5157 ἀφ’
1051 5064 1097 5132 ὧν
1120 5068 1255 5155 ἐλήφθη
1273 5065 1330 5132 καί
1359 5066 1469 5147 quibua
1492 5075 1600 5146 captus
1622 5074 1680 5139 est,
1708 5074 1739 5127 et
1764 5065 1823 5145 ipsi
1848 5063 1963 5148 [liberi]
1990 5073 2026 5126 ut
2052 5085 2109 5127 sua
2130 5064 2265 5127 retinent

428 5177 524 5243 αὑτοὶ
540 5181 674 5255 ἐχουσιν
689 5178 758 5243 ἰδια
773 5176 818 5241 τα
833 5182 866 5241 ἐν
882 5181 929 5258 τῷ
944 5179 1032 5259 μέσῳ
1048 5175 1230 5252 κτηθέντα.
1258 5175 1332 5251 κλη-
1358 5193 1437 5254 quae
1456 5173 1555 5234 medio
1575 5181 1711 5252 tempore
1731 5172 1931 5252 quaesierunt
1969 5171 2172 5234 hereditatem
2189 5191 2264 5234 veru

428 5285 590 5366 ρονομιάν
613 5285 647 5348 δέ
670 5285 826 5349 κτᾶσθαι
848 5281 940 5348 κατδι
961 5281 1022 5348 τὸν
1043 5279 1164 5366 καιρόν
1187 5292 1244 5358 της
1272 5289 1334 5345 τοῦ
1359 5280 1516 5361 adquirere
1542 5287 1677 5359 tempore
1703 5278 1799 5359 patris
1822 5278 2007 5358 captivitatis
2033 5298 2095 5340 non
2121 5286 2263 5358 possunt;

428 5376 492 5476 ᾖ
515 5391 745 5475 αἰχμαλωσίας
768 5392 808 5455 οὐ
831 5390 1009 5455 δύνανται·
1042 5391 1075 5453 ol
1097 5388 1131 5452 δέ
1156 5388 1268 5452 δοῦλοι
1291 5390 1332 5473 τῇ
1359 5388 1438 5449 servi
1460 5394 1565 5447 antem
1586 5385 1747 5447 hereditati
1769 5384 1940 5465 adquIrunt
2077 5383 2113 5448 fr.
2132 5387 2181 5446 12.
2199 5390 2215 5461 5
2234 5388 2263 5447 1.

427 5499 633 5584 κληρονομία
656 5499 942 5584 προςπορίζουσιυε
960 5535 1002 5544 -
1100 5496 1135 5558 fr.
1155 5499 1203 5557 12.
1221 5503 1237 5573 5
1257 5499 1272 5556 1
1290 5496 1330 5557 ib.

493 5640 526 5706 ‘O
548 5650 610 5706 τοῦ
632 5643 847 5724 αἰχμαλώτου
869 5651 946 5716 παῖς
968 5641 1078 5714 καλῶς
1101 5647 1212 5721 γαμεῖ·
1235 5636 1330 5700 καίό
1425 5635 1468 5698 Et
1499 5635 1613 5716 captiui
1639 5635 1719 5696 filius
1752 5643 1833 5697 recte
1863 5655 1989 5696 uxorem
2021 5634 2118 5707 ducit;
2150 5643 2181 5697 et
2211 5635 2264 5715 qui

429 5749 509 5833 παρΙ
536 5750 642 5812 αὑτοῦ
664 5748 855 5830 τικτόμενος
878 5749 1124 5834 ὑποστρέφοντι
1144 5749 1192 5827 τῷ
1208 5746 1331 5825 ποίππω
1360 5744 1399 5806 ab
1422 5763 1457 5804 εο
1480 5743 1616 5804 nascitur
1637 5742 1789 5804 redeuntis
1813 5742 1863 5805 avi
1885 5742 1918 5803 in
1939 5750 2090 5822 potestate
2113 5750 2173 5816 est;
2205 5741 2265 5804 hoc

280 5865 328 5934 fol.
341 5871 392 5922 28¹.
428 5858 553 5938 γίνεται
582 5855 788 5939 ὑπεξοὺσιος·
821 5864 921 5919 τοῦτο
950 5853 984 5917 δέ
1012 5851 1068 5917 διὰ
1099 5850 1139 5917 τό
1171 5851 1332 5933 δημόσιον
1359 5860 1461 5912 autem
1483 5858 1605 5932 propter
1626 5848 1782 5929 publicam
1804 5849 1981 5931 nuptiarum
2003 5848 2174 5911 utilitatem.

425 5963 595 6049 χρήσιμον
619 5975 686 6027 των
708 5964 832 6045 χοίμειν.
952 5961 987 6023 fr.
1006 5964 1055 6022 12.
1073 5967 1089 6039 5
1108 5964 1136 6023 3.
1153 5961 1193 6022 D.
1210 5963 1261 6031 49,
1281 5962 1330 6021 15.
1886 5956 1922 6019 fr.
1941 5959 1990 6018 12.
2007 5962 2023 6033 5
2042 5961 2070 6020 3.
2087 5955 2128 6018 D.
2144 5958 2196 6029 49,
2214 5958 2264 6018 16.
