4680 7114
425 463 489 525 212
557 457 805 524 connn'rlo
828 458 971 524 LIBRI
994 458 1308 525 AMBROSIANI
1332 456 1433 524 CUM
1457 456 1700 523 EDITIONE
1724 458 2127 523 HEIMBACHIANA.

582 640 642 721 legi
669 642 784 721 nequit,
811 650 955 720 quattuor
981 641 1031 704 vei
1058 642 1191 722 quinque
1221 640 1328 703 litteris
1355 662 1380 702 c.
1422 642 1502 720 ipr.
1519 636 1555 722 (ε’
1577 646 1611 700 ut
1633 641 1758 718 videtur)
1782 675 1823 685 -
1847 639 2001 703 -λύσει
2025 643 2226 723 οίκτειρήστις

582 756 733 810 constans.
1356 768 1381 808 c.
1425 750 1454 809 9.
1479 750 1620 819 ἕκαστος
1647 755 1715 807 τῶν
1745 745 1960 827 κληρονόμων
1991 752 2027 809 ὲκ
2056 752 2173 831 μέρους
2196 762 2239 825 νή,-

423 878 448 918 ο.
467 859 516 917 17.
533 861 550 932 8
568 859 596 915 5.
620 853 867 935 ἀπολλουμίνον
882 852 968 940 (num
983 876 1040 935 pro
1056 858 1227 936 -ομένοο,
1248 855 1328 937 quod
1514 852 1737 936 κληρονομίας
1759 853 1925 932 λνάγηται.

581 962 651 1024 terri
674 959 808 1047 posseti)
833 999 872 1007 —
900 998 939 1007 -
964 960 1063 1034 δίδως
1085 983 1154 1042 μοις
1170 999 1212 1009 -
1472 959 1547 1021 Ττεε
1565 960 1663 1022 linceo
1678 961 1709 1020 in
1724 960 1839 1041 pagine
1853 962 2008 1023 teterrimo
2024 961 2085 1040 logi
2100 982 2238 1042 nequeunt.

423 1091 448 1131 c.
468 1073 516 1131 18.
533 1075 550 1146 8
570 1072 597 1131 l.
621 1067 641 1145 ή
664 1070 819 1152 ἐνέχυρον
843 1104 883 1114 -
902 1105 942 1115 -
963 1066 1022 1131 καλ
1045 1066 1085 1131 τὸ
1109 1069 1143 1151 ἐξ
1161 1068 1329 1151 ἀρνήσεως
1357 1089 1382 1128 c.
1401 1069 1451 1129 18.
1477 1068 1510 1128 οί
1539 1066 1631 1150 κληρ.
1662 1066 1767 1130 αὐτοῦ
1798 1072 1834 1129 ἐκ
1864 1069 1983 1150 μέρους
2015 1078 2076 1144 της
2107 1068 2240 1151 κληρονο

584 1212 623 1221 -
652 1212 692 1222 -
716 1176 897 1238 ἀπαιτοῦσι
921 1176 1021 1256 νόμῳ,
1044 1176 1078 1258 ἐξ
1102 1177 1153 1256 όμ
1177 1174 1211 1237 δὲ
1229 1171 1329 1248 ελςτδ
1516 1174 1601 1253 μίας.
1647 1194 1672 1235 c.
1692 1176 1741 1234 19.

582 1283 723 1346 ἀπλοῦνε
740 1318 781 1329 -
1358 1303 1383 1342 ο.
1402 1282 1442 1342 26
1475 1282 1506 1341 in
1534 1281 1554 1343 f.
1588 1279 1795 1365 παραθήκης
1825 1283 1940 1366 ἀγωγῇ
1973 1280 2069 1365 παρὰ
2097 1286 2144 1363 τῷ
2171 1285 2241 1365 αὐτῇ
2259 1296 2281 1355 μ

539 1391 656 1452 Rursus
679 1411 792 1451 novum
816 1392 873 1451 inc.
889 1391 993 1452 thema
1013 1389 1058 1452 Ἡ
1068 1411 1100 1470 μ.
1117 1390 1144 1451 δ.
1160 1412 1190 1455 κ.
1206 1387 1266 1466 τήν
1284 1393 1327 1454 ίτ.
1516 1386 1578 1450 δικ.
1593 1398 1659 1462 etc,
1674 1397 1709 1449 ut
1724 1389 1757 1449 in
1771 1409 1795 1450 c
1806 1392 1846 1450 23
1863 1387 1911 1476 (ut
1926 1390 2055 1464 videtur,
2071 1410 2112 1450 ex
2125 1389 2242 1453 hotone>

583 1498 715 1579 ἀναιρεῖ
717 1520 724 1558 :
741 1533 779 1543 -
1516 1491 1651 1580 teleuto).

424 1626 448 1665 c.
467 1608 516 1665 18.
534 1611 550 1681 8
569 1608 596 1666 2.
620 1601 670 1666 ἐπὶ
694 1599 761 1685 γάρ
786 1606 825 1687 τῇ
848 1602 971 1688 μεγάλη
989 1602 1119 1687 δαπάνη
1136 1616 1194 1681 τής
1210 1606 1328 1684 ἀναζη-
1357 1624 1382 1661 c.
1401 1603 1452 1662 25.
1471 1607 1487 1677 8
1508 1604 1535 1662 l.
1560 1604 1604 1673 ελς
1624 1602 1743 1682 χρείαν
1765 1624 1837 1683 μου.

584 1711 708 1785 νοήσεως
730 1708 787 1772 καλ
812 1721 869 1785 τῆς
894 1710 1015 1790 ὑγιείας
1037 1719 1123 1773 κινεῖ
1142 1709 1202 1788 τήν
1225 1709 1330 1788 αὐτήν
1357 1730 1382 1768 c.
1401 1711 1452 1768 26.
1470 1714 1487 1784 8
1506 1711 1534 1769 2.
1558 1705 1615 1771 καλ
1645 1708 1680 1770 σὲ
1708 1712 1793 1785 δγειν
1818 1731 1873 1790 μοι
1899 1746 1941 1755 -
1966 1747 2007 1756 -
2034 1711 2179 1795 ὤφειλον
2197 1713 2242 1789 ἐγὼ

584 1817 729 1896 ἀγωγήνε
747 1853 788 1863 -
1518 1814 1699 1897 ἀποδεῖξαι.

425 1948 450 1986 c.
469 1927 518 1985 18.
537 1931 553 1999 8
571 1927 600 1984 3.
623 1945 651 1986 v.
675 1923 781 1996 εἴδους
803 1934 885 1985 recte
908 1945 965 1986 om.
989 1925 1028 1986 A.
1357 1944 1382 1982 o.
1401 1925 1451 1983 29.
1476 1922 1633 2005 ἄργυρον.
1678 1944 1703 1985 ο.
1722 1927 1773 1986 29.
1791 1931 1807 2000 8
1827 1927 1854 1985 l.

424 2053 449 2094 c.
468 2035 507 2092 19
541 2028 619 2115 (ιη’).
651 2028 693 2092 δι’
724 2031 902 2110 ἐπιμελείας
930 2030 1069 2093 δύναται
1094 2031 1330 2116 φυλάξασθαι.
1357 2050 1382 2090 o.
1401 2032 1440 2090 31
1475 2027 1563 2115 (λα’).
1587 2026 1796 2112 κακουργοίις
1811 2030 1939 2114 ἀνδρας
1955 2034 2133 2095 πένεσθαι.
2163 2034 2244 2095 Pneit

424 2161 449 2200 c.
467 2142 517 2200 20.
539 2133 613 2200 Ἐάν
625 2137 793 2219 χρήσιμον
808 2135 927 2199 δοῦλόν
942 2158 1109 2208 μον--
1126 2139 1330 2215 ἀπαιτήσαν-
1517 2137 1548 2197 in
1576 2138 1710 2218 margine
1737 2138 1858 2218 γνῶθι.
1886 2174 1928 2184 -
1958 2146 1974 2215 8
1999 2142 2027 2200 1.
2058 2140 2101 2202 Εἰ
2133 2140 2166 2201 δὲ
2190 2142 2244 2201 oi

584 2265 637 2317 τις
659 2244 712 2305 sed
735 2265 853 2324 suprac
876 2255 1024 2325 punctum
1042 2256 1088 2308 eet
1102 2247 1329 2327 reprobationis.
1518 2264 1629 2305 novum
1652 2244 1756 2305 theron
1782 2246 1887 2327 incipit
1909 2247 1940 2306 in
1963 2247 2039 2308 cod.
2067 2283 2112 2292 —
2136 2283 2174 2293 —
2200 2249 2244 2321 ήο

425 2373 450 2412 c.
467 2354 506 2412 21
525 2372 568 2431 pr.
614 2371 639 2413 c.
657 2354 707 2412 23.
1516 2349 1655 2426 κλεπτης
1678 2386 1719 2396 -
1746 2387 1786 2398 -
1816 2350 1834 2427 ή
1859 2350 2003 2434 δεσπότῃ
2028 2354 2138 2415 αὑτοῦ
2161 2391 2194 2399 -
2215 2390 2243 2399 -

425 2480 450 2518 o.
468 2460 518 2519 26.
543 2455 601 2532 τήν
625 2455 697 2539 περὶ
721 2467 788 2519 τῶν
810 2462 844 2519 ἐν
863 2457 980 2539 χρήσει
998 2458 1178 2540 δεδομένων
1194 2460 1328 2542 ἀγωγήν
1517 2460 1581 2532 ἔχει
1605 2458 1649 2530 ὡς
1667 2460 1779 2539 χρεοςι
1797 2494 1839 2505 -
1863 2455 1966 2544 (-οις
1988 2456 2072 2544 οοό.)

586 2601 627 2610 -
652 2602 693 2610 -
718 2561 773 2626 ἵνα
795 2585 850 2645 μοι
874 2561 980 2638 αὐτάς
1002 2565 1099 2628 ἀποδ.
1358 2588 1382 2626 c.
1401 2569 1442 2626 32
1474 2562 1561 2647 (λβ).
1590 2565 1634 2637 ὡς
1657 2574 1724 2626 τῶν
1747 2564 1840 2627 ἰδίων
1861 2569 1945 2647 ἑπιμ.

678 2740 798 2795 orno(
818 2740 860 2808 ε’,
880 2740 1013 2795 erector
1032 2742 1079 2795 η’,
1357 2694 1382 2733 ⁰·
1401 2676 1442 2735 33
1475 2669 1540 2841 (Ᾱίά
1538 2669 1570 2858 λγ
1584 2669 1671 2841 12)(λῖ
1670 2693 1750 2841 ὸῑιῖἶ
1761 2673 1953 2757 cronopio„
1976 2697 2044 2736 των
2062 2695 2245 2757 πονννντν

644 2865 677 2918 In
695 2863 782 2919 rubo:
800 2867 958 2937 παράθεσιν
976 2866 1112 2938 λαβόντος.
1358 2909 1382 2947 0·
1401 2889 1442 2946 34
1475 2883 1559 2970 (ηδ’).
1582 2888 1642 2956 ἕως
1665 2883 1750 2969 λάβῃ
1775 2887 1855 2967 quod
1878 2888 1949 2949 ferri
1971 2898 2087 2969 pom·

427 3014 451 3054 c.
493 2996 519 3054 1.
543 2989 633 3054 ἐστίν
656 2994 703 3070 τεῇ
728 3026 781 3037 -·
1358 3016 1383 3054 c.
1401 2996 1442 3054 39
1476 2989 1571 3077 (λθ).
1595 2988 1682 3054 οὕτω
1705 2991 1763 3055 καλ
1786 3015 1817 3056 α.
1842 3014 1873 3056 π.

427 3120 452 3161 c.
493 3103 520 3159 1.
537 3105 553 3175 8
573 3103 599 3160 1.
623 3100 667 3170 είς
691 3094 729 3159 τὸ
746 3096 883 3160 διπλοῦν
898 3102 943 3172 εἰς
959 3098 1073 3180 ἀγωγή
1089 3103 1166 3183 ἀρμ.
1192 3103 1329 3165 Alterum
1359 3123 1383 3160 o.
1401 3101 1443 3160 46
1476 3096 1544 3185 (μή.
1591 3121 1616 3161 c.
1634 3102 1685 3160 41.
1711 3101 1833 3184 ἀγωγῇ,
1857 3104 1920 3178 ίγει
1942 3101 1975 3165 δὲ
1995 3105 2055 3166 ἀπ.
2077 3141 2121 3149 -
2138 3140 2175 3149 -
2195 3102 2246 3183 περὶ

586 3207 630 3276 είς
653 3204 784 3266 deletum
808 3205 936 3269 videtur.
1518 3204 1630 3266 αὐτῶν
1657 3204 1718 3282 τήν
1745 3205 1816 3288 περὶ
1848 3208 2045 3285 ἐκδικήσεως
2082 3222 2150 3272 τῶν
2179 3213 2247 3273 ι’δίωι

428 3333 452 3374 c.
494 3314 520 3373 1.
537 3318 553 3388 8
571 3315 599 3373 2.
617 3315 645 3372 5.
663 3315 691 3372 8.
714 3311 849 3392 ἁρμόζει
873 3313 893 3387 ή
916 3333 967 3386 τις
989 3317 1052 3392 ἔχει
1071 3313 1131 3392 τήν
1149 3317 1332 3393 ἀπαίτησιν
1519 3304 1725 3395 πραγμάτων
1748 3315 1894 3394 ἀγωγήνε
1912 3353 1953 3362 -

587 3423 631 3491 είς
653 3415 693 3480 τό
717 3417 861 3481 διπλοῦν.

428 3547 452 3588 0.
494 3530 520 3586 1.
538 3532 554 3602 ς
574 3528 623 3587 11.
646 3522 697 3587 ιιι
721 3522 760 3587 τε
784 3525 860 3609 φα.
877 3563 912 3572 -
942 3528 987 3589 v·
1009 3531 1035 3590 o
1051 3529 1085 3591 οε
1102 3531 1149 3591 ω.
1167 3568 1202 3574 ω
1227 3568 1266 3575 -
1284 3528 1332 3592 ‹n-
1613 3507 1743 3562 ΒΙΒΛΙΟΝ
1763 3509 1815 3573 '9'2
1835 3510 1955 3564 ¹910(
1973 3511 2012 3564 Α’-

588 3633 700 3695 πόσιτι
723 3652 781 3692 om.
804 3631 843 3693 A.
1360 3660 1384 3696 c.
1427 3638 1442 3696 1
1468 3633 1536 3721 (τιή.
1560 3672 1601 3681 -
1623 3672 1664 3681 -
1689 3636 1753 3711 81.
1777 3634 1833 3698 καὶ
1857 3636 1900 3698 δι’
1925 3639 2108 3715 ἐπιστολῆς
2130 3640 2247 3701 hicdeei·

429 3760 455 3800 o
495 3741 625 3815 1812.
648 3736 705 3801 καὶ
728 3735 771 3819 μή
796 3737 880 3823 δέξῃ,
903 3740 1007 3818 μόνην
1030 3743 1093 3817 ίγω
1116 3742 1186 3805 κτλ.
1520 3744 1566 3804 nit
1588 3742 1639 3805 fol.

428 3866 453 3908 c.
494 3850 521 3907 1.
538 3851 554 3921 8
574 3848 622 3907 13.
648 3847 723 3921 814
739 3845 824 3907 inco
839 3842 878 3907 ιδ’
891 3843 924 3909 ‘0
933 3849 1206 3929 ἐγγυησάμενος-
1240 3890 1277 3896 -
1294 3889 1329 3897 -
1476 3849 1601 3911 Excidit
1623 3848 1729 3910 folium
1752 3870 1854 3911 unum.

587 3947 653 4014 εἶπε
676 3951 849 4014 δίδοσθαι.
1476 3959 1534 4018 ἰοο.
1559 3977 1578 4017 ε
1600 3952 1638 4017 v¹³
1654 3955 1693 4017 οὐ
1707 3952 1770 4036 μήν
1785 3955 1842 4018 καλ
1859 3954 1902 4019 τά
1918 3962 2067 4041 τυχηρτίι
2087 3997 2129 4008 -
2152 3960 2188 4045 (ε.
2203 3960 2248 4041 75.)
2268 3983 2271 3986 ·

429 4080 453 4121 c.
495 4055 690 4134 1.816.τδ
714 4059 882 4140 παραθὲν.
908 4096 948 4105 -
974 4064 1061 4136 817.
1089 4062 1157 4125 Τοῦ
1179 4063 1207 4125 δ.
1230 4086 1302 4144 μου.
1361 4086 1385 4125 ο.
1405 4067 1454 4125 79.
1483 4085 1508 4126 ο.
1526 4066 1578 4126 87.
1607 4065 1669 4125 εἴτε
1699 4060 1856 4146 βούλεται
1888 4063 1928 4128 τὸ
1956 4066 1988 4128 ἀ.
2020 4070 2075 4130 ἐπ.
2105 4072 2166 4130 εἴτε
2193 4066 2247 4151 ,ici

429 4186 453 4227 c
495 4168 521 4226 1.
539 4172 555 4241 8
575 4168 624 4228 18.
657 4161 722 4226 κάν
744 4169 771 4226 εἰ
799 4164 866 4228 ἀπὸ
891 4164 1011 4229 δούλου
1039 4204 1081 4214 -
1110 4204 1150 4215 -
1175 4170 1331 4249 ὲνιίγηται
1519 4169 1610 4233 λεται
1634 4182 1690 4231 cet.

589 4308 630 4317 -
654 4307 696 4316 —
721 4268 765 4334 τά
788 4274 842 4353 ἀμ.
865 4273 995 4358 κεφαλῇ
1017 4278 1064 4336 in.
1128 4292 1132 4301 ·
1345 4258 1349 4365 i

430 4399 455 4439 ο,
497 4382 629 4453 1.§23.
655 4376 726 4457 περ)
747 4379 961 4461 παραμήκης,
1346 4367 1349 4459 ρ
1615 4364 1744 4418 nuenton
1764 4366 1813 4431 ιε’,
1832 4367 1952 4421 orno(
1970 4367 2009 4421 ε’.

429 4508 446 4546 c
497 4489 523 4545 1.

448 4533 454 4546 .
542 4491 558 4561 8
577 4489 627 4546 27.
650 4482 706 4547 καλ
731 4486 750 4547 ό
773 4486 858 4572 καλῇ
882 4507 913 4549 π.
931 4523 972 4533 -
990 4523 1030 4533 -
1048 4486 1120 4571 περλ
1138 4510 1333 4570 παρακατα-
1362 4491 1425 4551 ino.
1450 4512 1469 4552 ε
1492 4511 1517 4551 c.
1535 4495 1564 4551 5.
1584 4497 1599 4567 8
1619 4496 1645 4553 1.
1669 4494 1696 4553 εἰ
1719 4490 1753 4553 δὲ
1775 4489 1858 4572 μετὰ
1880 4501 1942 4556 τοῦ
1964 4495 2134 4577 ἀργύρου.

589 4590 709 4668 θήκης.
1362 4619 1387 4659 ο.
1427 4601 1457 4659 5.
1476 4605 1492 4674 8
1511 4601 1539 4658 2.
1568 4597 1722 4682 φορτίδος
1749 4597 1855 4685 (-ιος
1877 4598 1957 4686 cod.)
1980 4611 2015 4663 ut
2042 4605 2132 4684 apud
2153 4622 2248 4683 gmon

430 4719 455 4759 c.
498 4701 524 4758 1.
542 4704 558 4774 8
577 4702 627 4759 29.
653 4697 724 4778 περὶ
749 4700 1054 4782 παρακαταθήκης.
1347 4706 1349 4791 i
1520 4706 1708 4767 recentiores.

430 4825 456 4864 c.
497 4807 524 4865 1.
544 4811 559 4881 8
577 4807 628 4865 30.
654 4803 726 4885 περί
750 4807 1054 4886 παρακαταθήκης.
1078 4845 1119 4854 -
1145 4813 1230 4885 833.
1362 4832 1387 4871 c.
1428 4815 1457 4872 5.
1476 4817 1492 4886 8
1510 4816 1539 4872 3.
1575 4809 1621 4873 Τό
1645 4809 1722 4892 ἐμὸν
1750 4811 1777 4874 δ.
1805 4815 1849 4885 είς
1872 4836 1900 4875 τ.
1924 4836 1956 4876 ιι.
1984 4836 2053 4878 σου
2078 4818 2248 4898 μετενεγθο

430 4932 455 4972 c.
497 4915 524 4972 1.
543 4919 559 4988 8
577 4916 627 4972 36.
656 4910 713 4974 καλ
737 4907 781 4985 εἷς
803 4914 948 4991 ἐπιζητεῖ
966 4951 1007 4961 -
1036 4950 1077 4962 -
1106 4951 1149 4961 -
1177 4920 1203 4978 ελ
1231 4916 1264 4978 δὲ
1291 4854 1350 4997 pti
1522 4954 1564 4963 -
1590 4955 1630 4964 —
1654 4918 1710 4981 καλ
1735 4920 1863 5001 ριζώσει
1888 4922 2047 5005 citil[1an]
2076 4924 2151 5009 περὶ
2172 4924 2249 4986 circi

588 5017 742 5100 βούλεται
767 5021 806 5081 nb
829 5020 876 5082 his
898 5017 937 5083 οῖ’
959 5043 1071 5083 novum
1095 5024 1200 5103 incipit
1222 5006 1350 5086 themn.¹
1522 5032 1583 5086 τοῦ
1606 5025 1802 5106 πράγματος
1825 5030 1888 5102 ἔγω
1912 5028 2061 5107 ἀγωγήν.

430 5147 454 5186 c.
497 5131 524 5186 1.
542 5132 558 5202 8
577 5128 628 5187 37.
652 5130 696 5198 εἰς
719 5126 913 5209 όλόκληρον,
938 5129 955 5189 ό
981 5126 1053 5212 περὶ
1077 5128 1312 5204 διεκδικήσεως.
1347 5128 1387 5253 ic.
1428 5135 1457 5192 5.
1475 5137 1491 5207 8
1508 5135 1538 5192 4.
1564 5137 1628 5207 85.
1653 5133 1754 5207 αὐτῆς
1777 5136 1859 5195 ελσιν
1882 5135 2074 5213 ὀνομασίας
2091 5137 2148 5200 καὶ
2163 5137 2247 5218 μήλι·

429 5254 454 5293 c.
497 5235 628 5308 1841.
658 5235 743 5309 844.
772 5231 860 5308 ήελς
882 5231 921 5297 τὸ
946 5244 1077 5297 πᾶν-
1102 5272 1143 5282 -
1173 5235 1349 5321 διαφέρον·
1524 5238 1667 5302 λοῦνται.

590 5338 681 5418 αὐτῷ
703 5343 802 5423 μέρος
825 5376 866 5386 -
891 5377 933 5386 -
958 5345 1196 5426 σονειμώνησεν.
1347 5312 1386 5435 ic.
1428 5350 1456 5407 6.
1482 5344 1500 5421 ή
1533 5342 1612 5407 ὅλον
1643 5347 1699 5409 ἀπ.
1732 5344 1751 5421 i)
1778 5350 1876 5429 μέρος
1902 5346 1959 5410 καὶ
1987 5369 2020 5411 π.
2056 5386 2100 5397 -
2132 5388 2170 5397 -—
2197 5348 2247 5419 ὕλη,-

430 5467 454 5506 ο.
495 5450 522 5505 1.
541 5452 557 5521 8
575 5451 626 5507 45.
643 5450 695 5507 46.
725 5446 774 5509 ἐπὶ
799 5445 838 5510 τὸ
869 5485 910 5494 ·-
935 5485 975 5494 —
1010 5447 1151 5530 δύναμαι
1184 5448 1267 5529 μετά
1294 5449 1333 5513 τὸ
1394 5500 1400 5507 .
1521 5454 1776 5534 ἑναργεστάτον.
1801 5490 1843 5500 -
1872 5454 1917 5518 V⁸
1944 5453 1995 5517 ἐπί
2024 5456 2064 5519 δὲ
2095 5460 2170 5540 ἀργ.
2191 5458 2248 5518 τά.
2276 5468 2277 5545 i

588 5553 751 5632 μελὲσθαι
774 5553 854 5640 (εἰο).
1521 5562 1567 5621 de.
1587 5559 1651 5620 cod.
1676 5596 1717 5606 —
1736 5597 1777 5605 —
1797 5559 1817 5636 ή
1836 5557 1892 5623 διά
1907 5576 2132 5643 προσωπικῆς
2147 5552 2277 5645 ἀγοηήὲδ

429 5679 454 5720 c.
497 5662 524 5719 l.
543 5666 558 5735 8
575 5663 627 5720 47.
667 5682 692 5721 c.
712 5663 739 5721 2.
765 5664 908 5743 ἐγχωρεῖ.
1346 5696 1349 5725 ι
1522 5662 1649 5729 παλαιά
1673 5665 1692 5742 ή
1715 5670 1780 5729 νέα.
1803 5665 1860 5730 καλ
1883 5678 1939 5729 etc.
2273 5654 2276 5783 ή

429 5786 454 5825 c.
495 5770 523 5825 3.
548 5765 588 5827 Ei
613 5765 646 5826 δὲ
669 5762 709 5827 τὸ
727 5764 1038 5853 πράγμαήήήήζνος
1054 5770 1167 5853 λαβεῖν
1183 5771 1222 5833 οὐ
1238 5734 1386 5859 ‹irinc-ic.
1406 5776 1526 5849 2381
1552 5783 1583 5835 et
1605 5774 1648 5835 oio
1670 5775 1778 5854 pergit:
1813 5770 1863 5836 Τά
1890 5773 1924 5836 δὲ
1952 5776 2093 5859 ἑκάστῳ
2124 5789 2186 5842 των
2207 5798 2246 5837 σεε

589 5894 643 5932 ται
670 5910 678 5916 -
738 5910 776 5917 --
802 5875 863 5935 οίικ
885 5876 1099 5938 ἀποδιδωσιν.
1346 5868 1349 6017 y
1520 5880 1636 5960 μα’των
1652 5881 1845 5962 συγκείμενα
1859 5884 1894 5943 ἐν
1909 5890 1980 5954 τοῖς
1994 5884 2095 5949 κατὰ
2109 5890 2245 5967 με’ροςνῐε»

429 5998 454 6038 c.
495 5982 523 6038 4.
549 5979 685 6041 ἀπαιτεῖ
706 5976 785 6062 ὅπερ
809 5984 852 6043 ἐκ.
1520 5987 1607 6047 utin
1633 5988 1751 6062 8511).
