4842 7018
837 492 991 559 LIBER
1012 492 1130 559 XLIV.
1174 494 1264 560 ΤΙΤ.
1287 495 1360 562 VIL
1383 493 1474 559 VIII.
2030 494 2073 558 83

163 677 203 729 θ’.
311 664 423 742 Οὕτως
445 664 547 732 εἶπον·
571 667 648 749 ,,τὸν
671 664 782 752 ἀγρόν
802 672 859 737 καὶ
876 672 942 738 ὅσα
957 678 1144 757 γαμουμένη
1238 677 1289 739 Sic
1312 677 1388 739 dixi:
1411 676 1557 753 ‚dandum
1581 683 1612 735 et
1633 692 1842 753 quaecumque
1868 672 1985 734 nubens
2000 672 2074 733 mihi

240 796 296 856 μοι
320 774 459 838 δέδωκεν
481 777 501 852 ἡ
523 774 603 856 γυνὴ
627 776 881 862 διατετιμημένα
896 786 929 844 ἐν
945 783 1059 856 αὐτοῖς
1074 791 1144 856 τοῖς
1172 785 1255 847 dedit
1277 804 1354 846 uxor
1376 784 1536 846 aestimata
1561 782 1593 842 in
1620 780 1693 861 ipsis
1721 778 1878 860 speciebus
1905 778 2025 840 restitui
2047 779 2074 841 ei

241 881 358 945 εἴδεσιν
386 882 603 960 ἀποδοθῆναι
631 886 716 971 αὐτῇ
743 886 869 967 deind,
898 887 987 951 δοκῶ
1014 887 1071 952 καλ
1101 886 1145 952 τά
1172 892 1268 966 volo“‚
1290 890 1395 954 videor
1417 900 1448 952 et
1463 907 1594 970 eaquae
1610 897 1681 948 sunt
1697 886 1856 948 aestimata
1872 893 1996 966 atquae
2012 905 2074 947 nou

241 987 524 1073 διατετι[μ]ημε’να
555 988 612 1054 καλ
641 989 685 1055 τά
711 991 915 1076 άδιατίμητα
942 994 1145 1079 άδιακρίτως
1172 1005 1243 1059 sunt
1265 998 1427 1060 aestimata
1448 994 1710 1057 indiscriminatim
1732 993 1760 1054 ei
1782 992 1892 1072 legare.
1992 992 2027 1053 fr.
2045 994 2073 1053 9.

240 1094 429 1177 ληγατεύειν
452 1098 545 1184 αὐτῇ.
1061 1102 1097 1165 fr.
1115 1106 1143 1165 9.

157 1208 203 1276 ιγ.
304 1203 574 1287 “Υποδεξά[ηιενος
598 1202 706 1289 capt
729 1217 787 1284 τῆς
810 1209 966 1288 γυναικός
988 1231 1052 1291 μου
1075 1209 1143 1274 δια·
1239 1211 1319 1273 Cum
1355 1210 1521 1291 acceperim
1557 1207 1597 1270 ab
1629 1227 1723 1269 uxore
1755 1225 1824 1267 mea
1854 1205 1955 1267 dotem
1986 1205 2074 1266 aesti-

241 1314 452 1392 τετιμημένην
466 1320 590 1394 προῖκα
605 1308 710 1387 οὕτως
726 1309 847 1397 εἶπο[ν·
866 1313 945 1395 ,μάν
964 1318 983 1392 ἡ
1004 1317 1143 1398 γα]μετή
1172 1329 1285 1380 matam
1318 1319 1362 1379 ita
1392 1316 1469 1378 dixi:
1496 1316 1541 1390 „si
1571 1334 1650 1376 uxor
1682 1334 1750 1376 mea
1781 1332 1885 1374 omnes
1916 1331 1963 1373 res
1995 1312 2074 1373 dotis

240 1439 304 1498 μου
327 1419 440 1481 πάντα
459 1415 502 1481 τά
517 1419 701 1502 πράγματα
717 1430 775 1496 τῆς
790 1418 928 1506 προικός
944 1424 1046 1500 αὐτῆς
1062 1422 1144 1506 πρὸς
1171 1426 1235 1486 eius
1267 1425 1433 1486 secundum
1465 1423 1543 1484 dotis
1574 1420 1697 1483 tabulas
1728 1419 1845 1482 dederit
1869 1418 1972 1480 heredi
1998 1437 2073 1491 meo,

241 1521 280 1586 τό
304 1528 471 1608 προικῷον
493 1525 636 1609 παραδῷ
660 1530 707 1608 τῷ
729 1528 923 1611 κληρονόμῳ
945 1552 1019 1611 μου,
1047 1530 1144 1611 ληγα-
1171 1531 1239 1613 lego
1267 1533 1294 1594 ei
1320 1532 1398 1594 dotis
1425 1530 1626 1610 quantitatem
1655 1538 1687 1590 et
1712 1526 1793 1607 quod
1820 1534 1867 1587 est
1888 1524 2074 1605 legitimum“

85 1637 137 1705 soi.
152 1641 203 1690 91¹.
240 1629 322 1693 τεόω
350 1631 435 1716 αὐτῇ
462 1630 522 1708 τὴν
551 1634 725 1709 ποσότητα
756 1645 814 1711 τῆς
845 1633 983 1718 προικός
1014 1635 1071 1700 καλ
1104 1633 1143 1701 τό
1172 1650 1202 1701 et
1217 1640 1358 1712 evenerit,
1378 1646 1414 1699 ut
1429 1635 1578 1717 quaedam
1593 1656 1631 1697 ex
1643 1634 1734 1696 rebus
1748 1654 1802 1714 per
1816 1652 1906 1694 usum
1924 1632 2073 1711 perierint,

240 1738 408 1818 νόμιμον“,
440 1737 496 1801 καὶ
524 1738 635 1825 συμβῇ
661 1762 739 1803 τινα
765 1750 833 1804 τῶν
857 1743 1063 1825 πραγμάτων
1088 1741 1144 1807 διά
1171 1765 1307 1825 eaquae
1330 1744 1498 1825 superarint
1520 1743 1669 1823 accipiens
1696 1741 1785 1801 heres
1812 1740 1946 1818 legatum
1968 1737 2073 1800 solvet

240 1855 298 1920 τῆς
310 1845 461 1929 χρήσεως
477 1845 687 1927 άπωλέσθαι,
704 1845 748 1910 τὰ
758 1848 1143 1933 περιλιμπανόμεναλαμ-
1808 1846 1843 1907 ir.
1862 1848 1910 1906 12.
1925 1844 1965 1907 Ι).
1977 1847 2027 1919 33,
2043 1848 2073 1905 4.

239 1949 354 2034 βάνων
377 1953 396 2014 ό
419 1952 624 2037 κληρονόμος
647 1952 761 2017 δίδωσι
787 1952 826 2019 τό
849 1957 1008 2037 ληγάτονε
1025 1995 1067 2003 -

872 2064 907 2126 fr.
926 2067 974 2126 12.
990 2065 1029 2126 D.
1047 2068 1097 2127 33.
1113 2070 1143 2128 4.

186 2171 202 2224 ’.
305 2162 379 2228 Ἐὰν
411 2163 605 2248 ὑπεξούσιος
637 2167 833 2251 ὑποδέξηται
867 2180 1000 2253 προῖκα,
1035 2172 1143 2245 καλῶς
1238 2170 1503 2235 simulamine
1526 2169 1675 2249 acceperit
1700 2167 1802 2228 dotem
1828 2173 1909 2227 recte
1935 2185 2003 2226 eam
2026 2164 2073 2225 sui

241 2271 345 2349 αὐτην
360 2272 529 2353 γινόμενος
545 2273 758 2356 αὐτεξούσιος
773 2274 939 2357 ληγατεύει
963 2282 1003 2365 τῇ
1017 2282 1143 2365 γαμετῇ
1170 2280 1244 2342 iuris
1266 2281 1365 2342 iactus
1388 2279 1470 2358 legat
1491 2275 1592 2349 uxori,
1615 2274 1754 2355 quamvis
1781 2273 1866 2335 heres
1893 2273 1988 2353 patris
2010 2291 2072 2331 uon

239 2376 304 2441 κᾶν
325 2378 369 2461 μὴ
392 2379 624 2466 κληρονομήσῇ
647 2389 709 2444 τοῦ
728 2366 806 2467 'rr-p}
823 2420 866 2431 —
1039 2386 1074 2448 ir.
1092 2389 1141 2449 13.
1170 2389 1209 2449 sit
1230 2388 1337 2449 iactus.
1966 2377 2071 2440 f1·l3·

186 2492 202 2546 ‘.
304 2483 378 2548 Ἐάν
401 2484 495 2570 παρὰ
517 2496 575 2563 τῆς
599 2488 766 2573 πενθερᾶς
791 2512 856 2572 μου
883 2499 1007 2575 προῖκα
1029 2489 1143 2577 λαβὼν
1236 2493 1270 2556 Si
1293 2514 1312 2556 a
1335 2513 1422 2555 socru
1437 2511 1506 2553 mea
1519 2490 1623 2551 dotem
1639 2486 1790 2567 accipiens
1810 2486 1837 2546 ei
1852 2485 2070 2547 restitutionem

239 2593 324 2678 αὐτῇ
347 2590 408 2669 τὴν
430 2592 633 2657 ἐπανάδοσιν
656 2595 851 2677 ὁμολογήσω
871 2596 927 2662 καλ
951 2596 1141 2678 ληγατεόσω
1169 2602 1331 2682 promisero
1353 2618 1478 2678 eamque
1501 2597 1588 2657 uxori
1610 2614 1696 2657 meae
1718 2593 1865 2673 legavero,
1887 2611 1948 2653 uon
1970 2600 2072 2673 potest

239 2696 343 2776 αὐτὴν
366 2702 407 2785 τῇ
429 2704 554 2787 γαμετῇ
576 2723 649 2782 μου,
673 2703 713 2765 οὐ
735 2702 874 2768 δύναται
898 2707 918 2781 ι’)
940 2703 1021 2785 γυνὴ
1044 2707 1142 2770 duce·
1169 2727 1246 2769 uxor
1268 2712 1378 2788 petere,
1400 2705 1459 2767 nisi
1481 2703 1622 2765 ostendat
1643 2700 1689 2763 bis
1713 2720 1780 2762 eam
1796 2697 1928 2762 voluisse
1950 2697 2025 2759 deri

239 2814 314 2886 τεῑν,
347 2810 374 2869 ελ
400 2805 444 2889 μὴ
477 2806 564 2893 δείξῇ
593 2805 644 2871 ότι
674 2808 724 2883 δλς
756 2808 860 2889 αὐτὴν
891 2809 1055 2888 ἠθέλησε1
1087 2811 1141 2875 do·
1966 2803 2002 2867 fr·
2020 2807 2070 2866 16·

239 2914 359 2990 θῆναιε
377 2951 415 2960 -
1037 2920 1072 2981 fr.
1091 2923 1140 2983 16.

161 3025 201 3088 ιζ’.
303 3017 378 3083 'Edu
400 3020 590 3101 ληγατεύσω
614 3026 655 3108 τῇ
670 3025 804 3103 γυναικί
816 3046 881 3105 μου
896 3028 926 3088 εἴ
938 3048 969 3088 τι
985 3026 1141 3109 ἠγόρασα
1235 3027 1268 3090 Si
1290 3028 1430 3107 legavero
1452 3024 1540 3086 uxori
1561 3043 1648 3085 meae
1671 3020 1817 3102 quidquid
1844 3020 1872 3080 ei
1896 3018 2070 3099 comparavi

239 3127 323 3212 αὐτῇ
345 3126 403 3190 καλ
427 3131 457 3190 εἴ
476 3150 508 3190 τι
532 3128 650 3192 δέδωκέ
673 3151 738 3211 μοι,
761 3130 921 3215 λαμβάνει
941 3130 1002 3209 τὴν
1016 3142 1141 3217 προῖκα
1168 3146 1198 3197 et
1220 3134 1368 3216 quidquid
1390 3132 1475 3194 dedit
1495 3131 1577 3205 mihi,
1600 3129 1711 3210 accipit
1732 3128 1841 3201 dotem,
1868 3126 1926 3187 nisi
1953 3134 2070 3186 contra·

238 3237 265 3295 el
287 3230 330 3314 μὴ
355 3230 394 3297 τό
418 3236 569 3298 ἐναντίον
591 3235 782 3323 ἀποδειχθῇ
804 3235 1031 3322 βουληθῇναιε
1048 3276 1090 3287 -
1167 3244 1246 3305 rium
1268 3240 1412 3323 probetur
1433 3238 1566 3303 voluisse
1589 3235 1672 3320 [me].
1914 3230 1950 3292 fr.
1968 3233 2007 3292 17
2024 3250 2069 3312 pr.

985 3346 1020 3409 fr.
1039 3350 1078 3410 17
1095 3368 1139 3428 pr.

479 3643 600 3697 τιτιιο(
619 3644 663 3711 ιν,
683 3644 815 3698 eleuter
833 3646 897 3699 ωω
1364 3642 1533 3702 omns
1551 3642 1631 3712 vm,
1649 3640 1755 3697 mm
1773 3636 1869 3695 mv
2103 3664 2120 3718 L
2134 3668 2176 3719 33·
2190 3669 2208 3719 t·
2218 3670 2243 3719 δ’

426 3769 488 3841 napi
505 3768 633 3836 ’‘⁰¹2²le
650 3767 667 3837 d
686 3767 809 3844 θ’θῡγῆε
826 3770 950 3844 λνγᾶῑῠυ·
1348 3772 1383 3826 de
1406 3771 1527 3842 optionis
1549 3769 1595 3825 vol
1618 3767 1762 3822 electionis
1783 3765 1885 3836 legtto.

295 3907 369 3973 Ἐάν
384 3907 505 3974 ἑκατόν
519 3912 672 3995 κεράμων
688 3917 781 3977 οἴνου
795 3914 989 4000 ληγατιυθῇ
1005 3914 1137 3994 ἐπιλογὴ
1233 3917 1267 3979 si
1289 3925 1409 3979 centnm
1432 3915 1646 3996 amphorarum
1664 3911 1727 3975 vini
1742 3909 1844 3990 legata
1857 3908 1948 3970 fuerit
1962 3905 2067 3968 electio

237 4015 293 4080 xci
317 4017 509 4100 ἐπιλέξωμοιι
538 4019 627 4101 όξος,
655 4021 716 4084 οὐκ
742 4022 932 4105 ἀναιρεῖταί
951 4043 1006 4103 μοι
1030 4023 1050 4098 ἡ
1074 4025 1138 4084 ἐπι·
1166 4036 1197 4087 et
1219 4024 1359 4104 elegerim
1381 4032 1509 4096 acetum,
1531 4040 1592 4082 non
1614 4018 1732 4080 tollitur
1754 4016 1827 4077 mihi
1850 4014 1965 4088 electio,
1988 4014 2015 4074 si
2035 4012 2067 4073 id

237 4122 318 4204 λογὴ
337 4129 364 4187 εἰ
386 4123 429 4207 μὴ
447 4122 526 4208 ὅπερ
550 4126 742 4209 ἐξελεξάμην
757 4122 840 4205 εἶχεν
856 4130 875 4191 ό
891 4127 1089 4210 διαθέμενος
1105 4133 1138 4192 ἐν
1165 4131 1247 4212 quod
1277 4130 1419 4211 elegerim
1449 4150 1510 4190 non
1540 4126 1697 4188 habuisset
1727 4132 1853 4185 testator
1883 4122 1915 4182 in
1942 4139 2067 4182 numero

237 4231 378 4313 άριθμῷ
406 4235 510 4295 οἴνου·
538 4232 624 4296 άλλά
650 4243 751 4297 τοῦτο
784 4231 839 4297 ότι
870 4233 913 4315 μὴ
940 4236 1139 4316 γευσάμενος
1166 4239 1241 4313 vini;
1277 4237 1331 4300 sed
1361 4236 1393 4298 id
1424 4235 1538 4319 [locum
1570 4231 1676 4315 hahet]
1708 4251 1778 4292 cum
1809 4248 1871 4290 non
1901 4227 2067 4307 degustans

237 4337 525 4420 ἐπελεξάμην-1
762 4341 798 4403 fr.
815 4345 924 4419 εεε.
949 4343 1024 4405 ευ.
1041 4347 1092 4418 εε,
1109 4347 1137 4404 5.
1165 4345 1290 4426 negem.
1690 4337 1851 4413 εεεε.
1876 4333 2065 4406 cneus

165 4451 199 4525 γ.
301 4441 376 4508 Ἐάν
398 4444 530 4526 ἐπιλογὴ
554 4445 689 4521 σκεύους
711 4447 904 4534 ληγατευθῇ
930 4470 986 4530 μοι
1015 4447 1072 4512 καὶ
1095 4486 1137 4496 -
1231 4451 1264 4514 Si
1288 4449 1394 4511 electio
1421 4447 1528 4529 scyphi
1554 4447 1655 4527 legata
1681 4443 1756 4505 mihi
1781 4442 1874 4505 fuerit
1899 4451 1930 4502 et
1957 4476 1999 4485 —
2023 4473 2065 4483 -

236 4587 609 4600 ------
640 4554 700 4617 οὐκ
727 4555 913 4618 άπόλλυτοιί
932 4577 998 4637 μου
1024 4558 1044 4633 ι’)
1072 4560 1137 4620 ἐπι·
1166 4594 1208 4603 -
1232 4592 1274 4603 -
1298 4592 1340 4603 -
1364 4592 1407 4602 -
1434 4575 1495 4616 non
1521 4552 1638 4615 tollitur
1659 4550 1733 4612 mihi
1759 4549 1878 4622 electio,
1904 4546 1963 4608 nisi
1990 4543 2066 4607 forte

236 4656 330 4739 λογὴ,
364 4662 391 4720 εἰ
417 4657 460 4739 μὴ
488 4660 558 4743 ἄρα
584 4658 642 4723 καλ
669 4665 767 4745 ἕτερα
792 4661 965 4740 γινώσκων
991 4657 1074 4726 εἶναι
1097 4667 1138 4747 τῇ
1165 4672 1197 4725 et
1218 4662 1280 4725 alia
1301 4663 1398 4725 sciens
1421 4663 1549 4724 existere
1566 4660 1645 4721 inter
1666 4664 1840 4738 praesentes
1855 4653 2000 4715 electione
2021 4649 2067 4711 fui

236 4774 303 4827 τῶν
325 4765 503 4849 παρόντων
525 4767 699 4849 ὴρκέσθην
721 4766 866 4853 ἐπιλογῇε
883 4804 924 4814 -
1058 4770 1093 4833 ir.
1108 4775 1138 4834 4.
1165 4778 1334 4833 contentus.
1984 4757 2020 4818 fr.
2035 4758 2066 4816 4.

165 4876 198 4932 δ’.
303 4870 372 4935 Καὶ
399 4880 509 4936 ταῦτα
535 4874 605 4954 μὲν,
642 4878 669 4937 εἰ
696 4875 809 4961 ἀπάτη
840 4882 902 4938 τοῦ
931 4875 1139 4961 κληρονόμου
1231 4876 1275 4938 Et
1295 4876 1372 4940 haec
1401 4874 1531 4956 quidem,
1558 4873 1622 4936 sive
1648 4869 1718 4932 dolo
1740 4868 1856 4931 heredis
1879 4866 1910 4927 id
1934 4863 2067 4926 evenerit

235 4974 336 5041 τὀῦτο
359 4982 491 5060 γέγονεν
513 4980 533 5058 ὴ
555 4991 719 5066 τυγηρωςε
736 5018 778 5029 -
1056 4983 1092 5048 fr.
1109 4988 1137 5046 5.
1166 4985 1230 5047 sive
1253 4993 1340 5046 sorte.
1984 4970 2020 5032 ff·
2037 4973 2066 5031 5·

146 5092 198 5146 ιε’.
300 5081 374 5148 Ἐάν
397 5086 616 5170 ἐπιλέξηταιό
636 5087 848 5170 ληγατάριος,
873 5088 980 5152 οὐκέτι
998 5088 1137 5155 δύναται
1232 5090 1267 5153 Si
1288 5090 1413 5171 elegerit
1426 5087 1599 5168 legatarius,
1621 5105 1682 5146 non
1698 5081 1829 5163 amplius
1848 5086 1949 5161 potest
1962 5076 2066 5157 poeni·
2115 5128 2117 5131 .

234 5191 490 5273 μῑΐαμδλόμῑνθς
513 5198 626 5279 ἕτερον
648 5194 875 5276 ἐπιλέγεσθαι·
903 5192 974 5277 άμα
1000 5193 1066 5279 γὰρ
1090 5201 1137 5279 τῷ
1165 5198 1261 5259 tentia
1282 5197 1391 5259 ductus
1414 5195 1498 5257 aliud
1520 5192 1642 5273 eligere;
1671 5190 1773 5251 statim
1795 5187 1874 5250 enim
1897 5204 1967 5245 cum
1990 5181 2067 5243 dixit

235 5301 333 5360 εἰπεῖν
370 5309 428 5376 της
466 5286 659 5375 δεσποτείας
697 5302 801 5365 αὐτοῦ
837 5301 962 5382 γίνεται
1000 5299 1040 5366 τό
1072 5302 1138 5367 ἐπι·
1165 5305 1229 5366 eius
1251 5304 1365 5366 factum
1387 5314 1433 5366 est
1455 5300 1535 5383 quod
1557 5298 1654 5378 elegit
1961 5289 1997 5351 fr·
2013 5290 2064 5351 20·

234 5403 335 5484 λεγένι
352 5402 415 5452 -i
1033 5410 1069 5473 fr,
1086 5414 1137 5473 20,

144 5518 197 5572 ια’.
299 5508 372 5574 Ἐάν
395 5511 586 5594 ληγατεύσω
610 5536 663 5578 σοι
696 5514 813 5578 δίσκου
835 5514 988 5596 ἐπιλογῇν
1009 5515 1047 5580 ἐκ
1069 5527 1137 5580 τῶν
1231 5517 1264 5579 Si
1286 5516 1426 5598 legavero
1445 5516 1499 5578 tibi
1521 5512 1654 5576 lancium
1671 5506 1846 5570 electionem
1863 5525 1903 5567 ex
1923 5502 2064 5583 hisquae

234 5618 341 5680 όντων
377 5618 413 5682 ἐν
449 5624 557 5704 καιρῷ
595 5621 744 5697 τελευτῆς
780 5644 845 5703 μου
881 5622 1060 5707 λαμβάνεις
1097 5620 1136 5686 ὃν
1164 5626 1224 5686 sint
1250 5633 1386 5705 tempore
1412 5623 1517 5684 mortis
1544 5638 1629 5682 meae
1658 5615 1769 5695 accipis
1795 5632 1871 5686 0⁸³¹,
1894 5629 1986 5690 (imm
2007 5609 2063 5673 Vl&

234 5722 371 5809 [θέλεις]
396 5726 431 5809 ἐξ
454 5727 579 5790 αὐτοις
595 5763 638 5776 -
1031 5730 1066 5792 fr.
1084 5734 1134 5792 22,
1960 5716 1996 5777 fr,
2012 5719 2063 5778 22,

234 5905 446 5914 —————-

306 6026 444 6098 ¹supple:
464 6025 479 6081 ὁ
497 6025 666 6098 διαθέμενος.
705 6027 820 6084 'habat
837 6027 903 6100 Syn.
940 6027 1055 6085 'habet
1067 6027 1133 6100 Sym
