4978 7018
393 486 432 548 12
834 481 995 548 INDEX
1018 479 1117 549 CUM
1139 479 1237 548 DEO
1260 480 1326 547 1v¹
1347 477 1478 547 'I'OML
1522 476 1678 546 LIBER
1699 475 1770 542 LX.
1902 509 1904 519 υ

271 741 293 775 τ.
307 719 350 793 ιβ.
455 675 635 793 πκλοπήςε
1383 716 1421 777 ds
1443 715 1533 777 furto.
2254 715 2273 766 t.
2290 716 2330 766 12.

271 848 293 881 r.
306 828 351 902 ιγ.
453 824 512 887 ἐάν
534 845 584 898 τις
606 827 640 886 ίν
663 822 814 910 διαθήκη
836 822 1012 909 ἐλεύθερος
1026 819 1108 899 εἶναι
1124 824 1290 911 κελευσθῇ
1383 822 1409 884 si
1438 822 1506 903 quis
1533 821 1566 882 in
1595 828 1776 883 testamento
1802 819 1878 882 liber
1904 838 1969 881 esse
1995 818 2095 880 iussus
2122 817 2162 880 sit
2189 826 2219 878 et
2254 822 2274 873 t.
2288 824 2328 873 18.

385 929 442 994 καί
465 927 548 1013 μετὰ
575 930 735 994 θάνατον
761 938 823 994 τοῦ
844 930 1010 995 δεσπότου
1036 929 1102 1017 πρὸ
1125 941 1184 1008 της
1206 932 1290 995 ὑπει-
1317 938 1386 1010 post
1408 938 1535 990 mortem
1557 928 1672 990 domini
1695 936 1766 989 ante
1785 926 1946 988 aditionem
1968 923 2144 987 hereditatis
2166 924 2219 985 ali·

387 1035 562 1111 asturicense
594 1047 652 1114 τής
683 1036 905 1122 κληρονομίας
936 1038 1135 1125 ὑφαρπάξαι
1168 1037 1188 1115 ή
1221 1037 1290 1101 δια·
1318 1036 1390 1119 quid
1413 1035 1592 1116 surripuisse
1614 1043 1669 1096 aut
1690 1034 1858 1114 corrupisse
1881 1033 2006 1095 dicatur.

386 1144 536 1231 φθεῖραί
555 1167 587 1208 τι
606 1143 747 1225 λέγεταιε
766 1181 811 1193 -

272 1326 294 1361 1·
307 1304 350 1360 ιδ·
452 1263 621 1381 πκλοπής
642 1301 732 1368 κατά
750 1315 817 1368 τῶν
831 1305 988 1382 καπήλων
1009 1303 1067 1368 καὶ
1090 1305 1290 1382 πανδοχέων.
1384 1303 1423 1364 de
1444 1302 1526 1364 firrto
1549 1311 1654 1364 contra
1676 1320 1827 1382 caupones
1850 1308 1881 1362 et
1903 1298 2092 1362 stabularios.

274 1450 297 1483 τ·
311 1430 351 1484 d·
452 1425 527 1493 Ἐάν
549 1428 702 1516 φαμηλία
724 1427 850 1506 κλοπήν
872 1434 1080 1506 πεποιηκέναι
1104 1430 1245 1512 λέγηται.
1385 1427 1418 1490 Si
1440 1427 1558 1489 familis
1579 1427 1693 1488 furtum
1715 1425 1821 1487 fecisse
1843 1424 1970 1487 dicatur.

239 1536 351 1680 1οίίέ
454 1604 1289 1694 περὶδίνδρωντῶνφανερῶςήλάθροιτμηθίντων.
1384 1605 1422 1666 de
1445 1605 1604 1667 arboribus
1626 1603 1730 1686 palam
1752 1603 1801 1667 vel
1823 1602 1903 1665 clam
1926 1603 2031 1664 caesis.

274 1776 351 1838 ct(-
454 1726 477 1831 ίτ
513 1764 575 1852 βία
611 1768 819 1852 πραγμάτων
863 1770 1081 1853 άρπαγίντων
1118 1767 1175 1831 καί
1218 1766 1290 1853 περὶ
1385 1765 1422 1826 de
1445 1766 1534 1827 rebus
1560 1765 1591 1827 vi
1617 1764 1713 1846 raptis
1740 1773 1772 1826 et
1793 1763 1832 1825 ds
1858 1762 1948 1826 turba
1975 1762 2024 1826 vel
2051 1763 2090 1824 de
2116 1764 2148 1826 vi
2175 1783 2221 1824 ar·
2270 1808 2276 1820 .
2323 1808 2329 1820 .

388 1926 598 2008 όγλαγωγίας
620 1926 640 2004 ή
664 1887 686 1991 π
708 1927 786 2014 βίας
807 1929 954 1992 ἐνόπλου.
1319 1882 1410 1935 mm

273 2095 352 2162 ccq‘.
453 2086 505 2149 Ἐκ
531 2094 592 2149 τοῦ
613 2088 717 2169 νόμου
745 2096 807 2152 τοῦ
829 2088 954 2151 ίουλιόυ
977 2048 999 2152 ir
1025 2088 1103 2173 βίας
1130 2088 1292 2171 δημοσίας
1364 2086 1393 2147 Ε
1415 2086 1482 2167 legs
1504 2084 1587 2160 iulia,
1610 2086 1648 2147 de
1671 2086 1701 2147 vi
1723 2083 1848 2167 publica
1869 2093 1900 2145 et
1921 2084 2052 2164 privata

389 2190 447 2255 καλ
472 2192 646 2270 ίδιωτικής.

266 2327 289 2361 τ.
302 2307 353 2360 ον’.
457 2298 531 2385 περὶ
551 2300 778 2382 μετοικήσεως.
1386 2298 1424 2360 de
1448 2299 1664 2379 deportatione.

286 2486 309 2520 1.
321 2467 354 2520 d.
457 2418 480 2523 ίτ
503 2463 696 2545 ἐμπρησμοῦ
717 2459 775 2524 καί
797 2462 1050 2535 καταπτῶσεως.
1386 2459 1425 2521 de
1446 2460 1585 2521 incendio
1607 2467 1638 2521 et
1659 2460 1757 2521 ruina.
2259 2466 2277 2516 t.
2290 2465 2329 2514 20.

268 2647 290 2681 ι.
303 2626 355 2679 ια’.
458 2579 481 2684 π
504 2616 632 2706 ὕβρεων
652 2619 710 2684 καί
733 2621 908 2708 φλυαριῶν
926 2622 1067 2706 χάρτου.
1387 2620 1426 2680 de
1447 2619 1563 2681 iniuriis
1585 2627 1617 2680 et
1637 2618 1749 2680 libellis
1771 2618 1903 2680 famosis.
2260 2625 2277 2675 t.
2290 2625 2329 2675 ἐι.

271 2806 292 2840 ι.
305 2784 354 2858 κβ.
458 2740 481 2843 π
503 2781 662 2844 ἀτάκτων
684 2781 873 2861 ἐγκλήσεων.
1387 2781 1426 2841 de
1448 2778 1626 2841 inordinatis
1648 2780 1899 2842 accusationibus.
2260 2786 2277 2836 t.
2289 2786 2327 2834 εν.

278 2966 300 3000 ι.
313 2965 355 3018 ιγ.
453 2900 476 3003 ίι
513 2940 749 3027 καταφθορᾶς
785 2941 965 3023 μνημάτων
1008 2942 1081 3018 ήτοι
1127 2941 1295 3027 ἐνταφίων
1387 2941 1426 3002 de
1448 2939 1610 3003 violatione
1632 2940 1836 3019 sepulcrorum
1860 2960 1913 3002 ssu
1938 2939 2134 3020 reliquiarum
2157 2958 2226 3000 oon·
2260 2946 2276 2995 λ.
2289 2945 2327 2995 ss.

391 3047 568 3133 λειψάνων.
1321 3048 1460 3109 diturum.

274 3232 296 3265 τ.
309 3211 355 3266 τί.
459 3165 482 3270 ir
504 3205 687 3271 άπελατῶν.
1389 3206 1427 3269 de
1449 3206 1572 3285 abigeis.
2258 3211 2324 3261 tut.

274 3391 296 3425 τ.
309 3371 357 3434 κζ.
459 3326 483 3430 π
505 3366 704 3444 ὑποδογέων.
1388 3367 1426 3429 de
1448 3366 1694 3448 receptatoribus.
2256 3372 2273 3422 t.
2285 3370 2320 3420 2⁷.

271 3531 356 3599 ι.κη’.
460 3485 483 3589 ir
506 3536 574 3589 τῶν
596 3529 632 3589 ἐκ
655 3525 816 3613 φυλακῶν
838 3525 1117 3611 άποδρασάντων.
1389 3527 1427 3589 de
1449 3528 1486 3588 iis
1508 3528 1561 3607 qui
1583 3546 1622 3587 ex
1644 3525 1786 3588 custodiis
1809 3526 1960 3606 fugemnt,
2252 3530 2314 3580 stt.

290 3691 357 3745 ιλ.
456 3644 481 3749 τί
502 3687 635 3767 άγωγής
656 3681 747 3748 κατά
770 3688 950 3771 περιέργων
972 3687 1045 3763 ήτοι
1064 3688 1294 3771 κακοτρόπων.
1389 3686 1568 3748 deuotione
1591 3696 1697 3748 contra
1719 3685 1841 3766 eosqui
1863 3693 1967 3767 turpes
1990 3706 2087 3748 mores
2110 3696 2216 3766 genunt
2248 3689 2313 3739 λλθ·

273 3851 359 3905 ctat
460 3803 483 3909 π
507 3842 590 3930 ὅρου
612 3845 887 3922 άποκινηθέντος.
1390 3847 1576 3909 determino
1598 3854 1688 3908 moto.
2254 3851 2270 3900 t.
2281 3850 2320 3899 tl.

274 4031 296 4065 τ.
308 4011 358 4085 λγ.
461 3964 485 4069 π
507 4004 675 4087 δημοσίων
698 4006 930 4090 δικαστηρίων.
1390 4007 1429 4068 de
1450 4005 1580 4089 publicis
1601 4007 1726 4069 iudiciis.
2260 4009 2327 4060 λλλ.

276 4191 297 4224 ι.
310 4169 358 4224 λό’.
461 4123 484 4229 π
506 4176 718 4250 κατηγοριῶν
739 4163 797 4230 καὶ
819 4166 1040 4249 ἐπιτιμήσεως.
1391 4167 1429 4229 de
1450 4168 1692 4230 accusationibus
1715 4175 1746 4230 et
1767 4167 1901 4230 infamia
2263 4171 2280 4221 λ.
2294 4170 2333 4220 34.

277 4352 299 4385 τ.
312 4330 358 4384 λί.
461 4284 484 4389 π
513 4325 663 4413 φυλακῆς
685 4323 742 4389 καί
766 4327 1010 4411 παραστάσεως
1033 4325 1237 4390 ὑπευθύνων.
1389 4328 1429 4389 de
1450 4327 1588 4390 custodia
1609 4338 1640 4390 et
1661 4327 1845 4390 exhibitione
1866 4347 1994 4389 reorum.
2263 4329 2284 4382 ι’.
2296 4331 2334 4382 st.

271 4475 295 4509 τ.
308 4455 358 4519 λς.
461 4450 561 4531 νόμος
584 4448 710 4512 ίουλίου
731 4447 822 4514 κατά
844 4460 911 4514 τῶν
933 4449 1123 4535 ἐπιβούλων.
1390 4452 1458 4513 Lex
1480 4451 1553 4514 Iulii
1576 4461 1681 4515 contra
1702 4452 1916 4515 coniuratores.
2267 4457 2284 4507 t.
2297 4457 2335 4506 tt.

278 4635 300 4669 τ.
313 4614 359 4679 λζ.
461 4610 562 4690 νόμος
587 4608 713 4673 ίουλίου
740 4569 763 4672 ri
787 4619 856 4673 τῶν
880 4614 917 4673 ἐκ
942 4611 1074 4692 μοιχεία
1100 4615 1297 4695 ἐνεχομένων
1390 4612 1459 4674 Lex
1480 4612 1552 4674 Iulii
1574 4613 1612 4674 de
1634 4613 1670 4674 iis
1693 4613 1746 4693 qui
1769 4613 1799 4673 in
1823 4612 1971 4674 adulterio
1985 4612 2096 4673 retenti
2112 4619 2183 4673 sunt
2197 4622 2231 4674 et
2267 4618 2285 4667 λ.
2298 4615 2338 4666 λλ·

395 4765 452 4831 καί
475 4727 498 4832 ίτ
522 4770 666 4855 φθοράς
688 4769 872 4854 παρθένων
893 4768 951 4833 καί
971 4781 1094 4855 γηρῶν.
1324 4717 1363 4780 de
1385 4719 1577 4799 ⁰⁰m¹pfi⁰n⁰
1599 4720 1750 4799 virginum
1773 4726 1804 4780 et
1826 4720 1996 4782 viduarum·

275 4955 298 4989 t.
311 4934 359 5003 λη.
462 4887 485 4992 it
509 4937 570 4992 τοῦ
591 4925 635 5010 μή
658 4924 741 4991 εἶναι
764 4927 1016 5014 πορνοβοσκοὺς
1031 4934 1064 4994 ἐν
1078 4930 1190 5014 μηδενί
1206 4934 1297 5014 τόπῳ
1391 4931 1441 4993 Ne
1456 4932 1518 4995 sint
1536 4931 1658 4994 lenones
1673 4931 1705 4993 in
1720 4931 1784 4994 ullo
1799 4932 1866 4994 loco
1880 4951 2072 4993 romanorum
2088 4932 2233 4995 civitatis.
2270 4940 2288 4990 t.
2301 4938 2342 4990 ³8.

396 5045 454 5111 τής
478 5034 634 5120 ῥωμαίων
657 5035 832 5109 πολιτείας.

267 5221 289 5255 τ.
302 5200 359 5255 λῶ.
463 5195 563 5276 νόμος
590 5194 758 5279 κορνὲλιος
786 5154 1004 5282 πφονευτῶν
1029 5195 1086 5260 καί
1110 5209 1299 5284 φαρμακῶν
1392 5198 1460 5260 Lex
1482 5197 1622 5261 Cornelia
1644 5197 1682 5260 de
1701 5199 1817 5260 sicariis
1841 5208 1871 5260 et
1894 5197 2034 5262 veneficis
2060 5208 2092 5260 st
2114 5199 2233 5262 mathe-
2271 5209 2290 5258 t.
2303 5209 2344 5259 ss.

395 5299 452 5364 καί
475 5301 726 5383 μαθηματικῶν
747 5300 805 5365 καλ
827 5312 895 5365 τῶν
917 5304 1049 5385 ὁμοίων.
1327 5305 1444 5367 maticis
1465 5314 1496 5368 st
1518 5304 1673 5368 similibus.

285 5487 308 5521 τ.
320 5468 358 5538 μ’.
464 5461 564 5543 νόμος
587 5464 753 5544 πομπηίου
775 5422 799 5526 π
822 5464 1064 5547 πατροκτόνου.
1392 5465 1460 5526 Lex
1482 5463 1620 5545 Pompeii
1642 5465 1680 5526 de
1702 5465 1862 5545 parricida
1953 5516 1955 5521 .
2273 5476 2291 5526 t.
2304 5476 2345 5525 40.

268 5646 291 5680 τ.
303 5625 360 5697 μα’.
463 5620 564 5703 νόμος
592 5621 763 5706 κορνελίου
789 5582 812 5687 π
840 5621 999 5687 πλαστῶν
1024 5620 1082 5686 καί
1115 5622 1301 5704 συγκλήτου
1393 5624 1462 5685 Lex
1484 5623 1615 5687 Cornelii
1638 5625 1676 5686 de
1699 5625 1784 5687 falsis
1806 5633 1838 5686 et
1852 5625 1913 5706 (da)
1928 5625 2059 5688 Senatus
2075 5625 2233 5689 consultis.
2274 5636 2292 5687 t.
2306 5637 2346 5686 λι.

399 5726 651 5808 θεσπισμάτων.

275 5913 297 5947 τ.
309 5890 363 5965 μβ.
467 5845 490 5949 ir
513 5884 644 5950 τούτων
659 5887 692 5970 ἐξ
708 5883 754 5950 ὧν
769 5884 813 5951 τά
836 5888 1149 5975 ἐγκαταλειφθέντα
1171 5856 1301 5970 ληγάτα
1394 5890 1432 5952 de
1455 5891 1499 5967 iis,
1523 5911 1543 5951 a
1558 5889 1669 5971 quibus
1683 5891 1790 5954 relicta
1811 5890 1915 5971 legata
1929 5892 1978 5956 vel
1992 5891 2173 5955 hereditates
2196 5903 2235 5956 ut
2274 5904 2292 5954 t.
2306 5904 2347 5953 42.

400 5990 420 6069 ή
443 5991 659 6079 κληρονομίαι
683 5995 727 6067 ὡς
749 5994 897 6077 ἀναξίων
919 5996 1157 6082 ἀφαιροῦνται.
1327 5994 1458 6076 indignis
1481 5995 1666 6058 auferuntur.
