4680 7114
97 580 124 634 ε’.

786 383 1128 455 BASILICORUM
1154 381 1309 450 Llssnss
1335 384 1361 450 L
1925 389 1987 453 173

226 569 322 647 Μήτι
347 566 495 652 μοναχδς
521 568 602 651 μήτε
633 569 742 653 ἐτερός
774 589 824 643 τις
851 573 885 632 ἐν
912 568 1059 652 δημοσίῳ
1153 566 1261 647 Neque
1276 567 1442 629 monachus
1457 566 1722 649 nequealiusquie
1737 568 1770 630 in
1784 568 1850 632 loco
1866 570 1987 651 publico

157 678 249 759 τόπῳ
272 676 292 755 i>
308 681 343 740 tc
357 667 385 759 ᾧ
399 676 470 740 θέα
485 676 674 741 ἐπιτελεῖται
692 674 841 760 σταυρὸν
860 676 1059 763 ἐπιβαλλέτω
1087 672 1258 754 velinque
1274 674 1480 755 spectaculum
1496 674 1666 738 celebratur
1681 697 1799 739 crucem
1815 677 1924 740 inferta
1939 679 1987 742 vel

158 782 178 860 δ
201 783 364 870 λείψανον
386 780 508 864 άγίου.1
1087 779 1229 860 reliquias
1244 782 1342 844 sancti
1356 782 1543 862 cuiusquam.
1566 782 1665 864 (Thai
1673 784 1766 846 index
1774 783 1988 871 ood.1‚3,2o.)

91 902 122 965 η,
225 888 352 967 Μηδεὶς
375 894 409 953 ὲν
431 889 545 977 ἐδάφη
569 889 589 967 η
616 890 732 978 pomp
756 890 846 973 λίθῳ
874 890 895 968 ἢ
922 896 956 956 tv
976 914 1059 977 μηρ.
1153 886 1253 948 Nemo
1275 887 1307 948 in
1331 888 1395 950 eolo
1417 888 1466 952 vel
1488 889 1520 950 in
1543 889 1644 970 lapide
1669 891 1776 953 molari
1791 891 1840 954 vel
1861 892 1894 954 in
1911 913 1988 955 mar·

157 997 253 1081 μάρῳ
276 996 426 1084 ἐδαφικῴ
455 997 642 1084 ἐγηλυφέτω
669 997 690 1074 ἢ
716 1001 876 1085 γραφέτω
902 998 1059 1084 σταυρὸν,
1087 1013 1188 1056 mereo
1210 994 1275 1056 solo
1297 995 1416 1076 sculpat
1438 994 1486 1058 vel
1508 995 1616 1078 pingat
1637 1018 1763 1073 cnroem,
1787 999 1840 1061 sed
1858 1000 1915 1062 hoo
1932 1000 1988 1062 tol·

157 1100 243 1167 άλλά
270 1103 525 1188 περιαιρείσθω,
553 1102 614 1181 τὴν
639 1104 835 1191 βαρυτάτην
861 1113 922 1169 τοῦ
954 1128 1060 1191 παρα·
1087 1099 1180 1175 latur,
1207 1102 1387 1182 groviccimt
1413 1102 1453 1176 θῑ,
1480 1104 1534 1183 qui
1560 1104 1635 1167 hoco
1661 1114 1866 1186 irsssstgretfluc
1890 1106 1987 1182 fuerit

156 1208 336 1295 βαίνοντος
359 1210 586 1297 ὑφισταμένου
609 1208 750 1289 ποινήν.1
1086 1206 1262 1270 imminente
1284 1228 1392 1290 poena
1548 1211 1647 1291 (ibat
1662 1211 1755 1275 index
1769 1213 1843 1276 Ood.
1858 1212 1884 1288 Ι,
1901 1216 1930 1289 8,
1949 1216 1987 1293 1.)

94 1330 121 1392 ζ’.
225 1315 350 1395 Μηδεὶς
377 1312 467 1401 ληπαρ
493 1315 551 1382 καὶ
578 1322 705 1401 ἐμκατα
730 1319 898 1403 καθορῶν
924 1320 1059 1400 ζητείτω
1152 1315 1251 1378 Nemo
1273 1315 1358 1378 iecur
1379 1326 1411 1378 et
1432 1326 1503 1380 exto
1529 1319 1693 1399 spectando
1715 1320 1753 1383 de
1779 1319 1888 1382 futuris
1915 1340 1988 1401 qua

156 1421 201 1489 τά
227 1425 389 1507 μέλλοντα
415 1423 476 1501 την
503 1428 538 1488 ἐκ
565 1436 623 1502 τῆς
651 1427 870 1510 σταυρώσεως
897 1428 1060 1512 τιμωρίαν
1087 1430 1312 1502 01¹²me
1335 1424 1486 1486 cruciatu!
1509 1426 1683 1506 wopioionc·

156 1529 332 1613 νησιισιν
1537 1531 1988 1609 πεπίστευνται.)

106 1652 121 1705 2
226 1675 993 1688 ------------
1001 1639 1015 1678 ⁴
1153 1635 1251 1715 (run
1266 1636 1356 1699 nea
1372 1636 1447 1700 coc
1461 1638 1487 1712 1,
1506 1638 1555 1713 11,
1572 1642 1612 1719 3.)

115 1798 121 1811 ‚
225 1783 994 1795 ------------
1002 1746 1015 1785 ε
1153 1742 1616 1828 mmmmm

96 1864 121 1917 ι’.
229 1848 280 1916 Τά
303 1850 376 1935 ἱερά
398 1855 511 1918 πάντα
533 1857 580 1935 τῷ
603 1854 749 1936 δημοσίῳ
773 1853 861 1936 ίητῷ
882 1853 1059 1941 βασιλικὴν
1153 1848 1293 1912 Delubra
1314 1861 1425 1913 cuncta
1447 1852 1487 1912 ad
1501 1852 1607 1915 fiscum
1625 1852 1675 1916 vei
1690 1853 1730 1916 ad
1745 1874 1823 1928 eum,
1846 1856 1898 1936 qui
1912 1856 1988 1919 eius-

156 1957 204 2022 en’
230 1959 345 2033 αὐτοῖς
372 1960 521 2046 enm„
552 1958 679 2044 amputa
702 1960 900 2048 διαφερέτω,
929 1972 987 2039 της
1010 1967 1058 2026 gx.
1086 1955 1167 2017 modi
1199 1956 1393 2019 donationem
1426 1977 1445 2019 a
1480 1959 1617 2040 principe
1649 1962 1771 2035 meruit,
1808 1963 1987 2043 pertineant,

155 2065 294 2141 κλησιάς
316 2063 360 2130 τά
383 2071 642 2152 ἐπιτετραμμένα
664 2066 913 2146 διεκδικούσης.“
1086 2062 1215 2125 ecclesia
1236 2064 1410 2127 vindicante
1432 2085 1470 2127 ea
1491 2085 1569 2146 quae
1590 2068 1618 2128 ei
1640 2067 1825 2131 demandata
1846 2080 1925 2132 sunt

1524 2174 1623 2256 (Tbel.
1638 2174 1730 2236 index
1745 2173 1819 2237 (iod
1835 2175 1861 2250 I,
1879 2179 1929 2253 11,
1946 2177 1987 2259 5.)

77 2292 120 2346 ια’.
219 2278 469 2361 Ἡσυχάζοντας
479 2278 557 2356 τοὺς
572 2282 740 2357 ίουδαίους
755 2280 813 2347 ἐάν
822 2284 855 2346 οἰ
866 2280 1059 2366 χριστιανοὶ
1153 2277 1282 2340 Iudaeos
1304 2280 1405 2360 quiete
1420 2279 1562 2361 degentes
1578 2281 1603 2343 si
1619 2280 1784 2343 Christiani
1799 2284 1988 2348 tonbavcrint

78 2824 119 2899 ιβ.

77 3361 120 3435 ιη).

79 3467 121 3524 ιδ’.

157 2385 379 2472 θορυβήσωσι
403 2386 459 2452 καί
484 2388 730 2473 διαρπάσωσιν,
754 2393 798 2464 είς
821 2387 860 2453 τὸ
884 2388 1060 2454 διπλάσιον
1086 2403 1248 2466 corumque
1269 2386 1350 2449 bona
1372 2387 1558 2468 diripuerint,
1586 2388 1618 2449 in
1640 2387 1768 2470 duplum
1790 2391 1988 2454 condemnen-

155 2492 519 2575 καταδικαζὲσθωσαν·
543 2498 783 2581 παραπλησίως
801 2507 868 2560 τῶν
883 2498 1059 2581 ἀρχόντων
1086 2500 1144 2567 tur,
1171 2492 1360 2574 praesidibus
1387 2503 1418 2557 et
1445 2494 1626 2557 officialibus
1650 2503 1681 2556 et
1703 2495 1934 2578 principalibus,
1962 2499 1988 2560 si

155 2598 212 2663 καλ
235 2600 410 2684 ταξεωτῶν
436 2601 493 2666 καλ
517 2605 754 2688 πρωτευόντων
775 2602 818 2686 μὴ
842 2602 1058 2667 ἐκδικούντων
1086 2599 1162 2661 tolio
1192 2620 1253 2662 non
1285 2600 1506 2664 vindicaverint
1537 2601 1586 2665 vel
1617 2603 1820 2683 permiserint,
1853 2603 1989 2666 similiter

156 2705 176 2783 λ)
199 2710 440 2792 ἐπιτρεπόντων
462 2708 737 2794 τιμωρουμένων.7
1086 2706 1254 2786 puniendis.
1526 2709 1624 2789 (Thal.
1640 2709 1732 2771 index
1748 2708 1822 2771 (iod.
1838 2710 1864 2784 Ι,
1882 2713 1931 2784 11,
1949 2712 1989 2792 6.)

219 2813 252 2878 Ὁ
289 2812 383 2899 παρὰ
420 2813 465 2880 τά
501 2816 702 2903 διωρισμένα
735 2816 849 2891 θύσας
886 2815 958 2899 άμα
988 2826 1059 2893 τοῖς
1153 2813 1215 2890 Qui
1238 2823 1345 2876 contra
1366 2823 1482 2877 statuta
1505 2815 1654 2878 sacrificia
1675 2817 1818 2891 exercuit,
1841 2836 1988 2879 unacum

154 2922 399 2998 κοινωνήσασα
425 2921 446 3000 δ
473 2923 771 3009 δπηρετησαμίνοις
798 2923 974 3007 δημευθελς
998 2922 1059 3002 τὴν
1086 2920 1211 2982 consciis
1234 2929 1265 2983 et
1286 2921 1430 2983 ministris
1453 2922 1541 2986 bonis
1564 2923 1733 2986 confiscatis
1755 2923 1897 2986 ultimum
1919 2944 1989 3006 sup·

155 3028 302 3105 ἐσχάτην
328 3029 512 3113 ὑπομενέτω
541 3032 671 3108 ποινήν·
699 3039 761 3095 τοῦ
786 3032 953 3113 ἄρχοντος
976 3028 1059 3114 μετὰ
1085 3025 1208 3107 plicium
1226 3027 1340 3102 subeat,
1363 3027 1502 3109 praeside
1523 3039 1594 3112 post
1611 3030 1832 3094 convictionem
1847 3051 1909 3092 non
1924 3030 1989 3094 vin-

156 3135 324 3218 άπόδειξιν
352 3136 590 3219 ῥαθυμοῠντος
616 3136 674 3201 καί
701 3149 759 3215 τῆς
786 3139 910 3222 τάξεως
937 3134 1004 3202 dcci
1031 3140 1058 3201 ν’
1086 3134 1208 3196 dicente
1230 3142 1261 3196 et
1283 3135 1382 3198 officio
1405 3136 1434 3196 L
1455 3136 1548 3199 libras
1570 3137 1710 3200 illatoris.

155 3242 440 3329 καταβαλλόντων
461 3243 602 3330 λίτρας.8
1528 3245 1627 3325 (Thai
1641 3245 1734 3307 index
1749 3243 1823 3306 eod.
1839 3244 1864 3320 Ι,
1883 3247 1932 3319 11,
1949 3248 1989 3325 8.)

224 3340 266 3396 ’-
289 3384 994 3400 -----------
1002 3349 1016 3388 ⁹
1153 3347 1614 3432 (thatindexood.1,11,8.)

226 3457 408 3534 Ζητοῦντες
434 3457 521 3522 καθ’
551 3455 688 3533 ἐαυτοδς
719 3457 739 3535 λ)
771 3456 865 3542 παρά
896 3469 965 3522 τῶν
995 3463 1059 3522 ἐπι·
1152 3454 1311 3517 Praesides
1340 3477 1396 3537 per
1427 3468 1522 3520 semet
1551 3459 1633 3539 ipsos
1665 3457 1843 3539 perquirant
1869 3459 1919 3522 vei
1949 3458 1988 3521 eb

156 3564 292 3628 σκόπων
319 3565 554 3645 μανθάνοντες
584 3565 803 3629 κωλυέτωσαν
835 3567 868 3628 οἱ
898 3566 1060 3648 ἄρχοντες
1086 3562 1232 3642 episcopis
1255 3562 1395 3626 certiores
1417 3564 1490 3627 faeti
1517 3564 1698 3645 prohibeant
1724 3580 1920 3646 paganorum
1936 3566 1989 3627 im-

156 3668 201 3736 τά
223 3669 318 3756 παρά
339 3682 407 3735 τῶν
429 3671 578 3752 ἑλληνων,
601 3670 658 3736 καλ
681 3672 839 3754 γενόμενα
860 3670 895 3735 δέ
913 3673 1059 3755 τιμωρεί-
1086 3669 1228 3750 pietates,
1254 3679 1286 3731 et
1311 3671 1487 3733 commissas
1515 3672 1657 3753 puniant,
1688 3671 1750 3746 vel,
1778 3673 1804 3734 si
1831 3683 1988 3753 nequeant,

157 3799 272 3841 τωσαν
298 3778 318 3855 i>
345 3776 389 3860 μὴ
417 3777 589 3861 δυνάμενοι
616 3781 844 3861 μηνυέτωσαν,
873 3777 930 3842 καλ
958 3800 1060 3863 προσ·
1087 3775 1127 3837 ad
1149 3776 1313 3857 principem
1335 3776 1475 3853 referant,
1502 3786 1533 3840 et
1553 3798 1752 3861 quaecunque
1773 3781 1901 3860 paganis
1923 3800 1989 3862 per·

156 3883 375 3968 κυροότωσαν
390 3881 457 3949 όσα
472 3887 664 3970 προσώποις
683 3886 861 3962 ἐλληνικοῖς
876 3884 1058 3969 δεδώρηται
1086 3883 1168 3944 sonis
1195 3881 1309 3945 donata
1334 3883 1384 3946 vel
1411 3884 1518 3947 relicta
1544 3895 1616 3947 sunt
1637 3888 1793 3950 civitatum
1821 3887 1877 3949 iuri
1905 3888 1989 3950 adiu·

156 3989 177 4068 δ
199 3991 450 4056 καταλέλειπται
467 4001 537 4067 τοῖς
552 3992 733 4067 πολιτικοῖς
749 3991 902 4067 δικαίοις·
926 3994 1061 4057 πάντων
1087 3989 1195 4064 dicent,
1219 3990 1335 4052 cunetis
1357 4010 1436 4071 quae
1458 4003 1615 4073 praeterea
1636 3993 1669 4054 in
1691 4014 1742 4056 eos
1760 3993 1810 4057 vei
1825 4014 1880 4075 pro
1897 3994 1989 4057 eccle

157 4094 224 4163 όσα
253 4097 329 4163 κατ’
362 4100 474 4163 αὐτῶν
503 4097 523 4176 ί)
554 4100 634 4183 ὑπὲρ
667 4110 734 4163 τῶν
768 4100 948 4176 ἐκκλησιῶν
981 4121 1061 4182 προ·
1088 4096 1139 4158 siis
1162 4097 1336 4159 introducta
1358 4106 1430 4160 sunt
1451 4099 1590 4161 valituris
1612 4109 1644 4162 et
1666 4101 1774 4163 exinde
1797 4100 1989 4163 confirmatis.

157 4206 375 4283 εισενήνεκται
394 4208 518 4290 κυρίων
538 4208 644 4271 ὄντων
661 4204 718 4270 καλ
740 4207 895 4271 ἐντεῦθεν
908 4206 1061 4293 βεβαιου·
1530 4206 1628 4286 (Thab
1643 4206 1735 4269 index
1749 4207 1824 4270 (iod.
1838 4208 1864 4283 1,
1883 4210 1932 4283 11,
1950 4210 1990 4288 9.)

157 4310 302 4395 μένων.10

103 4430 120 4485 ’.
217 4415 309 4484 Ὅσοι
341 4417 424 4503 μετά
455 4418 495 4485 τὸ
533 4418 632 4501 άμιον
666 4418 843 4505 βάπτισμα
873 4419 1060 4501 ηλλήνισαν,
1155 4418 1217 4495 Qui
1243 4426 1313 4499 post
1340 4427 1478 4481 sanetum
1504 4418 1659 4501 baptisma
1684 4441 1823 4502 paganae
1850 4423 1989 4503 supersti-

157 4524 218 4603 τὴν
255 4527 401 4605 ἐσχάτην
438 4527 737 4611 τιμωρείσθωσαν·
780 4525 853 4591 ὅσοι
893 4526 928 4591 δέ
964 4527 1060 4609 μήπω
1087 4525 1162 4586 tioni
1188 4526 1359 4600 inhaerent,
1386 4526 1492 4588 ultimo
1519 4527 1668 4610 supplicio
1696 4527 1875 4592 afficiantur.
1926 4529 1989 4606 Qui

157 4633 325 4716 ἠξίωνται,
353 4637 584 4717 προσιίτωσαν
606 4631 678 4715 tce
705 4644 862 4715 γαμεταῖς
883 4633 940 4698 καλ
964 4632 1059 4699 παισί
1087 4651 1159 4695 vero
1182 4632 1317 4694 nondum
1340 4633 1485 4714 baptizati
1508 4644 1587 4708 eunt,
1615 4635 1727 4697 adeant
1750 4656 1819 4697 eum
1843 4636 1988 4698 uxoribus

157 4739 214 4804 καλ
247 4739 347 4805 παντί
379 4743 427 4822 τῷ
459 4743 554 4822 οίκηι,
592 4739 649 4805 καλ
688 4739 906 4818 διδαχθέντες
939 4743 1059 4816 ἱκανῶς
1087 4748 1118 4801 et
1140 4738 1242 4801 liberis
1264 4749 1296 4801 et
1317 4748 1383 4802 tota
1404 4740 1529 4813 familia,
1552 4742 1654 4803 etrite
1668 4742 1768 4805 edocti
1785 4742 1986 4824 baptizentur:

158 4849 442 4934 φωτιζέσθωσαν,
475 4847 495 4925 i>
527 4844 664 4929 μηδενὸς
696 4858 763 4911 τῶν
794 4851 828 4910 ἐν
859 4847 1008 4929 πολιτεία
1038 4847 1058 4925 η
1086 4846 1220 4927 alioquin
1237 4866 1293 4909 nec
1315 4848 1446 4910 civitatis
1468 4867 1526 4910 nec
1547 4847 1695 4910 bonorum
1711 4849 1874 4931 participes
1890 4858 1987 4911 erunt

158 4956 333 5039 περιουσία
355 4952 618 5038 μετεηίτωσαν.11
1505 4954 1604 5036 (Thal.
1619 4955 1712 5017 index
1726 4956 1800 5019 Ood.
1815 4957 1841 5030 Ι,
1858 4959 1908 5031 11,
1926 4959 1987 5036 10.)
2100 5019 2102 5023 ,

266 5307 953 5381 ιι8ἠιι.ι1,9,1.Σ,1,1(ειλτίυτελειιεφ.ιε’).
1061 5306 1158 5377 ’θρα
1177 5304 1214 5377 Σ,
1234 5312 1258 5375 1,
1277 5311 1294 5361 2
1311 5306 1371 5375 (ubi
1389 5308 1462 5363 male
1479 5327 1538 5379 κεφ.
1558 5310 1612 5378 ις’).
1643 5308 1784 5365 Blastarea
1801 5307 1838 5380 Σ,
1857 5315 1881 5365 9.

158 5397 263 5454 8Bals.
282 5400 320 5454 σά
338 5400 419 5455 Nom.
438 5399 489 5467 IX,
513 5403 555 5454 99.
680 5398 692 5430 ⁴
711 5397 778 5469 Syn.
802 5395 835 5467 Θ,
854 5402 879 5467 B,
900 5403 923 5452 1.
1052 5395 1150 5465 ιθην.
1168 5396 1224 5450 λλ
1348 5396 1447 5465 ‘Syn
1468 5396 1494 5465 Ι,
1514 5402 1538 5466 1,
1558 5403 1571 5452 1
1595 5398 1653 5467 (ubi
1672 5399 1744 5455 male
1761 5418 1821 5468 κεφ.
1840 5396 1874 5472 β’.
1910 5398 1989 5455 Pitra

157 5505 185 5558 p.
200 5492 252 5542 690
269 5486 414 5556 (abimale
431 5487 554 5558 secari
663 5487 673 5520 ²
691 5486 875 5557 syenes
893 5487 1021 5543 schotti
1040 5484 1422 5555 adconmodatum
1441 5486 1654 5558 molensam
1762 5485 1987 5558 1ε9ηιι.1δ,9,1.

264 5576 362 5646 ’Syn
380 5576 418 5647 E,
439 5581 480 5647 19,
501 5582 524 5632 1.
637 5576 660 5609 ¹⁰
679 5576 746 5646 θην.
765 5576 802 5645 Ε,
822 5582 864 5646 19,
884 5581 907 5630 1.
944 5574 1023 5630 Pitra
1039 5592 1067 5645 p.
1081 5578 1141 5628 517.
1161 5578 1220 5629 607.
1261 5574 1342 5630 schot
1361 5575 1397 5629 ad
1414 5575 1480 5631 Bas.
1499 5575 1561 5645 LX,
1581 5581 1614 5632 54
1633 5581 1713 5632 ολδ.
1753 5577 1829 5633 Bels.
1848 5579 1886 5633 od
1903 5579 1987 5633 Nom.

158 5666 208 5736 VI,
227 5671 251 5721 9.
271 5665 338 5734 XII,
357 5670 382 5721 9.
495 5666 517 5699 ¹¹
536 5666 604 5736 Syos
622 5665 721 5735 Ε,19,
742 5671 765 5720 1.
801 5665 881 5721 schol.
900 5665 937 5719 ad
954 5664 1019 5719 Bas.
1037 5663 1099 5732 LX,
1119 5667 1153 5717 54
1172 5680 1195 5718 e
1214 5667 1257 5718 24.
1293 5664 1368 5719 Bals.
1387 5665 1425 5719 ad
1442 5666 1524 5719 Nom.
1543 5665 1565 5735 Ι,
1586 5671 1627 5722 10.
1650 5666 1700 5735 IV,
1720 5670 1735 5721 ’1
1754 5668 1794 5722 ait
1812 5667 1846 5736 ,η
1863 5670 1875 5720 i
1892 5670 1941 5722 τοῦ
1960 5670 1987 5721 ιῖι

158 5757 191 5810 τί.
210 5758 259 5810 τοῦ
277 5758 295 5808 a
313 5753 347 5828 βι.
366 5757 415 5810 τοῦ
432 5753 495 5809 soc.
519 5754 566 5810 ουκ
590 5754 672 5824 ε’τόθη
695 5755 734 5817 εἰς
754 5754 788 5809 τὰ
810 5752 960 5827 βοσιλικάί*
996 5752 1077 5819 Quod
1100 5753 1135 5821 de
1153 5757 1283 5823 θεμιτόν
1301 5754 1506 5810 constitutionis
1524 5754 1743 5828 intellegendum
1761 5772 1830 5825 esse,
1849 5757 1885 5812 ad
1903 5774 1987 5828 quarn

158 5844 236 5900 locus
258 5843 332 5900 Bais
355 5849 473 5916 spectat,
497 5843 580 5899 Zaoh.
603 5845 716 5899 monuit
825 5842 848 5877 ¹¹
869 5843 910 5897 Ex
932 5841 1115 5913 capitulorum
1137 5843 1330 5899 numeratione
1353 5844 1441 5898 conici
1463 5849 1556 5914 potest
1577 5844 1630 5899 hoo
1656 5845 1718 5900 ioco
1745 5851 1831 5916 eaput
1857 5847 1988 5914 extitisse,

159 5935 234 6004 qnod
252 5934 371 6003 excidit,
382 5935 423 5989 ita
439 5939 472 5989 nt
489 5949 581 6005 neque
599 5934 678 6005 argui
695 5933 786 6004 possit
802 5933 840 5988 ad
857 5949 942 6003 quam
960 5931 1071 5989 Codicis
1088 5932 1313 5988 constitutionem
1331 5937 1477 6004 spectaret
