4978 7018
396 448 437 511 16
1061 442 1215 508 LIBER
1236 441 1330 510 xlx
1374 443 1465 510 TIT.
1487 442 1562 511 VH.

393 624 451 690 καὶ
473 621 557 708 μετά
579 622 640 702 τὴν
666 626 836 702 ἐκποίησιν
862 620 985 698 αὐτοὺς
1007 631 1200 687 κακοποιεῖν
1221 622 1242 701 η
1264 628 1299 687 έν
1325 625 1400 688 οιιὶίε
1422 626 1536 706 degant
1562 625 1744 706 paciscendo
1766 623 1815 688 vel
1843 645 1881 686 ne
1904 625 2157 686 manumittantur
2178 622 2228 685 vel

394 733 527 815 δεσμοῖς
549 727 631 796 εἰναι
651 739 915 819 συμφωνοῦντας
938 728 1017 805 dicre
1040 728 1201 812 puritanae
1217 730 1298 794 ἐλευ·
1325 740 1360 795 ut
1381 732 1519 795 habitent
1541 732 1573 792 in
1594 731 1717 813 regione
1738 751 1864 812 gravem
1886 750 1985 793 aerem
2007 730 2147 793 habente.

395 838 598 925 θιρωθηναι
621 837 641 916 ἢ
664 841 708 913 εἰς
731 833 771 902 τδ
795 841 896 903 οἰκεῖν
917 842 952 900 ἐν
967 838 1067 919 χώρμ
1084 834 1299 921 βαρυτάτους
1999 836 2035 899 fr.
2052 839 2081 898 2.
2096 838 2137 900 Ι).
2156 840 2183 912 1,
2200 842 2228 900 6.

393 944 515 1032 ἐχούσῃ
531 940 609 1018 τοὺς
631 946 746 1028 άέραςι
763 944 825 992 -1
1069 943 1105 1006 fr.
1122 946 1151 1005 2.
1166 943 1206 1005 D.
1225 946 1252 1018 l,
1269 949 1298 1008 6.

458 1078 533 1142 Ἐάν
556 1078 691 1165 πωληση
714 1080 845 1155 οἰκέτην
867 1075 917 1140 ἐπὶ
941 1080 988 1158 τῷ
1010 1075 1171 1159 μηδέποτε
1194 1072 1299 1140 αὐτόν
1392 1078 1425 1140 Si
1447 1078 1514 1159 quis
1536 1078 1651 1141 vendat
1672 1098 1794 1140 servum
1816 1097 1854 1139 ea
1874 1076 1941 1157 lege
1963 1096 2002 1138 ne
2021 1097 2156 1158 unquam
2177 1077 2230 1139 ille

394 1184 545 1271 ἐπιβῆναι
571 1184 664 1263 τηςδε
687 1183 891 1261 torriditate
915 1183 1120 1269 συμφωνήσῃ
1145 1182 1194 1245 δὲ·
1220 1178 1298 1262 ,ἐάν
1325 1185 1513 1265 ingrediatur
1525 1183 1607 1247 hanc
1621 1185 1740 1258 urbem,
1756 1192 1787 1245 et
1801 1183 1985 1265 paciscatur:
2001 1184 2045 1259 „si
2060 1183 2164 1248 urbem
2186 1185 2230 1246 in·

393 1291 490 1378 ἐπιβῇ
505 1302 563 1369 τῆς
579 1291 702 1366 πόλεως
724 1291 841 1374 ἐξεῖναι
859 1290 950 1371 αὐτῷ
970 1298 1087 1373 χεῖρας
1113 1289 1299 1374 ἐπιβάλλειν
1325 1292 1479 1372 gradiatur
1492 1290 1581 1353 licere
1596 1292 1653 1354 sibi
1668 1311 1777 1352 manus
1793 1291 1904 1352 inicere
1919 1310 2049 1371 eumque
2064 1289 2231 1353 abducere“

393 1397 450 1463 καὶ
465 1399 694 1486 ἀφαιρεῖσθαι
710 1394 835 1462 αὐτὸν*
845 1394 986 1460 δύναται
1001 1396 1059 1479 μὲν
1072 1398 1090 1460 ό
1105 1395 1299 1481 άμοραστὴς
1325 1408 1426 1480 potest
1438 1398 1559 1480 quidem
1568 1406 1685 1479 emptor
1694 1406 1800 1479 utpote
1808 1398 1960 1471 domiuus,
1977 1416 2045 1459 oum
2055 1397 2230 1460 nullomodo

394 1508 438 1580 ώς
467 1504 629 1581 δεσπότης
660 1502 707 1567 ὢν
732 1502 864 1586 μηδέπω
891 1511 953 1565 τοῦ
979 1504 1161 1589 συμφώνου
1191 1524 1298 1587 παρα·
1325 1515 1451 1586 pactum
1473 1513 1678 1586 transgressus
1701 1505 1747 1578 sit,
1771 1524 1840 1566 eum
1863 1523 1984 1566 servum
2007 1506 2229 1568 manumittere.

392 1611 565 1698 βαθέντος
588 1611 813 1696 ἐλευθερῶσαι
840 1618 962 1674 τοῦτον
988 1605 1049 1673 τόν
1071 1612 1215 1685 οἰκέτην·
1242 1606 1300 1673 ἐάν
1326 1613 1351 1673 si
1380 1632 1452 1674 vero
1483 1612 1535 1673 ille
1565 1612 1768 1674 manumissus
1799 1611 1986 1691 ingrediatur
2016 1611 2048 1672 in
2079 1611 2147 1673 loca
2172 1611 2230 1674 sibi

395 1718 429 1783 δὲ
451 1723 573 1794 ἐκεῖνος
592 1720 611 1782 ό
631 1714 874 1803 ἐλευθερωθεὶς
897 1716 992 1803 ἐπιβῇ
1013 1727 1080 1779 τών
1099 1718 1300 1800 άπημορευο-
1327 1720 1421 1782 vetita
1444 1739 1464 1781 a
1485 1720 1559 1781 fisco
1585 1719 1759 1781 vindicatur
1784 1718 1817 1778 in
1843 1725 2020 1799 perpetuam
2044 1720 2229 1780 servitutem

394 1830 500 1908 μένων
521 1826 614 1907 αὐτῷ
629 1825 750 1905 τόπων,
774 1819 868 1909 παρά
886 1826 934 1906 τῷ
957 1822 1103 1904 δημοσίῳ
1125 1821 1298 1886 ἰκδικεῖται
1326 1826 1408 1907 quod
1430 1827 1456 1888 si
1478 1847 1539 1888 non
1562 1826 1765 1887 manumissus
1786 1824 1855 1886 loca
1876 1824 1930 1885 illa
1952 1825 2067 1899 adierit,
2092 1825 2230 1888 venditor

395 1937 440 2008 εἰς
455 1931 584 2010 διηνεκῆ
605 1930 770 1995 δουλείαν·
794 1934 821 1993 εἰ
837 1930 871 1993 δέ
886 1927 930 2012 μὴ
946 1927 1189 2014 ἐλευθερωθεὶς
1204 1927 1299 2015 ἐπιβῇ
1327 1953 1396 1995 eum
1418 1934 1450 1994 in
1472 1932 1648 1996 servitutem
1671 1936 1784 2009 [suam]
1808 1931 1902 1993 trabit
1922 1940 2047 2013 pactum
2069 1942 2198 1995 secutus.

394 2050 463 2103 τῶν
492 2039 618 2118 τόπων,
641 2039 659 2101 ό
683 2037 812 2121 πράτης
834 2039 1033 2119 κεχρημένος
1059 2040 1107 2117 τῷ
1131 2036 1299 2121 συμφώνῳ
1992 2060 2017 2101 c
2035 2042 2063 2100 1.
2079 2039 2115 2102 0.
2132 2042 2161 2115 4,
2178 2042 2230 2102 55.

395 2146 476 2210 ἕλκει
500 2143 604 2209 αὐτόν
626 2148 671 2219 εἰς
694 2144 857 2208 δουλείανε
874 2181 917 2191 -
1037 2165 1062 2205 e.
1080 2147 1107 2205 1.
1123 2142 1157 2205 O.
1173 2142 1231 2217 IV,
1247 2146 1299 2204 55.

314 2283 358 2357 ιβ.
460 2276 534 2343 Ἐάν
555 2278 614 2360 μὲν
636 2279 654 2341 ό
678 2277 807 2360 πρώτης
829 2277 962 2364 φυλάξῃ
978 2278 1085 2358 ἐαυτῷ
1104 2272 1217 2358 χειρός
1235 2278 1300 2338 ἐπι·
1393 2281 1426 2343 Si
1448 2280 1568 2362 quidem
1592 2279 1731 2345 venditor
1753 2279 1810 2341 sibi
1837 2299 1945 2341 manus
1972 2279 2163 2342 iniectionem
2184 2300 2231 2342 re·
2272 2288 2313 2338 lt.

393 2383 498 2471 βολὴν
529 2382 669 2448 δύναται
702 2382 807 2471 ταύτῃ
834 2385 1040 2468 κεχρῆσθαι·
1071 2386 1099 2446 εἰ
1131 2381 1165 2445 δὲ
1196 2381 1300 2464 μόνον
1327 2397 1434 2462 servet,
1471 2395 1572 2467 potest
1609 2385 1663 2448 illa
1692 2387 1751 2461 uti;
1789 2386 1871 2468 quod
1900 2387 1926 2448 si
1963 2395 2084 2448 tantum
2121 2397 2230 2469 pactus

224 2489 271 2557 ίθί·
285 2493 358 2545 246¹.
395 2494 627 2580 συνεφώνησεν
667 2489 732 2555 κάν
773 2492 977 2576 ἐπερώτησεν
1020 2491 1206 2574 πρόστιμον
1242 2486 1299 2551 καί
1326 2504 1380 2569 est,
1395 2495 1534 2575 quamvis
1556 2493 1719 2574 stipulatus
1742 2493 1781 2555 sit
1802 2513 1942 2574 poenam,
1965 2502 1996 2555 et
2015 2494 2079 2574 ipse
2100 2514 2232 2576 poenam

395 2597 497 2673 αὐτὸς
520 2595 560 2662 τδ
583 2600 769 2683 πρόστιμον
791 2599 928 2662 άπαιτεῖ
946 2595 1004 2661 καὶ
1027 2598 1046 2660 ό
1070 2595 1229 2678 δημόσιος
1251 2599 1299 2657 ἐκ-
1326 2602 1403 2682 petit
1424 2610 1455 2662 et
1477 2601 1567 2662 fiscus
1589 2599 1725 2663 vindicat
1743 2599 1942 2681 mancipium:
1965 2600 2113 2681 inspicere
2128 2611 2231 2662 autem

395 2704 481 2769 δικεῖ
498 2701 559 2768 τόν
581 2704 810 2790 ἀνδράποδον·
838 2703 891 2767 δεῖ
914 2703 948 2767 δὲ
972 2711 1107 2767 σκοπεῖν
1134 2706 1161 2766 εἰ
1187 2703 1299 2787 γνώμη
1327 2715 1453 2789 oportet,
1480 2727 1520 2769 an
1547 2706 1705 2769 voluntate
1732 2707 1875 2788 emptoris
1903 2706 2012 2768 adierit
2042 2708 2137 2769 vetita
2163 2707 2234 2770 loca

394 2821 456 2877 τοῦ
471 2814 668 2897 άγοραστοῦ
686 2810 783 2895 ἐπεβη
800 2818 870 2885 τοῖς
888 2810 1120 2892 κεκωλυμένοις
1143 2811 1258 2882 τόποις
1281 2809 1299 2871 ό
1328 2836 1440 2879 servus.
1995 2835 2021 2876 c.
2038 2817 2067 2875 2.
2082 2813 2116 2876 (ἰ.
2132 2818 2163 2889 4,
2179 2818 2232 2878 55.

395 2922 537 2995 οἰκέτης;
554 2956 597 2966 -
1038 2938 1064 2979 c.
1081 2921 1109 2979 2.
1124 2918 1158 2981 0.
1173 2915 1232 2991 IV,
1248 2918 1300 2982 55.

312 3067 359 3132 ιζ.
460 3052 516 3116 Ἡ
532 3053 665 3138 μάρκου
688 3050 840 3134 διάταξις
861 3051 1045 3137 βουλομένη
1069 3047 1130 3114 τόν
1152 3047 1202 3113 ἐπὶ
1231 3046 1299 3133 ὅρῳ
1392 3055 1491 3117 Marci
1514 3054 1687 3116 constitutio
1709 3074 1788 3134 quae
1811 3053 1886 3129 vult,
1914 3061 1949 3116 ut
1971 3075 2078 3118 servus
2104 3075 2143 3117 ea
2164 3054 2232 3136 lege
2268 3074 2305 3122 ιε.

395 3159 587 3244 ἐλευθερίας
619 3159 889 3242 πιπρασκόμενον
926 3161 1056 3236 οἰκέτην
1087 3160 1300 3238 ἐνισταμένου
1327 3161 1467 3224 venditus
1489 3171 1525 3223 ut
1546 3162 1779 3223 manumittatur
1804 3161 1986 3222 adveniente
2008 3161 2057 3222 die
2084 3162 2232 3225 libertatis

395 3275 456 3330 τοῦ
484 3267 612 3351 χρόνου
643 3275 702 3341 τῆς
728 3264 921 3349 ἐλευθερίας
948 3265 1145 3346 αὐτομάτως
1171 3263 1300 3328 ἐλευθε·
1326 3269 1392 3350 ipso
1414 3268 1479 3329 iure
1500 3267 1578 3331 liber
1599 3268 1665 3342 fiat,
1692 3267 1793 3330 locum
1821 3266 1916 3329 habet
1937 3275 1969 3328 et
1990 3268 2022 3328 in
2045 3267 2228 3352 [mancipiis]

395 3373 548 3457 ροῦσθαι
577 3373 696 3457 χώραν
721 3374 786 3449 έχει
813 3369 871 3436 καὶ
898 3369 949 3435 ἐπὶ
976 3381 1044 3435 τών
1075 3371 1300 3457 δωρηθέντων
1326 3375 1446 3437 donatis
1469 3375 1526 3437 sub
1548 3375 1637 3436 modo
1659 3373 1857 3447 liberationis,
1885 3374 1911 3434 si
1937 3382 2041 3436 tamen
2063 3395 2126 3436 non
2147 3396 2228 3438 reso

394 3477 445 3542 ἐπὶ
478 3475 547 3564 ὅρῳ
574 3478 775 3564 ἐλευθερίας,
805 3481 832 3542 εἰ
859 3476 902 3561 μὴ
934 3480 1037 3561 μόνον
1064 3477 1298 3567 ἀνεκαλέσατο,
1326 3482 1409 3545 cavit
1430 3482 1578 3544 eiusmodi
1600 3479 1689 3542 fidem
1713 3481 1841 3542 donator
1862 3479 1912 3544 vel
1939 3489 2150 3563 praemortuus
2170 3490 2222 3544 est:

395 3584 456 3662 τὴν
483 3584 642 3661 τοιαύτην
669 3586 781 3648 πίστιν
808 3586 827 3648 ό
851 3583 1098 3668 δωρησάμενος,
1126 3584 1146 3663 η
1170 3604 1299 3667 προετε-
1326 3589 1377 3669 qui
1399 3608 1471 3651 vero
1492 3588 1585 3650 semel
1607 3588 1734 3650 donavit
1755 3587 1846 3650 alicui
1862 3608 1992 3661 servum,
2014 3609 2077 3649 non
2101 3588 2219 3668 amplius

395 3690 561 3769 λεότησεν·
591 3693 609 3755 ό
638 3691 672 3755 δέ
701 3689 794 3774 ἅπαξ
821 3689 1054 3776 δωρησάμενός
1081 3713 1145 3755 τινι
1170 3694 1300 3768 οἰκέτην
1327 3703 1428 3775 potest
1449 3715 1518 3757 eum
1541 3695 1593 3757 ulii
1615 3695 1756 3757 vendere.
1994 3717 2019 3757 c.
2037 3698 2065 3758 1.
2082 3694 2116 3757 (ἰ.
2133 3698 2162 3769 4,
2178 3698 2223 3756 bl.

395 3799 503 3862 οὐκέτι
520 3797 659 3862 δύναται
676 3794 782 3861 αὐτόν
795 3799 894 3879 έτέρῳ
911 3798 1036 3862 πωλεῖν.
1060 3820 1084 3861 c.
1097 3802 1124 3861 1.
1135 3800 1169 3862 C.
1179 3798 1237 3873 IV,
1248 3802 1298 3860 57.

349 3977 355 3989 ·
459 3930 493 3996 ‘0
515 3929 663 4013 πραθεὶς
686 3934 814 4007 οἰκέτης
838 3930 889 3995 ἐπὶ
912 3928 981 4016 teo
1005 3931 1197 4017 ἐλευθερίας
1217 3930 1298 3996 ἐλεύ-
1393 3936 1547 3998 Venditus
1563 3956 1669 3998 servus
1683 3956 1721 3999 ea
1742 3935 1810 4015 lege
1833 3945 1869 3998 ut
1887 3937 2130 4011 manumittatur,
2153 3936 2228 3998 liber
2263 3943 2303 3993 lt.

397 4040 502 4123 θερος
523 4038 649 4119 γίνεται
673 4035 740 4102 άπὸ
764 4047 832 4102 τών
855 4035 1051 4120 διατάξεωνι
1069 4076 1110 4085 -
1227 4061 1252 4101 c.
1269 4042 1298 4100 2.
1326 4043 1361 4104 dt
1384 4062 1423 4103 ex
1444 4042 1721 4105 constitutionibus.
2159 4064 2184 4104 c.
2201 4046 2230 4105 2.

324 4177 357 4232 κ’.
457 4171 490 4237 Ὁ
519 4171 666 4257 πραθεὶς
697 4169 748 4235 ἐπὶ
779 4169 820 4236 τό
852 4169 895 4254 μὴ
928 4170 1202 4257 ἐλευθερωθῆναι
1234 4171 1299 4235 κόὶν
1392 4176 1455 4254 Qui
1477 4197 1515 4238 ea
1536 4175 1603 4257 lege
1625 4177 1720 4239 veniit
1741 4198 1780 4239 ne
1807 4179 2070 4239 manumitteretur
2091 4179 2233 4259 quamvis
2268 4184 2310 4234 26.

393 4279 612 4365 ἐλευθερωθῄ
640 4279 680 4342 οὐ
705 4279 831 4360 γίνεται
859 4278 1048 4363 ἐλεύθερος,
1076 4280 1151 4343 οόδέ
1174 4276 1232 4344 ἐάν
1254 4283 1298 4354 εἰς
1326 4285 1557 4345 manumittatur
1579 4304 1639 4346 non
1661 4285 1696 4347 fit
1717 4285 1802 4359 liber,
1829 4306 1885 4347 nec
1907 4284 1933 4346 si
1956 4284 1996 4346 ad
2019 4285 2113 4347 alium
2136 4285 2234 4346 domi·

393 4389 507 4469 έτερον
533 4385 698 4462 δεσπότην
724 4385 810 4472 έλθη
837 4383 878 4449 τό
906 4396 1053 4470 πρᾶγμα,
1081 4384 1168 4451 ὅθεν
1192 4390 1219 4450 εἰ
1241 4385 1298 4450 καὶ
1326 4411 1399 4451 num
1421 4411 1469 4452 res
1490 4391 1673 4472 pervener-in
1700 4392 1783 4454 unde
1806 4400 1838 4454 et
1865 4392 1890 4453 si
1916 4412 2046 4473 poenam
2069 4392 2136 4473 quis
2163 4413 2234 4473 pro·

393 4493 580 4576 πρόστιμόν
602 4514 653 4566 τις
675 4494 873 4580 ἐπερωτηθῇ
900 4530 941 4540 -
975 4531 1017 4541 —-
1045 4517 1078 4558 τι
1106 4531 1149 4543 -
1181 4531 1224 4542 -
1255 4529 1297 4541 -
1326 4498 1439 4559 miserit
1478 4533 2139 4545 --------
2186 4536 2234 4546 —

393 4635 790 4647 -----
836 4605 862 4663 εἰ
900 4599 923 4662 δ
965 4635 1008 4648 -
1054 4638 1095 4648 -
1142 4638 1184 4649 -
1216 4601 1298 4665 ἐλεν·
1325 4603 1497 4666 manumitti
1528 4605 1713 4685 mancipium
1745 4625 1842 4685 neque
1874 4605 1965 4667 fiscus
1997 4626 2030 4667 se
2061 4606 2237 4687 implicabit

394 4705 598 4790 θερωθῆναι
623 4714 685 4769 τοῦ
706 4705 919 4791 ἀνδραπόδου
940 4706 997 4771 καὶ
1015 4707 1090 4771 οὐδὲ
1105 4710 1124 4772 ό
1141 4707 1298 4790 δημόσιος
1325 4712 1473 4773 eiusmodi
1494 4712 1669 4774 venditioni.
2158 4735 2183 4775 c.
2200 4718 2236 4777 5.

394 4813 644 4876 ἐπικοινωνώσει
668 4816 710 4899 τῇ
733 4813 819 4899 αὐτῇ
842 4814 974 4898 πράσια
992 4851 1033 4861 -
1227 4836 1252 4876 e.
1268 4820 1297 4877 5.

309 4951 356 5003 κ’.
458 4944 533 5009 Ἐάν
555 4967 605 5020 τις
628 4946 763 5028 πωλήση
778 4948 883 5031 κόρην
902 4945 951 5010 ἐπὶ
968 4944 1007 5011 τὸ
1023 4947 1296 5030 ἐλευθερωθηναι
1392 4952 1426 5015 Si
1448 4953 1515 5034 quis
1537 4952 1671 5034 puellam
1693 4954 1808 5016 vendat
1830 4962 1865 5015 ut
1891 4954 2124 5016 manumittatur
2145 4965 2236 5018 certa
2276 4965 2319 5015 tt.
2439 5000 2440 5043 ,

393 5053 649 5135 ἐμπροθέσμως,
679 5056 705 5116 εἰ
732 5052 767 5116 δὲ
793 5051 836 5135 μὴ
864 5053 1082 5142 ἐλευθερωθῇ
1113 5056 1298 5137 πρόστιμον
1325 5058 1374 5119 die
1397 5068 1436 5133 et,
1459 5059 1517 5121 nisi
1540 5062 1779 5135 manumittatur,
1801 5081 1930 5142 poenam
1957 5061 2130 5142 stipuletur:
2160 5083 2237 5124 cum
2439 5096 2440 5131 l

393 5159 596 5246 ἐπερωτήσῃ,
625 5170 683 5235 τῆς
709 5160 924 5243 προθεσμίας
951 5164 1162 5244 ἐνισταμένης
1194 5163 1214 5238 ὴ
1240 5164 1299 5243 μέν
1326 5166 1389 5227 dies
1410 5166 1575 5240 advenerit,
1598 5166 1701 5247 puella
1722 5167 1818 5229 libera
1837 5167 1879 5241 fit,
1904 5166 1995 5251 [ipse]
2012 5189 2083 5231 vero
2098 5189 2237 5251 poenam

391 5265 476 5349 κόρη
503 5265 666 5351 ἐλευθέρα
692 5267 831 5348 γίνεται,
858 5264 897 5330 τδ
925 5269 960 5331 τέ
988 5270 1175 5351 πρόστιμον
1201 5269 1298 5332 άπαί-
1325 5282 1427 5353 petere
1448 5293 1510 5334 non
1532 5282 1640 5355 potest,
1663 5294 1735 5336 narn
1751 5274 1959 5336 conventionis
1981 5284 2115 5355 potestas
2137 5275 2237 5338 liber-

386 5393 489 5451 Ιτησιν
512 5372 574 5436 οὐκ
595 5375 669 5453 ἔχει,
693 5371 801 5450 έπειδὴ
824 5375 844 5451 i]
867 5383 929 5438 τοῦ
951 5377 1135 5461 συμφώνου
1162 5374 1298 5457 δύναμις
1324 5387 1427 5454 tatem,
1450 5400 1529 5461 quae
1544 5401 1563 5442 a
1578 5380 1734 5444 venditore
1753 5381 1819 5442 dari
1840 5380 1952 5456 debuit,
1976 5382 2110 5462 imponit.
2156 5404 2183 5444 c
2203 5388 2236 5448 6.

392 5475 453 5555 τὴν
477 5479 681 5565 ὀφείλουσαν
703 5477 797 5566 παρά
820 5489 881 5544 τοῦ
903 5482 1035 5567 πράτου
1051 5479 1200 5559 δοθῆναι
1215 5482 1297 5545 έλεν-

393 5584 518 5668 θερίαν
540 5586 746 5663 ἐπιτίθησινε
762 5584 827 5634 -2
1226 5610 1250 5651 c.
1269 5593 1296 5651 6.

465 5886 475 5920 ¹
493 5885 579 5941 habet
597 5885 664 5957 Syn.
682 5888 779 5958 paucis
797 5889 918 5943 mutatis.
949 5887 996 5947 An
1007 5905 1058 5965 pro
1071 5887 1136 5951 ὥςιι
1154 5889 1172 5948 l.
1186 5889 1230 5945 ἐπὶ
1242 5891 1297 5959 up?

393 5974 404 6007 ¹
421 5975 509 6035 habet
525 5974 593 6051 Syn.
