4876 7034
429 468 488 513 vrrs
1190 443 1541 549 anocuaomaur.

430 617 577 704 Denique
601 611 816 682 Heruarcaro
840 612 996 680 nonnulla
1016 615 1139 682 auxilia
1160 617 1388 697 restitutionis,
1420 616 1518 683 veinti
1540 617 1738 706 Epnnagoge
1761 628 1854 681 nacta
1879 625 1911 678 et
1929 616 2029 700 Πεῖρα
2057 617 2125 685 sive
2147 616 2301 685 Doctrina

430 741 472 785 ex
494 722 574 784 aetia
594 717 767 800 Enststhii,
785 719 826 783 nd
848 739 960 783 manus
981 739 1045 782 non
1068 718 1214 803 fuerunt,
1238 741 1320 805 quae
1344 733 1449 786 tamen
1475 730 1602 786 centum
1624 723 1747 787 circiter
1773 729 1809 784 et
1826 721 1949 802 uiginti
1966 715 2057 783 locos
2078 719 2230 787 hactenus
2251 722 2301 785 in·
2421 690 2422 741 i

430 824 576 909 cognitos
598 841 642 885 ex
662 818 745 886 libro
766 817 853 886 XIX
874 818 1085 886 Basilicorum
1111 823 1320 910 suppeditant.

413 1028 418 1037 ¹
514 955 624 1043 ltaque
651 958 923 1043 operaepretium
946 977 1021 1022 esse
1042 960 1170 1043 patavi,
1198 959 1228 1022 si
1247 961 1426 1046 repurgatis
1448 960 1508 1039 iis,
1542 981 1623 1046 qnae
1644 959 1879 1025 Harmascmus
1901 979 1922 1022 a
1941 955 2088 1023 Basiliois
2111 957 2217 1024 aliena
2237 978 2301 1023 non

429 1062 498 1123 iuro
528 1059 753 1133 immiscuerat,
787 1069 820 1121 et
850 1059 998 1136 adiectis,
1034 1082 1114 1147 quae
1142 1060 1340 1148 Epanagoge
1367 1076 1459 1126 aucta
1492 1075 1526 1126 et
1556 1064 1656 1147 Htipo
1688 1072 1896 1149 praestarent,
1926 1080 2043 1124 nouam
2071 1064 2302 1128 restitutionem

429 1158 503 1224 libri
516 1155 601 1224 XIX
621 1162 819 1225 adornarem.
862 1158 899 1225 ln
921 1181 983 1247 quo
1004 1163 1035 1228 id
1057 1165 1258 1249 potissimum
1276 1164 1346 1248 egi,
1368 1175 1403 1225 ut
1424 1162 1554 1246 regulas
1575 1185 1725 1251 sequerer
1752 1165 1791 1229 de
1812 1165 2013 1229 restitutione
2034 1160 2246 1230 Basilicarum
2267 1169 2301 1230 in

430 1258 600 1360 annalibus
621 1260 780 1339 &caram
803 1273 834 1343 et
856 1259 1061 1355 Scaurinum
1080 1263 1262 1355 (Jahrgang
1281 1262 1330 1351 VI
1353 1262 1431 1328 Heit
1453 1263 1498 1329 vl
1516 1267 1547 1331 S.
1560 1267 1622 1330 5⁰1
1638 1271 1770 1346 -508)'
1792 1288 1812 1330 a
1832 1286 1885 1330 me
1905 1266 2104 1352 propositas,
2133 1279 2223 1352 atque
2244 1288 2302 1331 eos

433 1377 553 1429 tantum
577 1366 667 1429 locos
692 1365 726 1429 in
752 1366 983 1429 restitutionem
1008 1387 1110 1431 meam
1142 1371 1331 1453 reciperem,
1353 1388 1433 1453 quos
1453 1368 1619 1432 Bootitrds
1645 1370 1806 1433 continere
1835 1369 2013 1432 certissima
2034 1369 2150 1431 indicia
2174 1368 2302 1431 demon-

432 1477 581 1532 strarent.
615 1462 798 1550 Tipuoitum
818 1478 923 1531 autem
946 1465 1018 1532 libri
1034 1464 1128 1547 XIX,
1151 1489 1243 1556 quem
1259 1471 1393 1555 primum
1415 1470 1573 1556 integrum
1597 1471 1733 1536 adiicere
1749 1471 1874 1535 animus
1896 1481 1974 1546 erat,
1998 1489 2081 1534 nunc
2094 1472 2302 1554 praetermisi,

432 1588 528 1655 quum
542 1566 745 1633 Harmascan
763 1571 896 1634 iunioris
917 1569 1052 1634 schedae
1075 1570 1209 1635 ufratra
1231 1573 1356 1635 seniore
1377 1571 1550 1657 eodemque
1572 1574 1694 1637 editore
1707 1570 1918 1637 Basilicornm
1938 1568 2161 1636 liberalissime
2181 1592 2303 1635 mecum

432 1671 683 1735 communicatae
703 1672 863 1757 integrum
885 1669 1024 1758 Tipuciti
1045 1673 1262 1760 apographum
1284 1695 1347 1738 non
1368 1676 1561 1750 contineant,
1585 1687 1617 1739 et
1645 1671 1830 1739 lacunarum
1850 1676 1883 1737 in
1903 1675 1945 1737 iis
1967 1670 2145 1739 relicturum
2168 1695 2211 1738 ex
2233 1676 2304 1760 ipso

433 1769 551 1837 Codice
573 1767 731 1837 Vaticano
751 1771 970 1860 supplementa
995 1773 1035 1838 ab
1057 1778 1186 1855 etnicis,
1218 1775 1334 1862 quibus
1362 1775 1444 1840 hunc
1471 1794 1580 1841 curum
1601 1776 1881 1853 demandaveram,
1908 1776 2043 1841 necdum
2065 1775 2106 1840 ad
2130 1796 2180 1840 me
2202 1788 2305 1841 traus-

433 1876 534 1941 missa
555 1877 628 1941 sint.

560 2103 672 2169 liobam
692 2103 723 2167 in
744 2102 811 2165 villa
832 2102 1062 2167 Grosskmehicn
1085 2104 1163 2188 apud
1185 2104 1324 2171 Ortrand.

736 2222 822 2273 rurus
840 2221 940 2274 untur
959 2224 1020 2274 nunt
1037 2224 1111 2278 roto.

1583 2338 1848 2417 zachariae
1867 2358 1899 2415 a
1914 2339 2239 2435 cinsentuna,
2282 2288 2285 2297 Ι
2421 2366 2422 2373 ¹
