4680 7114
410 452 474 517 288
542 446 792 516 ΟΟΙιΙιΑΤΙΟ
814 445 956 513 LIBRI
978 442 1291 512 AMBROSIANI
1314 441 1414 509 CUM
1437 441 1681 508 EDITIONE
1705 441 2100 510 flnlnssncfflnnn

257 646 304 715 foe,
318 651 372 701 nov,
525 632 587 708 59.
613 628 685 713 περὶ
708 629 831 705 κλοπῆς
854 631 898 702 είς
925 624 965 691 τδ
993 626 1170 691 διπλάσιον
1194 626 1309 711 ἀγωγῇ
1336 646 1361 686 o.
1378 627 1420 688 40
1452 621 1520 710 ().
1543 622 1562 700 ῆ
1585 625 1684 707 ἑτέρῳ
1708 625 1889 707 πράγματι.

567 740 722 815 ένέγεταιι
739 774 781 784 -
1336 755 1360 796 ο.
1375 735 1416 794 41
1450 729 1542 818 (μά).
1564 734 1652 813 Iung.
1671 736 1727 811 51.
1751 730 2208 813 είςτδδιπλάσιονάγωγῆιε-

524 847 609 922 510.
639 846 700 907 οίικ
736 843 886 923 ένάγεται
925 845 966 928 τῇ
1004 837 1077 923 περὶ
1113 839 1162 903 κλ
1194 843 1238 912 είς
1269 834 1309 901 td
1337 862 1362 904 o.
1378 843 1430 902 41.
1455 843 1518 916 52.
1542 844 1586 913 είς
1609 837 1648 904 τὸ
1672 838 1758 903 διπλ
1781 840 1894 921 ἀγωγή
1998 841 2141 921 ένιίγεται
2156 842 2209 906 dee

568 950 745 1014 διπλάσιον
767 951 890 1035 ἀγωγῇ.
1496 945 1630 1031 ξούσιος
1653 945 1699 1009 ἀν
1722 945 1741 1024 λ
1765 948 1784 1009 ό
1807 951 1852 1024 έγ.
1903 952 1967 1024 53.
1991 950 2034 1021 είς
2060 943 2099 1010 τό
2120 948 2210 1011 διπλά·

409 1082 434 1124 ο.
453 1063 494 1123 22
527 1056 616 1146 (κβ).
639 1061 658 1121 ό
681 1058 820 1134 κλέπτης
920 1054 1044 1131 κλοπῆς
1066 1058 1111 1128 είς
1133 1050 1173 1116 τὸ
1197 1051 1311 1116 διπλά·
1498 1074 1573 1116 σιον
1595 1055 1648 1134 ἀγ.

570 1186 644 1228 σιον
666 1167 720 1245 ἀγ.
1339 1183 1365 1223 o.
1381 1163 1422 1223 43
1456 1159 1544 1247 (μγ).
1576 1163 1621 1235 είς
1643 1157 1683 1224 τδ
1706 1159 1883 1224 διπλιίσιον
1906 1162 1958 1242 ἀγ.
1983 1165 2025 1225 έν.

410 1295 434 1337 o.
452 1274 503 1337 24.
529 1276 637 1349 512.
662 1268 713 1336 έπλ
735 1268 775 1334 τὸ
798 1269 846 1334 κλ
948 1271 1068 1333 ἐνώτια
1090 1264 1135 1331 τά
1154 1270 1233 1330 έκκ.
1339 1271 1432 1330 ο.43.
1456 1271 1520 1345 54.
1543 1265 1593 1331 ἐπὶ
1617 1264 1656 1331 τό
1679 1264 1837 1352 κερδᾶναι
1940 1271 1985 1342 είς
2007 1264 2046 1331 td
2065 1266 2213 1332 διπλάσιοι

569 1378 693 1455 κλοπῆς
716 1382 760 1452 είς
782 1374 822 1441 τό
843 1376 1019 1441 διπλάσιον
1035 1377 1088 1456 ἀγ.
1189 1373 1313 1449 κλοπῆς
1500 1375 1628 1459 ἀγωγῇε
1644 1410 1686 1422 -
1724 1375 1812 1457 Iung.
1839 1380 1903 1452 55.
1948 1397 1972 1437 ο.
1990 1379 2040 1437 43.
2058 1381 2075 1451 5
2092 1380 2118 1438 6.
2147 1376 2213 1457 long⁴

570 1490 614 1560 είς
637 1482 676 1549 τό
700 1483 785 1549 διπλ.
808 1485 861 1565 ἀγ.
1501 1484 1564 1558 57.
1581 1483 1609 1543 8.
1637 1479 1687 1545 ἐπὶ
1715 1479 1755 1545 τὸ
1783 1480 1967 1545 ἀποδοῦναι
2070 1485 2112 1555 ιίς
2131 1478 2165 1544 τό
2182 1483 2214 1543 ιλ·

411 1617 435 1658 o.
454 1598 504 1658 23.
529 1596 570 1657 24
587 1614 630 1674 pr.
647 1589 734 1678 (κγ).
758 1590 858 1655 δόλου
879 1588 936 1654 καί
961 1589 1135 1674 ῥαθυμίας
1237 1586 1313 1650 ύπό-
1502 1586 1645 1651 πλάσιον
1668 1588 1721 1668 ἀγ.
1760 1589 1848 1669 Iung.
1873 1592 1937 1665 59.

569 1721 675 1763 κειται
698 1695 756 1763 καλ
775 1702 815 1785 τῇ
831 1696 1007 1774 ἀπαιτήσει
1024 1704 1085 1759 τοῦ
1100 1693 1314 1766 διπλασίονος
1458 1697 1543 1770 510.
1572 1695 1633 1771 σύγ
1662 1696 1706 1769 ὡς
1734 1696 1946 1777 ἀπρονόητον
1973 1695 2130 1781 ἀπέλαβεν
2152 1695 2215 1758 oded

570 1817 629 1883 τῆς
651 1806 775 1882 κλοπῆς
797 1807 920 1891 ἀγωγῇ.
1031 1802 1113 1866 ἀλλο
1140 1801 1313 1864 κλέπτοντι
1502 1803 1521 1863 ό
1543 1799 1665 1886 λαβὼν,
1685 1805 1748 1865 aito
1769 1800 1822 1883 μὴ,
1847 1803 1909 1880 σύγ
1928 1801 2097 1866 ἀπόκειται
2112 1805 2149 1887 τῇ
2162 1801 2216 1885 περί

650 1913 698 1977 κλ.
722 1917 767 1987 είς
790 1909 829 1976 τό
853 1910 1031 1975 διπλάσιον
1049 1912 1102 1989 ἀγ.
1502 1907 1625 1984 κλοπῆς
1648 1913 1692 1981 είς
1715 1904 1754 1971 τὸ
1779 1907 1956 1972 διπλάσιον
1978 1909 2129 1995 ἀγω[γῇ).

412 2045 437 2085 ο.
461 2027 502 2085 25
536 2020 613 2107 (κδ)
635 2041 680 2101 pr.
712 2019 835 2095 κλοπῆς
851 2023 895 2094 είς
910 2015 950 2082 τὸ
967 2017 1143 2081 διπλοίσιον
1158 2015 1211 2096 ἀγ.
1251 2015 1314 2091 51.
1459 2018 1544 2091 512.
1568 2035 1600 2078 π.
1623 2014 1672 2078 κλ.
1695 2017 1739 2088 είς
1762 2012 1802 2079 τὸ
1822 2015 1999 2080 διπλάσιον
2017 2018 2070 2097 ἀγ.
2088 2038 2218 2079 ...συνιι
2238 2020 2286 2087 f'o

572 2126 739 2211 έξελάσδη
763 2124 814 2211 (de
836 2146 930 2188 more:
953 2122 1086 2209 optime).
1134 2126 1196 2199 52.
1504 2129 1587 2184 σταῖ
1605 2118 1644 2185 τὸ
1667 2123 1765 2203 μέρος
1788 2123 1855 2202 (sio)
1870 2171 1878 2185 .
1894 2169 1902 2185 .
1918 2168 1926 2184 .
1943 2134 2067 2207 γρῆσιυ
2088 2124 2179 2203 μόνοι
2196 2169 2217 2183 ..

413 2259 437 2300 ο.
456 2241 497 2301 26
530 2231 611 2322 (κε).
648 2256 673 2297 ο.
691 2236 742 2299 26.
759 2241 775 2311 5
794 2237 811 2295 1
828 2233 913 2319 (κς).
937 2232 1061 2307 κλοπῆς
1084 2234 1128 2303 είς
1146 2226 1186 2292 τό
1203 2226 1316 2290 διπλά-
1344 2250 1369 2291 o
1385 2232 1436 2291 44.
1461 2231 1524 2305 52.
1553 2226 1735 2308 πράγματα
1763 2274 1827 2291 ...
1854 2229 1903 2292 κλ.
1931 2234 1975 2304 είς
2001 2227 2041 2294 τὸ
2070 2229 2220 2293 διπλάσιον

572 2363 648 2405 σιον
670 2341 813 2422 ἀγωγήν.
1504 2335 1629 2420 ἀγωγῇ,
1653 2334 1809 2398 οὐδέποτε
1831 2333 1897 2421 γάρ
1917 2337 2022 2401 αὐτοῦ
2043 2339 2176 2418 γέγονενε
2189 2372 2219 2381 -

414 2473 439 2514 o
456 2455 496 2513 27
525 2446 610 2536 (κζ).
633 2451 677 2522 ὡς
699 2446 742 2529 μὴ
765 2448 1049 2531 κεγρεοστημάνος.
1089 2446 1151 2520 51.
1170 2445 1198 2504 2.
1216 2446 1243 2504 3.
1344 2464 1368 2505 o.
1387 2446 1427 2504 46
1461 2439 1544 2527 (με).
1568 2439 1640 2523 περί
1664 2441 1712 2503 κλ.
1736 2445 1780 2515 είς
1802 2438 1842 2505 td
1866 2441 2043 2506 διπλάσιον
2066 2445 2118 2523 ἀγ.

414 2580 439 2621 ο.
458 2560 499 2620 28
545 2553 618 2641 κη’).
642 2554 770 2641 κλέψας
793 2552 969 2636 ἀπέλειψεν
992 2597 1023 2612 ..
1459 2548 1579 2611 Deinde
1602 2549 1739 2629 sequitur
1761 2546 1942 2634 (etquidem
1959 2547 2221 2634 iustoloooiodi:

414 2687 439 2728 o.
456 2669 497 2727 29
530 2660 628 2749 (κύ).
652 2685 680 2726 v.
704 2661 910 2746 πραγμάτων
932 2659 980 2721 bie
1003 2659 1157 2739 seriptum.
1195 2651 1252 2717 καί
1276 2656 1317 2739 τῇ
1503 2655 1643 2734 σώζεται
1670 2653 1728 2718 καλ
1755 2657 1775 2732 ἡ
1804 2654 2018 2731 διπλασίονος
2045 2668 2104 2733 τῆς
2131 2667 2222 2731 ποινῆς

574 2766 646 2850 περὶ
670 2778 738 2831 τῶν
759 2767 992 2849 ύπαργόντωνε
1012 2801 1050 2811 -
1096 2784 1121 2826 o.
1140 2765 1191 2824 30.
1503 2761 1682 2837 ἀπαίτησις
1705 2759 1762 2825 καί
1785 2764 1805 2838 ἡ
1828 2771 1889 2826 τοῦ
1911 2764 2118 2846 πράγματος.
2155 2764 2223 2842 Ione

415 2901 440 2941 o.
458 2880 498 2940 31
532 2874 586 2963 (λ)
607 2897 652 2958 pr.
677 2872 745 2938 Καὶ
768 2874 881 2937 είκόνα
902 2869 960 2936 καλ
982 2868 1123 2955 βιβλίον.
1504 2889 1528 2931 ς.
1544 2870 1596 2930 46.
1621 2872 1684 2945 51.
1718 2866 1822 2946 ότῆν
1833 2891 1889 2952 γρ.
1905 2873 1989 2947 έγων
2004 2919 2012 2933 .
2028 2917 2036 2933 .
2053 2917 2061 2933 .
2076 2871 2123 2935 κλ
2144 2865 2223 2942 είςτά

415 3007 440 3049 o.
458 2988 509 3047 31.
534 2987 586 3062 51
609 2981 693 3069 (λα).
738 3004 763 3044 o.
786 2985 827 3044 33
848 2978 933 3066 (λγ).
959 2978 1147 3042 ἀπόκεινται
1176 2976 1217 3060 τῇ
1244 2969 1317 3057 περὶ
1504 2973 1680 3038 διπλάσιον
1690 2976 1743 3055 ἀγ.
1766 2977 1920 3058 105352.
1935 2974 2224 3063 έκάστου(οιο.καί)

575 3089 699 3165 κλοπῆς
722 3093 766 3161 είς
789 3084 828 3151 τό
853 3085 1030 3149 διπλάσιον
1052 3084 1176 3167 ἀγωγῇ.
1345 3102 1370 3143 o
1386 3084 1438 3144 46.
1463 3085 1526 3157 56.
1550 3079 1622 3166 περὶ
1634 3082 1683 3144 κλ.
1693 3087 1737 3157 είς
1746 3080 1786 3146 τὸ
1796 3082 1972 3148 διπλοίσιον
1981 3082 2136 3164 ἀγ....έπὶ
2145 3081 2224 3165 τὸκρ.

416 3221 441 3261 ο.
460 3200 501 3261 34
547 3194 618 3282 λδ).
656 3200 733 3259 535
750 3192 828 3280 (λε).
851 3192 1043 3273 διακομίσαι
1060 3187 1117 3253 καὶ
1134 3186 1318 3272 συλληφθῇ
1462 3189 1501 3251 ib.
1526 3192 1588 3266 59.
1614 3189 1748 3272 ἀρμόζει
1771 3189 1881 3271 ηπερλ
1895 3190 2020 3267 κλοπῆς
2034 3195 2081 3266 εὶς
2095 3189 2132 3254 τὸ
2147 3190 2173 3253 ιλ
2185 3189 2225 3268 ἀγ.

571 3324 606 3395 ρ.
630 3307 653 3366 έ.
676 3303 816 3377 κλέπτης
838 3295 992 3387 φανερός.
1346 3315 1370 3356 o.
1388 3297 1429 3355 47
1463 3291 1551 3379 (μς).
1587 3294 1637 3357 κλ
1667 3297 1712 3369 είς
1742 3292 1782 3359 τὸ
1816 3295 1993 3361 διπλάσιον
2024 3298 2079 3379 ἀγ.
2182 3294 2224 3359 κά
2296 3338 2297 3343 1

417 3435 442 3475 o.
459 3415 509 3474 35.
535 3413 597 3488 51.
619 3405 693 3472 ‘Eoo
716 3403 760 3482 εἷς
856 3408 1012 3482 ένέγεταιε
1027 3440 1069 3451 -
1506 3399 1654 3481 ἀγαθῶν
1676 3400 1704 3465 δ.
1727 3400 1784 3465 καί
1807 3409 1854 3484 τῷ
1877 3404 1971 3467 υίοθ.
2296 3440 2297 3445 1

418 3540 442 3581 o.
460 3522 501 3581 36
534 3514 618 3602 (λς).
646 3519 687 3602 τῇ
714 3537 746 3579 π.
773 3513 823 3577 κλ.
851 3517 895 3586 είς
922 3508 962 3575 τὸ
987 3509 1163 3574 διπλάσιον
1190 3508 1243 3587 ἀγ.
1288 3504 1320 3569 Ὁ
1348 3528 1372 3568 o.
1390 3509 1432 3568 48
1465 3504 1551 3592 (μζ).
1575 3507 1594 3584 λ)
1618 3512 1666 3588 τῷ
1689 3510 1932 3594 τετραπλασίῳ.
1960 3512 2049 3592 Iung.
2077 3514 2137 3589 51.

577 3621 643 3708 γάρ
666 3630 777 3694 κακῶς
800 3616 1048 3703 συμβουλεύσας
1071 3617 1132 3693 ούγ
1148 3614 1319 3679 ὑπόκειται
1466 3620 1482 3690 5
1500 3618 1528 3676 2.
1554 3614 1800 3698 ὑποδεχόμενος.
1838 3625 1855 3695 5
1873 3623 1900 3682 3.
1918 3616 1969 3681 έπλ
1985 3616 2025 3682 τό
2041 3616 2226 3701 ἀποκρύψω.

577 3734 618 3814 τῇ
634 3727 705 3813 περὶ
721 3727 844 3803 κλοπῆς
862 3728 906 3800 είς
924 3722 963 3789 τὸ
983 3723 1159 3787 διπλοίσιον
1177 3717 1321 3806 ἀγωγῇ,1
1465 3724 1528 3797 54.
1550 3721 1600 3784 κλ
1622 3727 1667 3797 είς
1689 3719 1728 3786 τό
1753 3723 1930 3789 διπλοίσιον
1944 3727 2046 3806 ἀγ...
2064 3773 2072 3788 .
2087 3722 2172 3789 κπτά
2183 3730 2229 3786 του

579 3841 604 3899 εί
636 3832 680 3917 μὴ
711 3832 801 3921 (hoec
827 3835 859 3895 in
889 3833 957 3895 edd.
992 3832 1169 3894 exciderunt
1199 3837 1323 3910 propter
1507 3827 1660 3892 κλέπτουτ
1677 3866 1719 3877 -

578 3937 850 4025 homoeoteleuton)
977 3935 1082 4023 χωρίς
1113 3934 1236 4000 τούτου
1267 3932 1322 3997 ίνα
1467 3939 1529 4011 55.
1558 3934 1630 4019 περὶ
1661 3936 1710 3999 κλ.
1742 3941 1787 4012 είς
1818 3935 1857 4002 τὸ
1891 3938 2070 4003 διπλάσιοκ
2173 3936 2228 4019 περὶ
2244 3941 2292 4010 {di

578 4050 687 4136 κλαπῇ
715 4046 968 4131 συνεβούλευσα
1074 4045 1116 4129 τῇ
1144 4064 1175 4106 π.
1202 4041 1251 4104 κλ
1279 4045 1323 4114 είς
1509 4042 1728 4125 θρεμμάτωνι
1746 4081 1787 4090 -
1810 4056 1865 4109 oet.
1885 4068 1943 4108 om.
1991 4052 2054 4124 56.
2080 4044 2228 4134 φοράδωι.

579 4153 619 4220 τὸ
643 4154 819 4218 διπλάσιον
843 4154 970 4238 ἀγωγῇι
987 4187 1029 4198 -
1067 4150 1187 4212 Deinde
1209 4169 1321 4212 novum
1350 4169 1375 4211 ο.
1394 4151 1434 4211 50
1467 4145 1522 4233 (ν)
1537 4170 1582 4230 pr.
1606 4152 1668 4226 51.
1693 4151 1827 4230 γίνεται.
1865 4154 1952 4233 Inng.
1969 4160 1986 4230 5
2004 4158 2102 4217 2-3.
2125 4152 2158 4217 δέ
2171 4152 2230 4225 ύπη

578 4264 636 4325 ino.
660 4263 775 4324 thema:
797 4259 872 4323 Ἐἀν
894 4280 945 4332 τις
966 4254 1026 4321 τόν
1049 4277 1127 4344 φυγ.
1510 4256 1633 4338 ρεσίαν.
1681 4260 1749 4334 54.
1779 4261 1858 4336 ένόγ.
1891 4264 1932 4345 τῇ
1964 4259 2037 4345 περὶ
2065 4260 2116 4325 κλ
2141 4265 2181 4333 τίς
2201 4254 2230 4319 τὸ

420 4395 445 4435 ο.
461 4375 512 4435 36.
538 4373 600 4447 51.
640 4372 681 4455 τῇ
719 4365 792 4452 περὶ
829 4366 952 4442 κλοπῆς
989 4369 1034 4438 τίς
1069 4360 1109 4427 τό
1148 4362 1324 4426 διπλάσιον
1511 4361 1688 4426 διπλάσιον
1710 4363 1765 4443 ἀγ.
2296 4436 2297 4455 ἦ

580 4478 760 4562 ἀγωγῇ-
783 4511 825 4520 -
850 4510 892 4519 -
916 4475 957 4558 τῇ
980 4470 1053 4556 περὶ
1075 4470 1199 4547 κλοπῆς
1221 4474 1265 4542 είς
1283 4464 1323 4531 τό
1351 4489 1376 4531 ο.
1395 4471 1434 4529 51
1470 4465 1557 4554 (να).
1603 4491 1628 4532 ο.
1646 4473 1687 4532 52
1704 4468 1779 4558 (νξε
1797 4469 1855 4558 sio)
1870 4494 1913 4554 pr.
1936 4474 1985 4537 κλ.
2008 4476 2055 4549 είς
2077 4471 2119 4538 τό
2140 4471 2232 4537 δικλί-

580 4582 756 4647 διπλάσιον
779 4582 907 4666 ἀγωγῇε
924 4616 966 4625 -
1512 4596 1586 4638 σιον
1601 4577 1654 4657 ἀγ.
1686 4578 1922 4658 Iung.51-2.
1947 4581 2009 4644 οὐκ
2031 4584 2232 4659 ἀνέχεται...
2296 4604 2298 4669 ρ

537 4690 659 4752 Deinde
685 4709 790 4750 rureue
816 4695 995 4769 repetuntur
1019 4684 1095 4747 Ἐἀν
1122 4704 1172 4756 τις
1199 4679 1259 4745 τὸν
1287 4702 1323 4767 ψ.
1511 4682 1683 4747 κλέπτοντι
1712 4688 1854 4762 ἐνέχεται
1883 4694 1924 4774 τῇ
1947 4708 1979 4751 π.
2001 4689 2051 4751 κλ
2080 4694 2124 4763 είς
2145 4685 2180 4751 τό
2199 4684 2233 4748 δι·
2296 4758 2297 4763 ¹

582 4807 613 4859 et
635 4804 736 4860 cetere
757 4793 912 4875 usquead
936 4793 1026 4853 finem
1051 4786 1077 4869 5¹
1092 4793 1141 4853 1⁸⁰.
1511 4789 1655 4854 πλασιον
1671 4793 1723 4872 ἀγ.
1768 4793 1856 4875 Iung.
1874 4801 1890 4872 5
1907 4799 1935 4857 3.
1958 4795 2008 4858 κλ
2025 4800 2070 4870 είς
2086 4791 2126 4859 τὸ
2141 4792 2234 4857 διπλύ·

540 4908 603 4981 52.
649 4924 674 4965 o.
693 4905 733 4964 37
757 4898 839 4988 (λζ).
867 4898 1039 4984 έπιδιάξῇς
1063 4934 1104 4945 -
1124 4933 1166 4944 -
1186 4933 1227 4943 -
1252 4892 1324 4977 περὶ
1512 4917 1587 4959 σιον
1618 4897 1670 4979 ἀγ.
1720 4900 1807 4980 Iung.
1836 4903 1857 4981 5
1882 4905 1911 4963 5.
1944 4939 1987 4950 -
2021 4910 2038 4981 5
2065 4908 2095 4966 6.
2129 4900 2234 4965 ούτιλιί

471 5095 474 5099 .
582 5009 631 5073 κλ.
654 5013 699 5083 είς
721 5004 761 5072 τὸ
786 5007 962 5072 διπλοίσιον
984 5006 1037 5084 ἀγ.
1511 5002 1634 5090 ψούρτι
1658 5006 1792 5091 ἀρμόζει
1816 5053 1847 5069 ..
1894 5014 1911 5084 5
1930 5013 1956 5072 7.
1981 5007 2022 5074 τό
2045 5008 2173 5097 κρύψαι

424 5140 450 5181 ο.
468 5121 509 5180 38
542 5116 618 5204 (λη)
640 5139 685 5198 pr.
719 5119 764 5188 είς
786 5111 826 5178 τό
850 5113 1026 5178 διπλάσιον
1048 5110 1190 5192 ἀγωγην.
1234 5109 1324 5189 Iung.
1511 5110 1560 5173 κλ.
1583 5114 1628 5185 είς
1650 5108 1690 5175 td
1712 5112 1888 5177 διπλάσιον
1907 5116 1961 5196 ἀγ.
2008 5122 2073 5193 59.
2097 5114 2147 5179 έπλ
2165 5112 2199 5177 τό
2213 5132 2234 5174 κ

585 5223 707 5301 §lubi
722 5242 825 5284 rursus
841 5243 873 5285 π.
888 5220 937 5283 κλ
960 5223 1004 5293 είς
1024 5215 1064 5282 τό
1080 5216 1257 5280 διπλάσιον
1272 5216 1325 5295 ἀγ.
1512 5215 1540 5279 δ.
1563 5216 1582 5294 ί)
1605 5221 1653 5299 τῷ
1675 5221 1735 5301 υἱῷ
1750 5220 1799 5283 κλ.
1899 5221 1948 5285 κλ
1964 5227 2008 5296 είς
2024 5220 2064 5287 τὸ
2081 5221 2235 5287 διπλόσιον

425 5355 450 5395 ο.
467 5336 518 5394 39.
538 5330 571 5395 Ὁ
594 5328 707 5413 ἀρπαξ
730 5328 920 5409 ῆόάποκρ.
1023 5326 1098 5388 οὔτε
1121 5326 1140 5400 η
1164 5320 1326 5408 περλκλο·
1512 5325 1564 5405 ἀγ.
1611 5328 1696 5401 510.
1724 5327 1772 5390 κλ
1800 5332 1844 5402 είς
1871 5325 1910 5392 τὸ
1938 5328 2125 5394 διπλάσιον.
2168 5318 2287 5405 51119

585 5448 647 5513 πῆς
670 5433 784 5517 ἀγωγι)
807 5432 878 5522 (sio)
905 5438 949 5507 είς
971 5429 1011 5496 τό
1035 5430 1210 5495 διπλάσιον
1232 5431 1326 5493 κατέ·
1511 5430 1560 5493 κλ
1588 5435 1632 5505 είς
1658 5430 1698 5496 τὸ
1726 5432 1903 5498 διπλάσιον
1930 5437 1983 5516 ἀγ.
2035 5444 2052 5515 5
2077 5441 2127 5501 16.
2150 5443 2235 5518 νομμῐ

582 5565 678 5621 γεται
709 5588 744 5605 ..
766 5587 773 5603 .
806 5540 953 5624 θυρίδας
980 5560 1031 5613 τις
1061 5538 1174 5602 κλάσει
1203 5536 1327 5621 πόρνης
1513 5534 1563 5600 έπὶ
1587 5535 1626 5601 τό
1650 5562 1751 5604 ..σοι
1767 5539 1836 5628 (εἰσ)
1855 5541 1890 5605 δέ
1908 5540 1992 5607 uoto
2009 5546 2236 5631 παροίσγης.··

585 5687 628 5697 ..
652 5688 694 5697 -
717 5649 864 5735 κλέψωσι
889 5684 932 5695 -
955 5684 998 5695 -
1022 5649 1065 5720 είς
1088 5642 1128 5709 τό
1151 5642 1327 5706 διπλιίσιον
1513 5644 1560 5707 κλ.
1589 5650 1632 5719 είς
1659 5644 1699 5710 τό
1727 5647 1904 5714 διπλάσιον
1930 5650 1984 5731 ἀγ.
2030 5652 2183 5729 51718.
2206 5651 2238 5717 είς

586 5759 714 5843 ἀγωγῇ
730 5792 773 5803 -
1515 5747 1554 5814 τὸ
1587 5751 1763 5817 διπλάσιου
1793 5755 1847 5835 ἀγ.
1897 5763 1914 5834 5
1940 5758 1991 5818 20.
2025 5756 2179 5844 φοράδεις

500 5901 509 5932 ¹
528 5899 582 5965 Qui
595 5900 668 5957 enim
686 5895 790 5951 melum
809 5895 954 5951 eonsilium
973 5894 1051 5949 dedit
1067 5910 1122 5947 non
1141 5895 1251 5947 tenetur
1262 5889 1330 5944 furti
1516 5857 1685 5924 ὑπόκεῑῗαι
1708 5865 1750 5947 tq}
1773 5861 1845 5944 718ολ
1869 5862 1993 5940 11101106
2015 5868 2061 5939 είς
2085 5861 2126 5929 τό
2148 5860 2238 5927 doeio·

428 5990 537 6044 eodone
556 5988 586 6041 in
604 5986 720 6058 duplum
738 5992 791 6041 eoo.
1517 5988 1591 6031 σιον
1607 5970 1659 6049 ἀγ.
1675 5973 1701 6032 εί
1717 5968 1752 6032 δέ
1765 5966 1819 6053 μὴ,
1840 5973 1881 6056 τῇ
1897 5969 1994 6059 διπλῇ
2010 5972 2238 6050 ἀπαιτήσειε-
