4978 7018
223 1362 270 1430 χοι.
286 1365 353 1415 ιον.

613 1356 766 1433 ΒΙΒΛΙΟΝ
792 1354 848 1435 Ιθ’,
872 1356 1012 1423 ΤΙΤΛΟ(
1035 1354 1069 1422 Α’
1526 1354 1660 1418 LIBER
1681 1356 1779 1431 XIX,
1802 1356 1990 1423 TITULUS
2012 1358 2031 1420 I

389 1492 410 1586 r:
429 1532 649 1604 συναλλάγματος
665 1532 793 1605 πράσεως
810 1535 856 1585 καί
874 1531 1025 1605 ἀγορασίαις
1042 1534 1087 1584 καὶ
1103 1491 1124 1585 :r
1142 1531 1296 1602 συμφώνων
1323 1529 1358 1584 de
1377 1536 1522 1586 contrecto
1539 1531 1710 1587 venditionis
1728 1539 1758 1587 et
1775 1535 1923 1603 emptionis
1940 1540 1970 1589 et
1992 1534 2027 1589 de
2050 1537 2140 1606 pactis
2157 1553 2224 1592 ven·

389 1623 439 1675 τοῦ
456 1640 485 1674 τε
502 1621 607 1694 στράτου
625 1625 669 1674 καλ
687 1621 843 1695 ἀγοραστοῦ
861 1622 1047 1675 συντεθέντων
1064 1623 1110 1674 καί
1126 1627 1193 1675 ποῖα
1209 1621 1295 1695 πράγ-
1324 1619 1422 1674 diteris
1444 1625 1473 1675 et
1495 1621 1627 1690 emptoris
1645 1622 1809 1691 compositis
1829 1628 1858 1677 et
1880 1638 1953 1693 quau
1976 1639 2021 1679 reu
2043 1641 2100 1678 non
2117 1627 2225 1695 possint

389 1783 461 1833 ματα
481 1762 514 1817 οῦ
536 1761 663 1817 δύνανται
685 1764 892 1836 πιπράσκεσθαι
914 1766 959 1816 καί
976 1767 1039 1836 utel
1056 1762 1190 1831 αἰνῡῦκων
1207 1766 1253 1816 καλ
1274 1724 1295 1817 :r
1322 1708 1485 1763 venumdm
1504 1714 1533 1763 et
1549 1709 1585 1764 de
1604 1710 1838 1855 eunuehmfiffih
1860 1712 1987 1782 pmbu'
2009 1711 2083 1768 ffl¹⁰⁰
2101 1714 2223 1769 ‘Imm'

592 1853 717 1925 πατέρων
735 1852 798 1914 τοὺς
814 1853 891 1914 υίοὺς
908 1851 1094 1906 ίνποιοῦντων.

318 2001 353 2054 α’.
457 1996 550 2060 Ποτὲ
580 1995 776 2078 καταλλαγὴ
814 1993 854 2074 ἢν
886 1997 1094 2082 πραγμάτων
1129 1994 1294 2060 ἀντιὸιὸο-
1387 1996 1470 2058 Olim
1492 1998 1676 2079 permutatio
1699 2007 1766 2060 erat
1791 2019 1892 2060 rerum
1919 1999 2049 2063 invicem
2070 2001 2222 2076 datarum
2261 2020 2288 2069 1.

327 2640 354 2695 ι’.

309 2854 354 2928 ιγ.

298 5412 354 5482 να·

388 2105 506 2185 μένων,
538 2099 679 2188 ὕστερον
706 2103 740 2167 δὲ
763 2107 895 2186 γίγονεν
917 2106 937 2181 η
961 2113 1092 2188 πράσις,
1124 2104 1294 2188 ἀργυρίων
1320 2114 1426 2184 postea
1452 2124 1525 2167 vero
1552 2105 1724 2167 introductu
1751 2115 1798 2168 est
1823 2106 1970 2182 venditio,
2001 2107 2138 2188 pecuniis
2169 2107 2221 2170 od·

389 2210 667 2292 ἑπινεμηθέντων·
696 2209 801 2296 χωρὶς
833 2207 898 2294 γάρ
932 2212 1102 2296 ἀργυρίων
1134 2210 1173 2273 οὐ
1206 2212 1291 2273 συνί-
1320 2210 1464 2284 inventis3
1487 2231 1558 2272 nem
1581 2212 1646 2272 eine
1667 2212 1795 2293 pecunia
1818 2233 1879 2274 non
1902 2213 2039 2276 oonsistit
2062 2214 2204 2277 venditio.

390 2338 512 2380 σταται
536 2315 749 2401 πρῶσιςι-1
946 2317 1292 2400 fr.lpr.5l.O.18,1.
1840 2320 2222 2402 fr.1pr.5l.D.18,1.

453 2421 529 2486 Ἔαν
550 2420 647 2510 Ιλασω
670 2445 693 2488 π
717 2470 724 2486 .
746 2471 753 2486 .
774 2470 810 2486 ..
842 2422 900 2487 καί
928 2421 1012 2488 ὅσον
1039 2423 1179 2501 δυνηθῶ
1210 2423 1293 2487 πλεί-
1386 2460 1428 2470 -
1475 2461 1517 2470 -
1563 2459 1605 2471 -
1651 2461 1693 2472 -
1749 2436 1781 2488 et
1802 2436 1919 2506 quanto
1942 2426 2073 2507 amplius
2094 2434 2221 2507 potuero

390 2551 468 2603 ονος
490 2530 640 2607 πωλῆσαι
664 2533 820 2614 ἕρρωταιε
837 2568 879 2577 -
1130 2531 1166 2592 fr.
1184 2534 1212 2592 7.
1229 2536 1245 2607 5
1263 2533 1291 2592 2.
1320 2530 1458 2604 vendere,
1481 2530 1571 2594 valet
2060 2532 2096 2594 ir.
2114 2537 2142 2596 7.
2159 2539 2175 2609 5
2192 2534 2222 2593 2.

457 2634 526 2699 Καὶ
541 2632 599 2700 ἐάν
614 2634 689 2700 ἀντί
706 2636 882 2720 παρθένου
901 2646 1043 2719 γυναῖκα
1063 2637 1233 2720 ἀγοράσω,
1253 2637 1293 2698 οῦ
1387 2637 1429 2699 Et
1456 2638 1481 2699 si
1507 2657 1562 2717 pro
1589 2637 1706 2719 virgine
1732 2638 1888 2702 mulierem
1916 2660 2029 2714 emero,
2062 2660 2124 2702 non
2151 2659 2221 2701 vero
2261 2660 2305 2710 10.

390 2740 553 2825 μὴνὲνθα
563 2742 638 2806 άντλ
648 2740 771 2829 ἀνδρὸς
781 2744 964 2828 ἠγοράσθη
974 2744 1118 2825 γννὴε-
1139 2744 1292 2820 fr.ll.5l.
1320 2744 1373 2805 ubi
1394 2724 1538 2826 pro'viro
1561 2752 1665 2826 empta
1687 2745 1727 2807 sit
1749 2745 1866 2809 mulier.
2035 2746 2071 2808 fr.
2090 2749 2140 2809 11.
2157 2752 2173 2824 5
2193 2750 2220 2808 1.

456 2845 531 2912 Ἐάν
560 2852 593 2912 oi
623 2848 682 2912 δύο
721 2850 923 2927 πλανηθῶσι
961 2849 1019 2914 καί
1052 2851 1213 2933 νομίσωσι
1252 2846 1291 2913 τὸ
1386 2851 1420 2913 Si
1443 2851 1533 2914 ambo
1556 2852 1725 2913 erraverint
1747 2861 1779 2915 et
1799 2853 1975 2934 putaverint
1996 2853 2029 2915 id
2044 2853 2128 2934 quod
2151 2873 2224 2917 ven-
2263 2873 2305 2922 1³.
2330 2920 2342 2931 ..

390 2957 660 3041 τιτρωσκόμενον
687 2965 839 3041 χρυσοῦν
866 2953 949 3021 εἶναι
978 2957 1128 3035 χαλκοῦν
1160 2954 1200 3020 ὂν
1231 2957 1293 3020 οὐκ
1320 2956 1442 3020 deretur
1460 2978 1585 3020 aureum
1604 2978 1678 3034 esse,
1705 2979 1775 3021 oum
1794 2968 1874 3021 esset
1896 2979 2037 3033 aeneum,
2060 2980 2123 3025 non
2142 2959 2226 3022 valet

389 3066 546 3147 ἔρρωται·
570 3066 597 3125 εἰ
613 3061 647 3125 δὲ
666 3060 732 3126 κάν
747 3063 924 3140 ἐλάχιστον
943 3066 1042 3149 μέρος
1061 3060 1126 3142 εἶχε
1142 3071 1293 3148 χρυσοῦν
1322 3064 1473 3147 [emptio]:
1497 3065 1524 3127 si
1545 3085 1617 3128 vero
1640 3066 1690 3128 vel
1712 3065 1870 3126 minimam
1892 3075 2011 3148 purtem
2025 3067 2094 3128 suri
2115 3066 2226 3129 habuit

390 3168 674 3251 ηνεχρυσωμίνον
689 3164 738 3249 ἦν,
754 3172 898 3253 ἔρρωται
913 3171 933 3247 ἡ
950 3179 1085 3254 πρῦσιςε
1103 3207 1143 3217 -
1195 3170 1231 3233 fr.
1243 3172 1292 3233 14.
1322 3170 1371 3233 vel
1394 3171 1576 3233 deauratum
1598 3171 1665 3246 fuit,
1688 3172 1773 3235 valet
1794 3172 1936 3235 venditio.
2119 3173 2156 3235 fr.
2174 3176 2224 3238 14.

455 3274 649 3360 Ἐπίτροπος
672 3275 712 3338 οὐ
735 3274 874 3339 δύναται
891 3285 953 3340 τοῦ
971 3275 1099 3360 ἀνήβου
1122 3278 1291 3361 ἀγοράσαι
1387 3277 1484 3339 Tutor
1509 3298 1571 3339 non
1597 3287 1699 3358 potest
1724 3278 1833 3359 pupilli
1859 3299 1923 3340 rem
1950 3299 2060 3342 emere:
2092 3280 2174 3341 idem
2196 3290 2227 3342 et

390 3391 543 3466 πρᾶγμα,
572 3379 612 3446 τὸ
643 3377 726 3445 αὐτὸ
753 3380 810 3445 καί
838 3381 889 3444 ἐπὶ
917 3394 984 3446 τῶν
1012 3385 1149 3466 ὁμοίων,
1172 3383 1293 3465 ιιονριί-
1321 3385 1352 3444 in
1376 3383 1523 3446 similibus
1546 3385 1694 3465 [personis
1717 3384 1816 3447 loeum
1838 3385 1955 3463 hebetJ,
1977 3398 2116 3450 curatore
2132 3408 2226 3468 eoque

390 3510 490 3572 τορος
504 3486 562 3552 καί
580 3484 622 3552 τά
645 3488 808 3573 ἀλλότρια
830 3488 1037 3564 διοικοῦντος
1051 3488 1108 3554 νιαλ
1124 3499 1185 3553 τοῦ
1200 3485 1294 3574 παρά
1321 3491 1372 3571 qui
1395 3490 1496 3552 aliena
1517 3492 1639 3572 negotia
1663 3492 1741 3571 gerit
1768 3500 1799 3553 et
1820 3512 1856 3554 eo
1878 3493 1930 3573 qui
1954 3502 2060 3555 eontra
2086 3493 2223 3556 volunta

389 3598 522 3678 γνώμην
536 3604 597 3658 τοῦ
613 3593 777 3658 δεσπόταν
793 3592 836 3658 τά
852 3595 1014 3681 ἀλλότρια
1030 3595 1221 3671 ὃιοιιοῦντος
1236 3594 1292 3659 καὶ
1320 3608 1381 3658 tem
1405 3597 1519 3658 domini
1541 3598 1643 3660 aliena
1664 3600 1741 3678 gerit
1762 3608 1794 3660 et
1815 3612 1916 3661 autore
1938 3608 1969 3660 et
1984 3600 2219 3662 administratore

390 3709 599 3789 φροντιοτοῦ
620 3700 678 3765 ναί
702 3701 866 3766 διαστατοῦ
887 3702 945 3766 καί
969 3711 1030 3766 τοῦ
1051 3699 1146 3788 παρά
1162 3705 1294 3785 γνώμην
1321 3713 1352 3767 et
1373 3724 1409 3765 eo
1425 3705 1478 3784 qui
1493 3713 1599 3767 eontra
1612 3705 1801 3768 voluntatem
1817 3706 1931 3767 domini
1946 3725 1994 3767 res
2010 3705 2127 3767 alienas
2140 3706 2218 3784 gerit

389 3816 451 3872 τοῦ
465 3808 630 3872 δεσπότου
644 3808 807 3894 ἀλλότρια
822 3808 1041 3884 ὃιοιιιοῦντοςε
1062 3847 1105 3857 -
1141 3811 1292 3887 fr.34.57.
2042 3812 2078 3873 fr.
2095 3815 2146 3874 34.
2162 3816 2178 3887 5
2194 3815 2222 3873 7.

452 3914 485 3980 Ὁ
507 3917 633 3998 τίμημα
653 3916 712 3998 μὲν
734 3916 853 4001 ὁρίσας
872 3915 962 3980 κατά
977 3916 1012 3980 δὲ
1027 3913 1156 4001 δωρεάν
1170 3916 1294 3998 μέλλων
1387 3917 1450 3995 Qui
1472 3918 1602 3998 pretium
1625 3919 1733 3979 statuit
1756 3938 1818 3980 non
1840 3919 1989 3999 petiturus
2004 3917 2036 3979 id
2055 3918 2225 3979 donationis

391 4019 476 4086 αὐτὸ
492 4020 535 4102 μὴ
551 4022 704 4085 ἀπαιτεῖν
720 4023 760 4086 οὐ
775 4023 868 4087 δοκεῖ
880 4025 1091 4107 πιπράσκεινι
1109 4060 1149 4070 -
1199 4024 1293 4086 snae.
1321 4044 1416 4086 eausa
1437 4044 1497 4085 non
1521 4024 1642 4087 videtur
1663 4025 1802 4087 vendere.
2122 4025 2158 4085 fr.
2175 4028 2225 4086 36.

452 4126 527 4192 Ἐάν
559 4124 665 4202 οίίτως
692 4125 790 4193 εἶπον·
823 4134 921 4195 ἔστω
949 4132 968 4194 ὁ
996 4127 1121 4215 ἀγρὸς
1151 4150 1293 4214 πεπρα-
1389 4130 1422 4192 si
1437 4131 1481 4191 ita
1495 4131 1617 4192 dixeritz
1641 4131 1699 4205 „sit
1712 4131 1826 4193 fundus
1841 4132 1982 4195 venditus
1997 4132 2105 4212 quanti
2121 4139 2227 4192 auctor

388 4238 501 4318 μένος
539 4231 635 4298 ὅσον
673 4237 691 4299 ὁ
729 4235 1028 4321 κληροδοτήσας
1069 4258 1133 4319 μοι
1172 4232 1294 4300 αὐτὸν
1322 4258 1406 4298 meus
1430 4257 1499 4299 eum
1521 4238 1644 4299 emerit“
1666 4248 1697 4299 et
1718 4239 1891 4300 inveniatur
1908 4259 1970 4300 non
1992 4237 2150 4302 venditum
2173 4237 2227 4299 sed

389 4343 600 4426 ηγόροισεν,
624 4340 681 4405 καί
705 4341 829 4430 εὑρεθῇ
851 4341 896 4426 μὴ
919 4342 1066 4429 πραθεὶς
1089 4340 1175 4406 άλλά
1190 4342 1294 4427 δωρη-
1321 4344 1468 4406 donatum
1506 4349 1589 4421 [eum
1619 4344 1758 4426 fundum]
1793 4345 1821 4405 ei
1852 4344 1954 4419 fuisse,
1992 4366 2054 4407 non
2092 4345 2229 4407 constitit

390 4447 466 4522 θεὶς
489 4449 590 4529 αὐτῷ,
614 4449 654 4511 οὐ
677 4452 818 4526 συνέστη
841 4452 861 4526 ὴ
885 4459 1021 4535 πρῶσιςε
1038 4447 1101 4497 -2
1189 4450 1225 4511 ir.
1242 4453 1293 4512 37.
1321 4451 1464 4513 venditio.
2120 4452 2157 4514 fr.
2174 4454 2227 4512 37.

455 4556 497 4619 El
524 4554 582 4637 μὲν
608 4557 652 4629 εἰς
680 4555 834 4629 παντελὲς
860 4560 994 4637 γένηται
1023 4566 1146 4642 πρᾶσις
1169 4556 1295 4641 δωρεάς
1389 4557 1421 4619 Si
1453 4557 1575 4618 omnino
1606 4557 1689 4619 seete
1719 4559 1759 4619 sit
1789 4558 1923 4620 venditio
1955 4557 2089 4620 donandi
2125 4578 2229 4631 eausa,

389 4662 492 4742 αλτίμ,
517 4662 578 4725 οὐκ
600 4664 757 4745 ἔρρωται·
781 4666 807 4724 εί
830 4662 865 4725 δὲ
888 4661 1014 4747 δωρεάς
1034 4665 1129 4743 αίτίμ
1144 4663 1294 4746 πραθείη
1322 4684 1383 4725 non
1415 4662 1509 4737 valet;
1542 4665 1589 4725 sin
1621 4675 1722 4725 sutem
1750 4665 1921 4727 donationis
1950 4685 2045 4726 eausa
2076 4664 2229 4728 vendatur

389 4764 530 4845 ἥττονος
553 4769 745 4850 τιμήματος,
763 4767 882 4846 ἰσχύει·
905 4766 1028 4853 μεταξὺ
1048 4770 1082 4833 δὲ
1098 4766 1222 4853 ἀνδρὸς
1236 4766 1293 4832 καὶ
1322 4771 1444 4832 minoris
1466 4771 1562 4850 pretii,
1585 4770 1680 4834 valet:
1703 4772 1782 4832 inter
1803 4772 1902 4834 virum
1925 4783 2027 4833 sutem
2050 4780 2081 4833 et
2102 4791 2228 4833 uxorem

389 4871 546 4955 reaccende
562 4874 637 4938 οὐδὲ
653 4871 740 4938 οὕτω
757 4872 917 4960 ἔρρωται3
934 4873 965 4963 iii
982 4874 1047 4964 ’tii
1062 4879 1082 4954 ἡ
1099 4886 1234 4962 πρῶσιςε
1251 4913 1294 4922 -
1322 4897 1361 4937 ne
1383 4878 1427 4939 sie
1449 4876 1571 4958 quidem
1595 4876 1729 4940 venditio
1751 4877 1834 4941 valet
1849 4923 1857 4939 .
1873 4924 1903 4940 ..
1952 4877 1989 4941 ir.
2006 4877 2056 4940 38.
2072 4878 2112 4939 D.
2131 4880 2181 4951 18,
2198 4881 2228 4939 1.

1022 4984 1248 5058 sr.38.D.18,
1267 4986 1294 5043 1.

453 5086 487 5152 Ὁ
518 5084 647 5174 τυφλὸν
674 5089 872 5172 πιπράσκων
898 5088 956 5152 ναί
983 5088 1057 5173 περί
1084 5100 1142 5166 τῆς
1172 5090 1295 5171 ὑγιείας
1389 5091 1452 5168 Qui
1475 5109 1596 5151 coeeum
1619 5090 1724 5153 vendit
1746 5101 1776 5152 et
1791 5090 1829 5152 de
1844 5092 1975 5152 sanitate
1990 5092 2054 5153 eius
2069 5091 2229 5172 promittit,

390 5196 638 5278 ἐπερωτώμενος
647 5194 760 5275 αὐτοῦ,
777 5195 817 5257 οῦ
830 5193 903 5278 περὶ
918 5205 985 5258 τῶν
998 5197 1194 5283 ὀφθαλμῶν
1209 5193 1295 5259 ἀλλὰ
1323 5217 1384 5259 non
1406 5197 1445 5258 de
1466 5196 1569 5271 oeulis,
1592 5197 1644 5258 sod
1668 5197 1706 5257 de
1728 5198 1833 5258 ceteris
1855 5198 2031 5278 promittere
2053 5198 2181 5260 videtur.

390 5310 458 5363 τῶν
480 5300 605 5364 λοιπῶν
626 5301 865 5386 ἐπερωτᾶσθαι
890 5301 993 5367 douai:
1009 5340 1052 5350 -
1128 5305 1164 5365 fr.
1174 5307 1294 5381 4351.
2042 5304 2077 5365 fr.
2094 5307 2145 5366 43.
2162 5310 2178 5382 5
2198 5304 2228 5368 l.

461 5404 574 5480 Οὐδείς
600 5410 636 5470 ὲκ
663 5416 724 5471 τοῦ
746 5408 826 5494 παρ’
855 5409 962 5473 αὐτοῦ
984 5411 1210 5494 χαριζομένου
1232 5412 1294 5496 do)-
1388 5411 1486 5472 Nemo
1513 5431 1551 5471 ex
1578 5409 1676 5472 officio
1703 5429 1723 5471 a
1749 5430 1782 5473 ee
1809 5419 1893 5492 gesto
1916 5411 2032 5492 aliquid
2054 5432 2152 5473 emere
2173 5432 2230 5493 po-
2269 5435 2315 5485 4⁶.

391 5514 507 5599 φικίου
544 5514 721 5598 ἀγοράζειν
753 5537 785 5577 τι
812 5513 953 5579 δύναται
983 5515 1025 5580 δι’
1057 5518 1171 5600 ἑτέρον
1197 5516 1217 5593 η
1249 5515 1292 5579 δι’
1321 5525 1382 5579 test
1412 5536 1467 5598 per
1498 5516 1592 5579 alium
1624 5526 1678 5578 aut
1708 5537 1762 5598 per
1789 5518 1996 5599 semetipsum
2028 5537 2099 5579 nam
2131 5528 2162 5580 et
2192 5539 2230 5580 re

390 5621 523 5683 devrad·
545 5618 611 5683 ἐπεὶ
633 5619 691 5684 ναί
714 5630 776 5685 τοῦ
791 5622 988 5706 πράγματος
1011 5625 1153 5686 ἐκπίπτει
1177 5621 1234 5687 καί
1250 5626 1294 5696 είς
1322 5623 1403 5685 eadit
1425 5633 1456 5684 et
1478 5624 1509 5683 in
1531 5623 1735 5704 quadruplum
1758 5625 1943 5687 convenitur.
2122 5625 2157 5686 fr.
2173 5628 2229 5689 46.

391 5722 431 5789 τὸ
454 5726 661 5811 τετραπλοῦν
683 5729 843 5809 ἐσάγεται.
1190 5730 1226 5793 ir.
1242 5733 1294 5792 46.

463 5902 472 5935 ¹
491 5901 577 5958 hebet
594 5902 661 5974 Syn.
734 5903 745 5936 ¹
763 5904 1186 5976 Itaoode13sequuntnrdune
1204 5904 1295 5960 lineae

390 5993 437 6047 vix
455 5991 590 6062 legendae
623 5993 695 6064 lui!
714 5991 810 6046 ῦ....
883 5992 998 6049 ⁸habet
1015 5993 1082 6064 Syn.
