4842 7018
462 440 524 522 itt
1083 434 1236 516 LIBER
1258 434 1378 515 LVIII.
1423 440 1513 515 TIT.
1536 438 1595 514 IX.
1618 435 1659 515 X.

459 636 621 699 δικαστοῦ
648 640 717 697 ἐστι
743 618 870 698 διδόναι
895 631 1076 715 μετρητίγνΙ
1103 631 1153 695 ἐπὶ
1178 642 1245 694 τῶν
1267 653 1363 713 μηνν-
1392 651 1559 693 mensorem
1581 633 1619 694 de
1640 630 1777 694 terminis
1799 631 1952 714 litigiosis:
1976 632 2058 715 quod
2081 627 2105 696 si
2126 633 2254 701 necessitas

460 739 546 805 rmei
572 723 880 827 μιλονεικονμένων·
909 745 935 803 εί
963 740 997 803 δὲ
1022 749 1120 821 γρεῖα
1147 738 1274 818 κελεύει,
1304 736 1361 801 καὶ
1392 746 1486 817 urget,
1509 739 1626 819 etipse
1648 738 1731 801 looos
1753 740 1897 802 visitabit
2080 741 2114 802 fr.
2129 745 2146 803 8
2159 753 2221 824 pr.§
2236 752 2255 808 l.

460 847 561 921 αὐτὸς
585 846 740 912 ἑπιλεόσει
764 844 842 921 τοὺς
864 848 999 921 τόπονςε
1016 883 1059 894 -
1148 847 1184 908 fr.
1202 851 1220 909 8
1237 867 1281 927 pr.
1299 852 1315 922 5
1335 850 1360 906 1.

406 985 421 1036 ’.
518 972 642 1056 Ἔξεστι
659 981 730 1046 τοῖς
743 972 921 1045 δεσπόταις
931 968 1008 1044 τοὺς
1021 967 1120 1054 δρονς
1134 970 1279 1055 ἀμείβειν
1296 912 1376 1032 τιῑιν1Ι
1455 968 1543 1031 Lioet
1564 970 1694 1032 dominis
1717 992 1838 1032 suorum
1861 972 2052 1052 praediorum
2076 972 2145 1035 fines
2166 989 2256 1040 mutare

459 1081 586 1143 οἰκείων
609 1082 723 1163 ἀγρῶν
745 1077 801 1142 καί
826 1074 931 1151 οὕτως
954 1074 1076 1151 αὐτοὺς
1098 1081 1249 1141 ὲκποιεῐνε
1267 1073 1330 1124 —³
1389 1084 1419 1136 et
1441 1075 1486 1137 ita
1508 1097 1545 1138 es
1567 1078 1703 1140 vendere.
2054 1100 2079 1142 e.
2097 1084 2123 1141 1.
2137 1081 2167 1143 O.
2182 1087 2206 1157 3,
2219 1089 2256 1147 39.

1126 1205 1151 1245 e.
1170 1187 1196 1245 1.
1212 1185 1246 1246 O.
1263 1188 1291 1258 3,
1309 1187 1359 1246 39.

521 1306 595 1373 Ἑάν
633 1304 796 1392 αίμασίαν
833 1332 883 1383 τις
920 1305 1013 1391 παρά
1047 1309 1161 1391 χωρίῳ
1194 1307 1359 1394 ἀλλοτρίῳ
1455 1305 1488 1367 Si
1515 1307 1583 1388 quis
1605 1328 1726 1390 saepem
1754 1309 1842 1371 iuxta
1869 1309 1998 1371 alienum
2028 1311 2152 1372 frmdum
2174 1315 2258 1391 fixerit,

456 1417 573 1502 όρόγῃ,
597 1415 658 1480 τὸν
681 1413 763 1502 δρον
789 1415 832 1494 μὴ
860 1416 1108 1501 παραβαινὲτω·
1137 1411 1195 1478 ἐάν
1221 1415 1358 1494 τοιχιόν,
1388 1411 1476 1473 finem
1498 1433 1537 1475 ne
1555 1415 1694 1478 exeedot:
1718 1417 1743 1478 si
1766 1416 1939 1491 maeoniam,
1962 1418 2070 1498 pedem
2091 1439 2176 1480 unum
2191 1421 2258 1483 relin-

456 1524 711 1606 ἀπολιμπανέτω
728 1524 828 1587 πόδα·
852 1520 910 1585 έάν
925 1525 1056 1603 οίκημα,
1073 1521 1146 1585 δύο·
1171 1518 1229 1584 έάν
1247 1522 1360 1606 τάφον
1387 1528 1475 1597 quat3
1507 1520 1532 1581 si
1564 1521 1701 1597 domum,
1733 1523 1822 1585 duos:
1855 1524 1880 1585 si
1914 1523 2035 1586 foveam
2068 1534 2121 1587 out
2149 1528 2259 1589 scrobem

455 1630 636 1717 λγβόθρον
662 1629 779 1715 όρόγῃ,
808 1626 890 1692 ὅσον
918 1626 958 1693 τὸ
985 1629 1103 1714 βάθος
1129 1621 1162 1714 ᾖ,
1196 1637 1360 1691 τοσοῦτον
1388 1625 1504 1700 foderit,
1532 1637 1648 1707 quanto
1678 1639 1725 1691 est
1753 1630 1890 1704 altitudo,
1920 1631 2099 1693 tantundem
2122 1632 2258 1714 relinquat:

455 1738 657 1802 ἀπολιπέτω·
681 1735 739 1801 έάν
763 1740 887 1824 φρέαρ,
912 1737 1064 1819 όργνιάν;
1081 1771 1121 1781 -
1387 1733 1412 1793 si
1434 1743 1567 1812 puteum,
1590 1755 1684 1796 unum
1706 1754 1840 1818 passum.
2015 1738 2050 1799 fr.
2069 1743 2118 1800 13.
2132 1740 2169 1800 D.
2185 1743 2226 1813 10,
2240 1743 2260 1800 1.

1083 1843 1119 1904 fr.
1138 1845 1186 1904 13.
1202 1842 1242 1904 D.
1261 1845 1310 1917 10,
1330 1847 1356 1905 1.

519 1951 650 2016 Ἐλαῖαν
686 1949 743 2014 καί
782 1949 885 2027 σνκίγν
918 1952 1010 2013 ἐννέα
1048 1949 1154 2022 πόδας
1192 1949 1259 2012 ἀπὸ
1298 1957 1358 2012 τοῦ
1452 1944 1560 2008 Oleam
1587 1957 1619 2010 et
1644 1948 1734 2010 tiomn
1757 1970 1866 2029 novem
1893 1952 1986 2031 pedes
2016 1951 2056 2013 ab
2081 1951 2174 2014 slieno
2193 1953 2261 2033 plen·

453 2059 633 2140 ἀλλοτρίου
660 2060 841 2143 φντενὲτω·
870 2054 915 2120 τά
942 2056 976 2118 δὲ
1004 2054 1091 2118 ἀλλα
1120 2054 1241 2138 δένδρα
1265 2058 1357 2118 πέντε
1385 2061 1441 2114 tet:
1465 2064 1578 2116 eeteros
1600 2054 1721 2117 arbones
1744 2057 1875 2136 quinque
1898 2058 1997 2138 pedes.
2230 2060 2262 2121 ib.

453 2166 571 2239 πόδας
590 2201 629 2212 -
1316 2162 1355 2224 ib.

399 2299 415 2353 '.
513 2287 637 2372 Ἔξεστι
662 2292 710 2370 τῷ
734 2286 877 2373 δεσπότῃ
900 2295 962 2351 τοῦ
980 2288 1087 2367 ἀγροῦ
1102 2290 1135 2349 ἑν
1150 2290 1197 2366 τῷ
1214 2287 1355 2369 πιπράσ-
1449 2284 1537 2348 Lioet
1558 2286 1680 2348 domino
1703 2286 1798 2361 fundi,
1826 2308 1895 2349 oum
1918 2309 1985 2351 eum
2009 2290 2132 2365 vendat,
2153 2292 2263 2353 minuere

451 2418 521 2460 κειν
543 2392 647 2459 αὐτόν
669 2405 805 2477 μειῶσαι
831 2391 909 2468 τοὺς
932 2391 1032 2477 δρονς
1054 2394 1160 2457 αὐτοῦ
1176 2391 1232 2456 καί
1250 2389 1355 2466 οὕτως
1385 2390 1456 2453 fines
1493 2392 1558 2454 eius
1597 2402 1628 2455 et
1664 2395 1708 2456 sie
1740 2394 1870 2457 vendere
1907 2404 1939 2457 et
1975 2417 2036 2458 non
2067 2406 2166 2477 potest
2197 2418 2263 2459 ven-

452 2503 601 2580 πωλῆσαι
625 2501 681 2565 καλ
706 2502 745 2565 οὐ
768 2501 906 2565 δύναται
927 2502 1090 2585 δπράτης
1112 2501 1221 2582 μεῖζον
1235 2503 1356 2586 μέτρον
1383 2495 1499 2559 ditor¹
1527 2500 1669 2562 maiorem
1696 2521 1868 2564 mensuram
1891 2502 2047 2565 vindicare
2069 2524 2107 2566 ea
2128 2506 2263 2584 quaesibi

452 2610 589 2673 ἐκδικεῖν
616 2617 679 2672 τοι)
705 2609 899 2689 πραθέντος
927 2607 1018 2688 αὐτῷ
1046 2611 1081 2671 ἐκ
1108 2616 1169 2671 τοῦ
1192 2605 1353 2669 δεικνῦναι
1383 2613 1503 2666 ostensa
1525 2616 1571 2667 est
1593 2608 1624 2668 in
1647 2607 1889 2671 demonstrandis
1911 2609 2031 2684 finibus,
2055 2612 2109 2691 qui
2130 2622 2264 2674 antemn-

452 2714 530 2790 τοὺς
553 2713 653 2800 δρονς
675 2712 753 2789 τοὺς
776 2710 841 2798 πρό
866 2725 923 2791 τῆς
946 2714 1099 2798 πράσεως
1129 2714 1229 2786 όντας
1252 2716 1286 2775 ἐν
1309 2717 1354 2794 τῷ
1382 2710 1525 2773 ditionem
1559 2713 1590 2773 in
1625 2713 1720 2776 fundo
1752 2713 1888 2792 fluerunt,
1927 2718 2000 2797 quis
2035 2728 2164 2798 possunt
2190 2720 2264 2779 etiam

452 2824 556 2905 ἀγρῷ,
580 2819 632 2886 ότι
657 2819 815 2885 δύνανται
832 2819 888 2884 κιά
906 2822 1047 2902 γείτονες
1061 2818 1152 2884 κατά
1167 2821 1355 2883 σνναίνεσιν
1383 2818 1474 2880 vieini
1497 2819 1548 2881 ubi
1572 2821 1763 2883 consentiant
1784 2821 1857 2885 fines
1881 2832 1999 2885 mutere
2021 2827 2123 2905 etqui
2144 2845 2195 2906 pro
2208 2834 2266 2886 ten·

452 2926 530 3003 τοὺς
553 2926 652 3014 δρονς
675 2928 885 2992 έναλλιίττειν
906 2926 963 2991 καλ
987 2930 1020 2990 οί
1041 2924 1131 2991 κατά
1150 2924 1270 3009 καιρὸν
1286 2925 1354 2989 δεσ-
1383 2944 1455 3003 pore
1477 2923 1566 2987 fundi
1588 2928 1803 3009 proprietatem
1827 2929 1948 2992 habent
2003 2950 2028 2992 ο.
2045 2934 2073 2992 2.
2092 2936 2122 2993 3.
2137 2931 2170 2994 O.
2185 2934 2210 3006 3,
2225 2934 2264 2992 39.

451 3038 615 3110 πόσαντες
637 3044 699 3099 τοῦ
721 3037 839 3119 ἀγροῦι
856 3071 898 3081 -
1074 3056 1099 3097 o.
1117 3038 1144 3095 2.
1162 3039 1191 3096 3.
1206 3033 1240 3097 (λ
1257 3037 1286 3107 3,
1303 3036 1353 3095 39.

398 3171 414 3225 ’.
515 3161 590 3223 Ἐιίν
604 3182 655 3234 τις
670 3161 805 3240 ζήτησιν
821 3157 892 3241 περὶ
909 3156 998 3243 όρων
1011 3155 1187 3239 ἐπαγαγὼν
1196 3158 1353 3243 βουληθῇ
1448 3155 1482 3218 Si
1504 3158 1572 3238 quis
1588 3158 1792 3238 quaestionem
1814 3160 1944 3223 inferens
1967 3162 2005 3223 de
2026 3161 2141 3225 finibus
2155 3163 2266 3225 voluerit

450 3265 540 3331 κατά
566 3266 647 3352 βίαν
674 3266 865 3354 ἀφελέσθαι
894 3263 934 3330 τὸ
966 3266 1144 3347 ἀλλότριον
1171 3267 1278 3349 μέρος,
1310 3263 1353 3346 μὴ
1381 3282 1436 3342 per
1457 3264 1520 3326 vim
1543 3264 1675 3326 adimere
1702 3265 1827 3329 alterius
1849 3276 1977 3350 partem,
2006 3289 2067 3331 non
2096 3271 2192 3332 solum
2213 3290 2265 3331 een

449 3375 552 3456 μόνον
570 3372 653 3438 αὐτὸ
673 3373 872 3452 ἀναδιδότω,
889 3369 975 3436 ἀλλά
989 3370 1046 3435 καὶ
1062 3379 1227 3435 τοσοῦτον
1242 3376 1354 3455 ἕτερον
1383 3370 1534 3444 restituat,
1561 3371 1731 3434 sedetiam
1754 3375 1931 3436 tantsndem
1960 3375 2088 3437 alteram
2114 3396 2266 3439 mensuram

451 3491 510 3561 γῆς
532 3483 655 3562 μέτρον
677 3483 861 3564 παρεχέτωι
880 3476 942 3525 -⁴
1282 3501 1307 3541 o.
1323 3482 1352 3539 4.
1384 3483 1479 3538 terrae
1500 3477 1653 3558 praebeat
2209 3487 2266 3544 αλ.

398 3616 414 3669 ‘.
515 3602 722 3687 Ἡδιάταξις
736 3603 890 3689 βούλεται
907 3608 948 3689 τῇ
958 3602 1030 3687 περὶ
1045 3613 1113 3667 τῶν
1125 3600 1213 3685 όρων
1222 3604 1351 3683 ζητήσει
1447 3599 1631 3665 Constitutio
1662 3604 1730 3667 vult
1760 3606 1930 3686 quaestioni
1966 3607 2005 3668 de
2042 3607 2155 3669 finibus
2186 3626 2267 3686 neque

449 3711 530 3792 μήτε
554 3709 613 3787 τὴν
635 3721 694 3788 τῆς
716 3712 863 3795 τριετίας
884 3711 964 3792 μήτε
992 3708 1052 3787 τὴν
1074 3720 1132 3785 τῆς
1148 3708 1351 3786 δεκαετιάςλ
1382 3706 1472 3768 trium
1499 3728 1646 3771 annomm
1678 3731 1776 3791 neque
1803 3713 1905 3775 deoem
1938 3734 2034 3794 neque
2061 3715 2171 3795 viginti
2195 3732 2267 3794 prae

449 3818 655 3891 είκοσαετίας
671 3816 902 3903 παραγραφὴν
912 3818 1138 3897 ἀντικεῖσθαι,
1149 3814 1235 3880 ἀλλά
1249 3818 1352 3896 μόνον
1381 3814 1572 3895 scriptionem
1603 3818 1731 3897 opponi,
1761 3819 1814 3881 sed
1845 3819 1943 3881 solum
1969 3821 2096 3900 triginta
2128 3841 2268 3882 annorum.

449 3920 510 4001 τίγν
532 3934 600 3986 τῶν
622 3925 809 4009 τριάκοντα
830 3928 1003 3987 aeramen:
1021 3922 1084 3970 —⁶
1280 3945 1305 3986 e.
1322 3928 1350 3986 6.
1655 3967 1660 3975 ·
2210 3948 2232 3989 α
2245 3929 2268 3986 ό.

701 4226 820 4280 ΤΙΤΛΟ(
840 4226 869 4293 Ι’,
890 4225 1021 4279 ΒΙΒΛΙΟΥ
1040 4225 1099 4278 ΝΗ’
1599 4222 1765 4281 TITULUS
1783 4225 1820 4292 X,
1838 4225 1945 4281 LIBRI
1963 4226 2058 4283 LVIII

482 4353 544 4424 napi
561 4351 643 4425 ἔργον
660 4353 723 4404 νίον
740 4352 924 4425 παραγγελίας
942 4351 1062 4404 τονιίστι
1080 4352 1253 4421 καινοτομίας
1271 4353 1315 4403 καλ
1396 4343 1432 4398 de
1451 4348 1542 4415 operit
1560 4349 1625 4403 novi
1643 4350 1829 4418 nuntiatione,
1851 4350 1879 4404 h.
1897 4368 1922 4406 e.
1940 4352 1976 4407 de
1994 4354 2173 4408 esenotomia
2189 4358 2217 4407 et
2231 4358 2258 4405 st

457 4445 520 4513 περὶ
538 4443 586 4494 τοῦ
604 4440 715 4511 ἀζήμιον
733 4442 923 4510 φυλάττεσθαι
942 4438 987 4492 τὸν
1005 4438 1248 4510 καινοτομούμενον
1265 4437 1339 4511 παρὰ
1395 4433 1532 4490 indemnis
1550 4442 1676 4491 servetur
1694 4438 1718 4492 Is
1736 4441 1781 4493 oui
1799 4455 1901 4494 novum
1921 4457 1991 4512 opus
2009 4444 2170 4497 nuntiatum
2188 4448 2257 4496 ests

750 4531 798 4583 τοῦ
816 4529 1047 4599 καινοτομοῦντος.
1749 4530 1904 4584 nuntiante.

395 4664 411 4720 ‘.
515 4656 593 4719 Είτε
617 4656 752 4729 δικαίως
775 4658 837 4719 εἴτε
860 4654 983 4728 ἀδίκως
1005 4676 1056 4728 τις
1077 4654 1191 4733 κτίζει,
1214 4651 1350 4716 κωλύειν
1445 4650 1516 4713 Sive
1542 4652 1608 4715 iure
1632 4653 1696 4716 sive
1722 4654 1834 4717 iniuria
1861 4657 1929 4737 quis
1952 4657 2096 4733 aedificet,
2126 4657 2271 4740 prohibere

449 4758 553 4826 αὐτόν
579 4763 684 4845 ἔξεστι
712 4759 770 4826 καλ
798 4757 914 4824 λοιπόν
941 4763 960 4824 ὁ
993 4758 1239 4843 παραγγελθάς
1266 4764 1354 4823 αίτει·
1378 4777 1445 4817 eum
1469 4758 1540 4820 lieet
1561 4768 1592 4821 et
1614 4759 1651 4820 de
1678 4770 1777 4823 cetero
1799 4763 1825 4824 is
1848 4762 1898 4824 oui
1920 4765 2095 4826 nuntiatum
2125 4775 2173 4827 est
2194 4765 2271 4827 lieen-

448 4871 572 4956 ἀιμεσιν
599 4873 643 4942 είς
666 4866 705 4932 τὸ
730 4869 993 4952 συγχωρηθῆναι
1020 4866 1081 4944 τὴν
1108 4865 1227 4931 ἄδικον
1248 4867 1349 4930 κόλν-
1378 4864 1451 4925 tiam
1473 4866 1557 4945 petit,
1580 4875 1615 4928 ut
1636 4868 1664 4928 si
1686 4868 1858 4930 remittatur
1880 4871 1993 4933 iniusta
2014 4871 2189 4953 prohibitio.

449 4998 515 5039 σινι
531 4974 595 5023 -⁶
1046 4974 1303 5054 fr,1ps.D.39‚
1322 4976 1349 5035 1.

511 5098 544 5164 ‘0
571 5099 808 5180 παραγγέλλων
836 5099 960 5179 γίνεται
988 5098 1115 5177 ένάγων
1141 5096 1212 5178 καί,
1244 5095 1303 5160 έάν
1330 5100 1349 5161 ὁ
1442 5096 1507 5174 Qui
1529 5099 1650 5160 nuntiat
1672 5110 1757 5162 sotor
1777 5100 1813 5162 fit
1833 5110 1879 5176 et,
1907 5102 1933 5164 si
1960 5103 1986 5164 is
2014 5104 2064 5164 oui
2091 5115 2142 5167 est
2164 5102 2272 5165 mintio-

447 5204 695 5292 παραγγελθεὶς
717 5204 814 5290 κτίσῃ
834 5202 939 5286 χωρίς
962 5214 1162 5288 προτροπῆς,
1186 5200 1243 5268 διά
1261 5206 1349 5285 νομί·
1377 5212 1442 5263 tum
1465 5203 1603 5266 seditieet
1625 5207 1689 5268 sine
1710 5208 1899 5283 remissione,
1926 5210 2085 5272 interdicto
2109 5231 2188 5292 opus
2215 5230 2272 5291 pro

446 5335 511 5394 μον
525 5313 750 5397 παραγγελίας
764 5310 878 5375 κωλύει
895 5309 935 5375 τό
951 5315 1060 5394 λργονι
1071 5308 1129 5357 —⁷
1165 5311 1200 5374 fr.
1214 5314 1241 5373 1.
1252 5317 1268 5387 ξ
1281 5317 1309 5374 6.
1322 5317 1348 5373 7.
1377 5309 1470 5371 hibet.
2071 5317 2108 5380 fr.
2128 5321 2157 5380 1.
2175 5324 2192 5394 g
2209 5320 2235 5381 6.
2250 5318 2272 5375 7.

395 5446 410 5499 ’.
512 5434 586 5505 'Eois¹
609 5436 685 5519 πρὶν
709 5435 841 5521 iratior]
865 5436 981 5516 γείτων
1003 5435 1127 5511 κινήσω
1150 5435 1225 5498 κατ’
1245 5435 1351 5498 αὐτοῦ
1443 5434 1476 5497 si
1499 5444 1660 5516 antequam
1684 5437 1821 5501 aedifioet
1843 5441 1960 5502 vieinus
1982 5450 2090 5504 eontra
2103 5462 2177 5503 eum
2193 5442 2273 5503 aetio

447 5542 506 5621 τὴν
530 5542 664 5625 ἀγωγὴν
690 5542 750 5620 τὴν
773 5540 990 5619 ἀντιθετιιιὴν
1013 5553 1071 5618 τῆς
1098 5542 1265 5626 ἀρνήσεως
1292 5539 1348 5604 καί
1377 5560 1445 5601 nem
1477 5543 1663 5622 negatoriam
1694 5544 1864 5621 intendero,
1896 5558 1926 5610 et
1952 5548 2005 5610 ille
2032 5547 2109 5610 nolit
2137 5549 2273 5610 iudicium

519 5809 528 5840 ¹
548 5808 664 5878 hueusq.
683 5807 749 5879 Syn.
817 5808 828 5840 ²
844 5808 881 5877 μὴ
903 5809 952 5861 τῶν
970 5808 1031 5862 eod.
1095 5806 1210 5861 ⁸habet
1228 5806 1294 5877 Syn.
1448 5805 1457 5837 ¹
1476 5822 1544 5861 oorr.
1565 5814 1701 5878 emptor.

447 5898 458 5929 ⁴
477 5897 526 5951 eir.
545 5898 612 5969 Syn.
696 5896 811 5951 ”habet
828 5896 895 5967 Syn.
973 5894 1052 5950 ‘ein
1075 5894 1151 5966 Syn,
1170 5895 1218 5950 obi
1237 5912 1348 5966 quoque

447 5987 547 6042 desunt
570 5988 650 6042 initio
670 5984 755 6040 verba
774 5985 857 6055 ,μετὰ
876 5985 1084 6060 παραγγελίαν“.
1150 5984 1263 6040 'habet
1281 5984 1346 6057 Syn.
