4842 7018
252 372 255 379 ’
375 400 416 464 ιε
1000 399 1155 467 nisus
1176 401 1294 466 xnrv.
1339 400 1429 466 νιν.
1451 400 1495 466 n.
1518 401 1580 467 111.

373 589 440 641 τῶν
471 579 686 661 κληρονόμων
722 580 904 655 ἀπαίτησιν
933 581 951 642 ό
984 578 1129 667 ἀδελφὸς
1165 582 1276 660 αὐτῆς,
1305 582 1439 655 cesserit,
1467 583 1644 662 petitionem
1672 582 1766 644 babet
1792 581 1937 644 adversus
1964 581 2089 643 heredes
2115 581 2210 642 freter

373 690 399 748 el
423 684 506 763 αὐτή
530 685 691 767 γενέσθαι
714 683 776 762 τὴν
798 688 999 772 ἐπερώτησιν
1021 687 1218 751 ἐνεπόδισενε
1234 723 1276 734 -
1304 689 1382 763 eius,
1410 688 1436 751 si
1467 708 1521 770 per
1552 708 1620 751 eam
1652 688 1766 751 iactum
1793 689 1834 751 sit
1859 689 2020 769 quominus
2046 687 2131 750 fieret
2157 688 2209 749 sti·

1093 795 1128 858 fr.
1146 797 1197 857 89.
1214 801 1230 871 ξ
1248 798 1276 856 5.
1304 795 1430 876 puletio.
2023 796 2059 857 fr.
2076 797 2127 856 89.
2144 801 2161 872 5
2177 798 2208 856 5.

329 946 336 960 .
445 900 519 962 Τῶν
533 900 687 980 ληγάτων
701 898 1052 986 καλφιδακομμίσσων
1066 899 1144 975 τοὺς
1159 902 1278 974 τόκους
1370 902 1557 983 Legatorum
1583 902 1945 983 fideicommissonrmque
1971 923 2078 964 usuras
2106 922 2145 963 ex
2170 922 2208 964 eo

372 1006 405 1089 ἐξ
429 1007 552 1069 ἐκείνου
568 1015 630 1070 τοῦ
643 1016 773 1091 καιροῦ,
798 1011 831 1070 ἐν
846 999 873 1089 ᾧ
889 1009 908 1084 t)
925 1006 999 1084 δίκη
1015 1008 1275 1093 προκατήρχθη,
1304 1018 1448 1090 tempore,
1471 1029 1533 1090 quo
1547 1008 1585 1071 lis
1600 1018 1772 1072 contestato
1786 1008 1885 1085 fuerit,
1907 1010 1971 1091 peti
1989 1028 2079 1090 posse
2093 1017 2207 1070 certum

372 1111 546 1177 δύνασθαι
570 1115 804 1191 ἀπαιτηθῆναι
828 1116 978 1201 φανερόν
995 1119 1094 1196 ἐστιν,
1119 1112 1205 1178 ἀλλά
1219 1113 1275 1180 καὶ
1304 1126 1363 1189 est;
1387 1116 1440 1178 sed
1462 1117 1555 1179 etiam
1576 1117 1693 1179 fructus
1716 1137 1815 1178 rerum
1831 1126 1863 1179 et
1877 1136 2033 1179 servorum
2049 1115 2207 1189 mercedes,

372 1221 405 1282 οί
431 1218 555 1305 καρποί
583 1230 651 1284 τῶν
678 1222 885 1306 πραγμάτων
910 1220 967 1285 καὶ
995 1224 1029 1285 οἱ
1054 1219 1178 1303 μισθοὶ
1210 1232 1278 1285 τῶν
1304 1224 1356 1303 qui
1379 1243 1418 1285 ex
1440 1233 1621 1286 testamento
1644 1224 1802 1298 debentur,
1830 1224 1983 1304 praestari
2008 1242 2131 1284 necesse
2153 1231 2207 1284 est.

372 1325 508 1408 δούλων,
520 1324 638 1401 οἵτινες
645 1330 910 1409 κεχρεῶστηνται
922 1333 957 1392 ἐκ
968 1329 1145 1409 διαθήκης,
1157 1330 1277 1410 ὁμοίως
1946 1351 1970 1392 c
1989 1332 2016 1392 1.
2032 1329 2066 1392 Ο.
2082 1329 2139 1401 VI,
2154 1330 2207 1390 47.

372 1434 586 1519 παρέχεσθαι
610 1434 831 1521 ὀφείλουσιν.1
1014 1459 1039 1499 c.
1058 1440 1084 1497 1.
1100 1437 1133 1499 C.
1150 1437 1207 1511 VI,
1224 1440 1276 1500 47.

615 1610 737 1666 τιτιιο(
757 1612 794 1680 τ’,
815 1612 950 1668 cusator
968 1614 1037 1666 αι’
1515 1611 1682 1670 nunnus
1700 1613 1757 1683 111,
1776 1612 1995 1669 nins1xn1v
2236 1630 2256 1685 ι,
2270 1634 2314 1684 ³2,
2333 1636 2349 1683 r.
2361 1638 2378 1683 ι,

455 1740 518 1811 περὶ
535 1737 657 1810 ληγάτων
675 1740 720 1790 καλ
737 1738 790 1790 τῶν
807 1739 897 1791 πίστει
914 1738 1192 1808 καταλιμπονομόνων.
1534 1737 1569 1792 de
1588 1737 1689 1809 legatis
1707 1745 1736 1794 et
1753 1736 1983 1794 fideicommissis.

300 1869 334 1923 α’.
443 1862 490 1928 Oi
512 1861 651 1927 δύναται
675 1861 903 1926 διατίθεσθαι
927 1862 1276 1944 tauretunensis
1370 1863 1441 1926 Non
1464 1873 1564 1945 potest
1585 1866 1690 1928 testari
1712 1875 1743 1928 et
1756 1865 1859 1948 legata
1873 1866 2040 1946 relinquere
2054 1865 2107 1945 qui
2122 1864 2209 1927 dubi·

372 1968 594 2056 ἀμφιβάλλωυ
622 1971 765 2053 πότερον
791 1967 854 2033 ὑπὸ
882 1970 1012 2054 λῃστῶν
1044 1970 1063 2047 i)
1096 1968 1159 2035 ὑπὸ
1187 1970 1277 2035 πολε·
1304 1979 1351 2033 tat
1372 1979 1474 2032 uuum
1497 1991 1517 2032 ε
1539 1971 1709 2035 latronibus
1732 1993 1773 2035 sn
1796 1973 1835 2036 ab
1862 1973 2003 2036 hostibus
2027 1973 2069 2034 sit
2090 1980 2208 2053 captus,

371 2078 455 2159 μίων
481 2076 631 2162 ἐλήφθη,
659 2075 679 2153 b
703 2078 721 2139 ό
745 2077 886 2158 νομίζων
910 2075 1027 2151 δοῦλος
1049 2073 1141 2157 εἶναι,
1170 2076 1276 2155 ἐπειδή
1303 2077 1354 2140 vel
1376 2078 1429 2159 qui
1451 2086 1541 2159 putat
1562 2077 1620 2164 [se]
1649 2098 1716 2142 esse
1739 2100 1871 2155 servum,
1899 2101 1967 2143 curn
1996 2101 2015 2140 a
2037 2077 2208 2141 latronibus

372 2180 590 2269 cladipotus
604 2183 780 2267 ἐκρατήθη
800 2182 820 2261 i>
840 2182 1039 2268 πρεσβευτής
1062 2206 1112 2258 τις
1128 2183 1174 2246 ὢν
1189 2183 1276 2267 νομί·
1304 2185 1344 2245 sit
1366 2193 1475 2265 captus
1496 2185 1547 2247 vel
1569 2206 1638 2248 cum
1656 2187 1724 2266 quis
1747 2185 1866 2265 legatus
1888 2187 1999 2248 missus
2015 2186 2056 2247 sit
2069 2196 2100 2247 et
2122 2194 2209 2265 putet

372 2291 416 2370 ζει
439 2289 539 2372 μηδέν
561 2290 776 2371 αἰχμαλώτου
799 2291 978 2376 διαφέρειν.
1020 2291 1055 2354 fr.
1075 2295 1152 2373 lpr.
1168 2295 1208 2356 D.
1225 2295 1275 2355 32.
1304 2291 1377 2352 nihil
1403 2311 1435 2352 se
1458 2312 1478 2352 c
1499 2293 1621 2373 captivo
1645 2292 1774 2355 differre.
1949 2292 1984 2354 fr.
2005 2296 2021 2353 1
2039 2313 2084 2373 pr.
2100 2292 2140 2353 D.
2156 2295 2208 2352 32.

436 2393 511 2461 Ἐἀν
534 2395 727 2480 ὑπεξούσιος
745 2395 765 2473 λ
781 2396 898 2471 δοῦλος
914 2396 1046 2461 δάσωσι
1070 2397 1201 2479 ληχάτα
1218 2397 1275 2463 καλ
1370 2397 1404 2459 Si
1425 2395 1639 2460 filiusfamilias
1661 2397 1712 2461 vel
1727 2420 1830 2462 servus
1852 2398 1956 2480 legata
1977 2399 2155 2480 reliquerint
2176 2407 2210 2460 et

372 2502 640 2588 ἐλευθεροόμενοι
664 2508 835 2586 ἐπιμένωσι
860 2508 900 2590 τῇ
923 2504 1012 2590 αὐτῇ
1040 2506 1162 2591 γνώμῃ,
1186 2505 1276 2582 ἐσχύ-
1304 2504 1352 2566 sui
1369 2504 1444 2566 iuris
1459 2505 1558 2567 effecti
1573 2506 1741 2567 manserint
1755 2507 1786 2567 in
1803 2507 1909 2569 eadem
1921 2506 2088 2580 voluntate,
2104 2505 2209 2567 valent

372 2632 477 2691 ουσιν,
509 2607 564 2674 ότε
596 2612 714 2694 ἑτέρως
740 2608 798 2674 καλ
825 2611 886 2674 οὐκ
912 2615 946 2673 ἐν
974 2609 1126 2695 διαθήκῃ
1153 2610 1276 2688 ἐδόθη·
1304 2611 1331 2672 si
1353 2610 1441 2673 aliter
1462 2619 1495 2673 et
1515 2632 1577 2674 non
1595 2613 1629 2674 in
1650 2623 1832 2675 testamento
1855 2614 1916 2675 sint
1939 2613 2025 2686 dats;
2048 2632 2121 2674 narn
2138 2632 2207 2674 cnm

372 2727 431 2794 τῆς
457 2713 524 2799 γάρ
553 2716 721 2795 διαθήκης
748 2715 791 2799 μὴ
814 2720 1006 2802 ἐρρωμένης,
1036 2716 1131 2780 οὐδὲν
1153 2729 1221 2782 τῶν
1243 2722 1276 2782 ἐν
1303 2726 1520 2780 testamentum
1551 2739 1613 2780 non
1641 2719 1740 2794 valet,
1767 2719 1843 2781 nibil
1874 2738 1980 2781 eorum
2007 2740 2086 2800 quae
2112 2720 2145 2780 in
2170 2738 2207 2780 eo

372 2824 457 2911 αὐτῇ
479 2833 608 2909 κρατεῖς
626 2861 666 2871 -
1114 2826 1150 2888 fr.
1169 2828 1195 2888 1.
1213 2832 1230 2902 ξ
1249 2829 1275 2887 1.
1305 2822 1432 2907 [scripta
1454 2823 1539 2908 sunt]
1563 2825 1654 2888 valet
2049 2826 2086 2888 fr.
2105 2830 2131 2887 1.
2146 2832 2162 2902 ξ
2179 2828 2207 2886 1.

443 2929 483 2994 Οἱ
519 2931 791 3015 περιορισθέντες
823 2932 898 2994 οὔτε
936 2930 1164 2996 διατίθεσθαι
1201 2933 1277 2996 οὔτε
1369 2932 1433 3010 Qui
1456 2933 1607 3013 deportati
1634 2943 1706 2994 sunt
1733 2953 1829 3015 neque
1856 2935 1963 2996 testari
1985 2953 2084 3013 neque
2107 2934 2208 3013 legata

372 3036 503 3118 ληγάτα
526 3036 655 3102 διδόναι
680 3036 855 3101 δύνανται·
879 3038 1033 3112 ἀπόλιδες
1056 3040 1122 3122 γάρ
1146 3036 1254 3101 εἰσιν.3
1303 3038 1471 3119 relinquere
1485 3048 1626 3119 possunt;
1642 3040 1707 3101 sine
1723 3040 1847 3103 civitate
1862 3041 1943 3102 enirn
1958 3048 2039 3102 sunt
2066 3038 2206 3116 fr.1.§2.

1112 3144 1275 3222 ἠλξλ

438 3249 664 3336 Περιορισμός
690 3260 762 3315 νοεῖ
784 3247 862 3326 τοὺς
889 3248 956 3315 ἀπό
983 3252 1147 3338 βασιλέως
1170 3274 1276 3337 περιο-
1369 3251 1550 3333 Deportatio
1577 3253 1729 3333 significat
1755 3275 1805 3316 eos
1833 3255 1887 3335 qui
1915 3274 1935 3315 ε
1957 3254 2094 3335 principe
2116 3253 2165 3316 vel
2187 3274 2208 3314 ε

373 3358 556 3441 ρισθέντας
588 3358 607 3436 λ)
640 3368 702 3422 τοῦ
731 3360 881 3440 ἐπάρχου
912 3360 1126 3443 πραιτωρίων
1158 3397 1199 3407 -
1233 3397 1275 3407 -
1304 3358 1456 3440 praefecto
1480 3361 1630 3441 praetorio
1653 3360 1859 3441 deportantur,
1887 3397 1930 3409 -
1953 3362 2072 3441 -qui
2094 3380 2165 3423 vero
2187 3380 2208 3420 ε

370 3463 508 3550 βασιλικ
523 3513 556 3528 ..
580 3464 599 3542 i>
623 3474 684 3529 τοῦ
706 3467 855 3549 ἐπάρχου
878 3476 936 3542 τῆς
957 3466 1093 3540 πόλεως·
1118 3469 1150 3530 oi
1164 3470 1275 3549 μέντοι
1304 3465 1531 3545 magistratibus
1557 3468 1762 3547 deportantur,
1794 3468 1890 3530 donec
1916 3466 1948 3529 id
1978 3468 2060 3548 quod
2092 3467 2206 3529 fuctum

372 3569 466 3655 παρὰ
493 3582 560 3635 τῶν
588 3573 765 3656 ἀρχόντων
792 3573 1058 3655 περιοριζόμενοι,
1086 3577 1146 3648 έως
1174 3566 1214 3637 οὗ
1237 3572 1276 3638 τό
1304 3582 1351 3635 est
1371 3582 1473 3635 ratum
1496 3573 1610 3636 habeat
1631 3575 1778 3655 princeps,
1802 3595 1863 3636 non
1880 3575 2025 3636 omittunt
2043 3574 2207 3646 civitatem,

373 3675 509 3759 γεγονός
524 3680 543 3741 ὁ
558 3674 713 3763 βασιλεὺς
729 3678 940 3761 ἀποδέξηται,
959 3691 1018 3756 τῆς
1034 3680 1200 3754 πολιτείας
1216 3682 1278 3744 οὐκ
1304 3688 1335 3742 et
1356 3679 1424 3742 ideo
1446 3680 1472 3742 si
1495 3689 1565 3762 post
1586 3681 1767 3742 sententiam
1791 3690 1861 3742 ante
1883 3682 2062 3762 rescriptum
2080 3681 2207 3741 morian·

373 3786 596 3865 ἐκπίπτουσιν,
620 3781 714 3865 ὅθεν,
738 3782 796 3849 ἐάν
818 3783 900 3868 μετά
918 3785 979 3863 τήν
1001 3797 1123 3871 ψῆφον
1138 3785 1278 3871 πρὸτῆς
1305 3796 1366 3861 tur,
1390 3786 1492 3866 legata
1514 3786 1554 3849 ab
1576 3788 1619 3849 eis
1641 3786 1747 3849 relicta
1769 3787 1880 3850 valent
2045 3786 2081 3849 fr.
2100 3789 2126 3847 1.
2144 3793 2160 3862 ς
2178 3790 2207 3847 3.

374 3895 585 3978 ἀντιγραφῆς
599 3892 826 3972 τελευτήσωσι,
843 3890 887 3956 τά
902 3892 982 3979 παρ’
995 3894 1106 3956 αὐτῶν
1122 3892 1278 3974 διδόμενα

372 3998 503 4080 ληχάτα
525 4002 684 4083 ἐρρωταιι
701 4036 743 4046 -
1116 4001 1152 4062 fr.
1170 4004 1197 4062 1.
1215 4008 1231 4078 5
1249 4005 1277 4063 3.

443 4104 482 4169 Oi
504 4103 539 4169 δέ
558 4109 658 4187 ἐντῷ
677 4105 1276 4191 περιορισμῷγενόμενοικωδίκελλοι,
1371 4105 1510 4170 Oodioilli
1537 4107 1576 4169 ab
1599 4107 1636 4168 iis
1664 4108 1717 4187 qui
1739 4108 1890 4188 deportati
1913 4116 1985 4169 sunt
2011 4107 2094 4181 facti,
2121 4108 2147 4168 si
2169 4127 2208 4168 ex

372 4209 430 4277 ἐίιυ
453 4216 489 4276 ἐκ
505 4223 563 4289 τῆς
581 4210 757 4297 βασιλικῆς
779 4214 971 4300 φιλοτιμίας
991 4215 1277 4278 ἀποκαταστῶσιν
1304 4212 1454 4295 imperiali
1477 4213 1683 4277 benivolentia
1704 4215 1904 4276 restituantur
1920 4214 1973 4295 qui
1989 4214 2116 4276 fecerint
2138 4234 2207 4276 ean-

373 4322 405 4382 οἰ
428 4319 626 4396 ποιήσαντες
640 4318 699 4384 καλ
714 4319 763 4384 ἐπὶ
780 4331 838 4397 τῆς
854 4321 956 4397 αὐτῆς
979 4318 1121 4402 μένωσι8
1136 4322 1276 4403 γνώμης,
1304 4320 1431 4401 demque
1454 4321 1642 4382 voluntatem
1665 4321 1860 4395 servaverint,
1882 4320 1995 4384 valent
2044 4320 2082 4384 fr.
2100 4325 2128 4383 1.
2144 4327 2161 4398 ς
2177 4324 2205 4382 5.

372 4430 551 4511 ἐρρωνταιε
568 4463 610 4473 -
1114 4428 1149 4489 fr.
1169 4430 1229 4505 1.§
1248 4432 1276 4490 5.

302 4544 335 4619 ῥ’.
439 4529 521 4596 Άπδ
545 4532 791 4615 ἀμνημονεύτου
814 4531 942 4615 παιδός,
966 4532 1068 4598 ελκαλ
1085 4533 1278 4617 ἀπεξοόσιός
1371 4532 1402 4594 Α
1424 4533 1485 4596 filio
1508 4535 1679 4615 praeterito,
1707 4534 1846 4615 quamvis
1872 4535 1905 4597 in
1931 4543 2083 4615 potestate
2107 4535 2205 4608 fuerit,

373 4644 472 4721 ἐστιν,
497 4640 536 4703 οὐ
557 4640 843 4722 καταλιμπάνεται
1168 4640 1216 4724 [fr.
1233 4641 1274 4722 2.]
1303 4660 1364 4701 non
1386 4639 1566 4720 relinquitur
2099 4642 2147 4726 [fr.
2164 4642 2204 4722 2.]

224 4760 271 4828 sol.
285 4765 336 4814 τυ.
373 4751 578 4831 ἐπερωτῆσαι
606 4743 645 4810 τό
674 4744 774 4829 ήμισυ
796 4758 854 4824 τῆς
882 4744 1019 4832 προικός
1046 4747 1081 4830 ἐξ
1104 4745 1276 4820 ἀπαιδίας·
1306 4745 1446 4827 stipulari
1473 4747 1630 4809 dimidium
1653 4748 1731 4810 dotis
1758 4748 1784 4810 si
1811 4748 1875 4811 sine
1896 4748 1999 4811 liberis
2021 4747 2205 4831 [decesserit]

224 4831 335 4958 [22¹ss
372 4851 430 4917 καλ
462 4853 616 4933 ἐπιζήσας
648 4853 782 4917 ἐκδώσω
814 4852 931 4935 αὐτὴν,
964 4862 1088 4937 προῖκα
1119 4850 1276 4932 δεδωκὼς,
1304 4862 1336 4915 et
1357 4854 1447 4916 vivus
1468 4875 1535 4916 eam
1559 4853 1749 4917 collocavero
1772 4855 1873 4917 dotem
1896 4855 1973 4918 dans
1988 4865 2020 4919 et
2040 4865 2112 4937 post
2131 4875 2207 4917 mor·

228 4974 326 5045 pes-iit]
373 4958 430 5023 καλ
453 4957 536 5041 μετά
559 4961 718 5025 θάνατόν
740 4982 805 5042 μου
826 4960 1001 5047 τελευτήσῃ
1024 4962 1043 5023 ὁ
1065 4957 1149 5044 ἀνήρ
1166 4960 1277 5039 αὐτῆς,
1305 4968 1366 5021 tem
1393 4981 1492 5023 meam
1519 4961 1681 5023 decesserit
1710 4962 1758 5024 vir
1784 4962 1848 5023 eius
1870 4972 1902 5025 et
1928 4963 2031 5025 dotem
2057 4962 2206 5043 accipiens

372 5064 430 5130 καλ
448 5065 602 5151 λαβοῦσα
621 5065 681 5144 τήν
696 5076 821 5151 προῖκα
838 5070 937 5153 ἑτέρῳ
953 5066 1130 5153 συναφθῇ,
1155 5074 1279 5149 προῖκα
1307 5065 1393 5128 alteri
1423 5067 1559 5148 nupserit
1581 5067 1683 5129 dotem
1706 5067 1846 5141 offerens,
1874 5079 2036 5150 praesente
2058 5069 2152 5131 fratre
2177 5076 2207 5130 et

374 5171 612 5257 παρασχομένη
635 5175 803 5255 παρόντος
831 5183 893 5238 τοῦ
914 5173 1063 5261 ἀδελφοῦ
1084 5171 1142 5236 καλ
1166 5194 1278 5236 συναι-
1306 5175 1510 5236 consentiente
1539 5194 1639 5255 neque
1671 5174 1834 5255 stipulante
1868 5174 1940 5259 [sibi
1966 5175 2067 5260 reddi]
2100 5176 2206 5247 dotem,

373 5288 511 5354 νοῦντος
528 5277 586 5343 καλ
604 5278 647 5362 μή
663 5283 893 5365 ἐπερωτῶντος
916 5278 975 5357 τὴν
999 5288 1131 5363 προῖκα,
1154 5276 1211 5343 καλ
1231 5300 1278 5342 τε·
1306 5279 1525 5361 decesseritque
1556 5281 1589 5341 in
1616 5282 1808 5342 matrimonio
1835 5282 1935 5345 virum
1963 5283 2096 5345 scribens
2127 5282 2206 5345 here

373 5386 512 5472 λευτήσῃ
536 5389 569 5449 ἐν
591 5389 639 5467 τῷ
662 5387 757 5468 γάμρι
773 5386 944 5473 γράψασα
960 5384 1020 5450 τὸν
1037 5385 1147 5467 ἀνδρα
1161 5384 1279 5468 κληρο-
1305 5387 1383 5460 dem,
1405 5407 1467 5449 non
1489 5387 1582 5450 habet
1607 5387 1702 5449 frater
1724 5389 1789 5450 eius
1811 5389 1906 5468 legati
1931 5389 2120 5471 petitionem
2147 5410 2206 5450 non

373 5494 485 5575 νόμον,
501 5494 561 5556 οὐκ
574 5496 639 5570 ἔχει
650 5494 668 5555 ό
679 5490 824 5579 ἀδελφὸς
834 5494 936 5570 αὐτῆς
950 5501 1012 5556 τοῦ
1020 5492 1168 5574 ληγάτου
1183 5492 1279 5555 ἀπαί·
1306 5493 1386 5553 eninr
1402 5515 1441 5556 ex
1455 5503 1637 5556 testamento
1652 5494 1726 5556 data
1741 5494 1800 5557 fuit
1815 5496 1878 5557 dos.
1924 5495 1959 5556 fr.
1970 5497 2022 5557 41.
2038 5500 2096 5572 97.
2106 5495 2146 5558 D.
2157 5498 2206 5559 32.

373 5620 478 5681 τησιν,
501 5596 609 5676 ἐπειδὴ
633 5599 694 5662 οὐκ
709 5602 745 5662 ἐκ
760 5597 929 5679 διαθήκης
944 5599 1052 5675 ἐδόθη
1068 5600 1088 5675 ἡ
1104 5598 1218 5682 προίξι
1234 5635 1277 5645 -

972 5707 1075 5768 alr.
1092 5712 1108 5783 ς
1128 5710 1155 5767 ι.
1173 5706 1210 5766 n.
1227 5709 1278 5767 ss.

447 5848 455 5878 ¹
474 5847 562 5902 isdem
581 5846 641 5902 fere
662 5847 757 5902 verbis
775 5846 842 5917 Syn.
933 5846 1003 5901 ’ite
1020 5847 1050 5899 in
1068 5844 1183 5900 scholiis
1202 5843 1278 5916 Syn,

374 5953 430 5990 non
448 5936 561 5991 laudato
580 5936 649 5991 loco.
722 5934 786 6007 'pb
805 5925 856 5989 ὦσι
874 5934 934 5989 cod.
