4680 7114
734 1179 1140 1260 BASILIOORUM
1170 1182 1536 1262 FRAGMENTA
1569 1178 1906 1263 DEPERDITA

408 1394 447 1438 cx
469 1376 611 1459 operibus
632 1376 805 1439 Daunum
820 1376 1031 1446 (inomni-m
1055 1378 1128 1441 iuris
1150 1381 1372 1443 commentariis
1395 1379 1485 1442 oditis
1503 1377 1716 1460 compluribus,
1738 1376 1823 1439 libn's
1841 1375 2056 1456 manuscriptis
2072 1374 2204 1439 muium

474 1587 548 1671 Ἦ,
565 1592 594 1664 3,
610 1593 639 1653 2.
672 1586 719 1653 Τό
735 1584 838 1666 ἧττον
859 1589 910 1654 lul
926 1600 993 1655 τῶν
1007 1593 1154 1678 ἀσαφῶν
1169 1592 1310 1675 δπιλεμό·
1403 1591 1495 1672 Quod
1515 1591 1614 1653 minus
1636 1599 1683 1654 est
1704 1591 1737 1652 in
1759 1589 1909 1669 ambiguis
1930 1589 2091 1670 sequimur.
2130 1589 2206 1651 [mm
2270 1646 2274 1655 .

407 1695 511 1776 μεδα.
551 1685 676 1760 Ἦττον
691 1695 726 1760 δὲ
746 1718 853 1783 φασιν
868 1699 901 1760 oi
919 1696 1112 1783 έρμηνευταλ
1130 1695 1170 1762 τὸ
1185 1700 1310 1785 κουφό·
1337 1700 1442 1762 dicunt
1456 1699 1633 1780 interpretes
1648 1698 1679 1760 id
1693 1697 1774 1780 qnod
1789 1704 1835 1760 ost
1849 1696 1957 1760 levius.
1988 1692 2038 1781 (fr.
2049 1698 2077 1757 9.
2085 1696 2206 1775 D.l,l7.l

408 1799 536 1886 τιρον.’
985 1803 1086 1891 (Dem.
1103 1807 1209 1868 Chom.
1226 1808 1310 1888 358.)

474 1906 489 1940 *
504 1910 583 1986 lue,
589 1914 641 1974 40.
658 1907 961 1994 [εολιολθεματίσας
971 1910 1005 1975 δέ
1019 1934 1069 1986 τις
1079 1922 1146 1975 τῶν
1161 1913 1311 1977 παλαιῶν
1403 1912 1578 1994 [Illustrans
1599 1911 1724 1995 quidam
1738 1919 1876 1974 veterum
1890 1910 2075 1972 extrinsecus
2088 1908 2140 1971 hoo
2150 1908 2208 1990 capi

409 2016 538 2100 ἔξωθεν
565 2025 627 2081 τοῦ
658 2015 814 2081 τοιούτου
844 2018 1031 2104 κεφαλαίου
1062 2015 1150 2082 οὕτω
1178 2018 1310 2107 φησὶν]
1338 2019 1437 2083 tulum
1460 2021 1501 2081 sit
1522 2018 1593 2103 ait]:
1617 2018 1649 2081 Si
1672 2018 1836 2101 promisero
1851 2016 1883 2079 id
1897 2015 1978 2099 quod
1994 2036 2035 2077 cx
2049 2014 2208 2077 ancillans·

407 2119 482 2186 Ἐάν
499 2122 696 2205 ὑπόσχωμαι
721 2120 761 2188 τό
777 2128 817 2210 τῇ
837 2124 937 2211 δούλη
952 2147 1016 2206 μου
1030 2124 1311 2212 κυοφοροόμινον,
1339 2128 1524 2190 ηοεοίῐιιιιιιιι
1552 2135 1611 2201 est,
1634 2134 1707 2188 tunc
1728 2125 1759 2187 id
1782 2146 1802 2187 a
1824 2144 1872 2186 mc
1893 2124 2019 2205 potitur,
2044 2143 2110 2186 cum
2129 2132 2209 2185 notun

409 2231 485 2295 τότι
508 2231 712 2311 άπαιτοῦμαι
737 2228 821 2294 αὐτὸ
838 2228 922 2295 ὅταν
936 2229 993 2295 καλ
1012 2233 1170 2318 γεννηθῇ,
1195 2234 1235 2297 οὐ
1248 2232 1313 2316 μὴν
1339 2233 1438 2308 fucrit,
1457 2254 1518 2295 non
1538 2253 1609 2296 vero
1629 2240 1701 2295 ente
1715 2241 1829 2295 natum.
1867 2231 1899 2293 id
1913 2231 1993 2292 enim
2013 2250 2111 2292 rcrum
2128 2238 2210 2290 mtun
2276 2268 2277 2299 ι

410 2336 444 2401 δὲ
476 2334 541 2421 πρὸ
569 2346 631 2401 τοῦ
657 2346 808 2401 τοκετοῦ·
840 2347 940 2402 τοῦτο
968 2335 1034 2423 γάρ
1066 2341 1086 2416 ι)
1113 2338 1215 2427 φύσις
1246 2350 1313 2404 των
1340 2362 1401 2403 non
1423 2339 1499 2403 vult.
2008 2335 2064 2424 (ad
2077 2336 2110 2398 ir.
2125 2337 2160 2398 ³9
2173 2334 2210 2418 ib)

410 2463 433 2508 π
526 2445 618 2508 άτωυ
641 2444 702 2508 obn
724 2446 865 2508 άπαιτεῖ.
1032 2467 1088 2509 cm.
1105 2447 1211 2509 Ohom.
1228 2449 1301 2510 362.

435 2465 564 2627 OVIV,
583 2554 614 2627 1,
632 2554 660 2614 9.
683 2551 803 2633 [schol:
831 2552 917 2632 ζήτει
939 2447 1081 2616 καλῗδν
1102 2552 1231 2636 ἔξωθεν
1253 2448 1314 2616 τοί
1393 2554 1527 2635 [Qusere
1541 2552 1735 2615 ctsxtraboo
1744 2552 1910 2634 capitulum
1921 2561 2055 2615 semrom
2068 2547 2211 2632 dicmtcnl:

410 2658 567 2722 corniton
588 2658 775 2745 κεφαλαίου
798 2657 941 2724 παλαιόν
955 2660 1123 2745 λέγοντα]
1156 2658 1190 2723 Ὁ
1212 2660 1313 2741 μονά·
1341 2661 1403 2739 Qui
1425 2660 1592 2723 monachus
1613 2659 1649 2722 fit
1670 2659 1794 2741 impunc
1815 2659 1906 2722 solvit
1922 2679 2003 2740 quse
2026 2659 2131 2720 inierat
2148 2676 2212 2738 spon

276 2824 284 2845 ,
412 2788 475 2840 σας
502 2767 646 2847 ἀζημίως
673 2764 739 2829 λύει
771 2762 811 2843 ἣν
842 2768 973 2843 ἐποίησε
1003 2768 1191 2850 μνηστείαν,
1224 2771 1250 2830 εί
1279 2765 1313 2829 δὲ
1341 2768 1431 2841 salia;
1454 2768 1561 2847 siquis
1577 2776 1679 2830 autem
1696 2775 1766 2848 post
1780 2766 2004 2828 matrimonium
2020 2765 2055 2827 fit
2069 2763 2212 2835 monachus,

411 2872 565 2954 γαμήσας
597 2873 767 2954 ἐμόνασεν,
796 2872 966 2938 ὑπόκειται
994 2877 1043 2956 τῷ
1069 2871 1136 2945 άπδ
1166 2873 1314 2950 τελευτῆς
1340 2874 1466 2957 perinde
1488 2874 1619 2937 habetur
1640 2882 1732 2955 atquo
1754 2873 1780 2935 si
1802 2882 1938 2936 mortuus
1959 2872 2060 2935 fucrit

409 2980 514 3061 κάσφ.
1014 2981 1113 3061 (Dom
1130 2981 1237 3043 Chom.
1254 2982 1316 3062 81.)

475 3083 625 3162 *xv,4,
645 3089 738 3149 1-3.
781 3084 828 3151 Ol
850 3090 1025 3165 κατέχεται
1049 3089 1069 3164 ι)
1092 3085 1173 3169 μανι)
1197 3091 1233 3150 ἐκ
1247 3098 1315 3151 των
1407 3086 1478 3149 Non
1500 3095 1620 3149 tenetur
1641 3086 1749 3150 mulier
1769 3107 1808 3149 ox
1825 3086 1882 3150 vin·
1900 3086 2116 3162 contractibus,
2136 3104 2214 3166 quan

410 3202 471 3257 τοῦ
486 3189 608 3277 ἀνδρὸς
624 3192 909 3276 συναλλαγμάτων
923 3191 988 3258 κάν
1002 3194 1200 3276 ἐγγυήσηται
1211 3190 1315 3257 αὐτὸν
1341 3195 1388 3257 vis
1409 3215 1466 3276 pro
1489 3215 1524 3257 eo
1545 3193 1725 3256 fideiussorit
1747 3213 1805 3274 ope
1827 3194 2083 3256 senatusconsulti
2096 3191 2214 3262 vellensi,

411 3302 456 3375 ως
477 3303 514 3364 ὲκ
537 3308 599 3364 τοῦ
619 3298 803 3385 βελιανείου
831 3300 997 3381 δόγματος
1019 3299 1234 3386 βοηθουμίυη
1256 3298 1314 3365 καί
1341 3321 1439 3383 noque
1465 3300 1619 3383 publicato
1646 3301 1703 3363 viri
1733 3300 1915 3382 patrimonio
1944 3302 1977 3363 in
2009 3299 2214 3382 publicationem

411 3405 486 3471 coos
513 3405 732 3489 δημευομένου
759 3415 820 3470 τοῦ
847 3404 970 3491 άυδρδς
997 3408 1245 3489 συνυπάγονται
1273 3411 1314 3494 τῇ
1341 3408 1545 3472 devolvuntur
1571 3428 1619 3470 res
1646 3407 1749 3470 moris
1777 3428 1875 3489 neque
1904 3407 1986 3471 bona
2012 3403 2215 3490 paraphcmslis

410 3512 560 3596 δημεύσει
592 3509 637 3577 τά
669 3515 852 3599 πράγματα
884 3524 941 3591 τῆς
975 3511 1132 3596 γυναικὸς
1164 3514 1239 3579 οὐδὲ
1270 3510 1315 3578 τά
1341 3515 1499 3578 subiacent
1519 3514 1578 3579 viri
1599 3514 1783 3577 muneribus.

411 3622 597 3706 ἐξώπροικα
623 3620 814 3685 ὑπόκεινται
842 3629 916 3696 ταῖς
942 3631 1004 3686 τοῦ
1026 3619 1149 3706 άνδρδς
1171 3621 1315 3706 λειτουρ-

410 3728 507 3810 γίαις.
991 3729 1091 3812 (Dem.
1107 3728 1212 3792 Ohom
1229 3730 1315 3812 314.)

476 3834 573 3911 XVI,
591 3838 623 3910 l,
641 3838 668 3898 7.
704 3832 736 3900 ‘0
763 3842 825 3898 τοῦ
850 3833 998 3921 ἐδάφους
1024 3835 1204 3918 οἰκήματος
1231 3838 1315 3914 ἔχων
1408 3836 1471 3915 Qui
1494 3835 1550 3899 soli
1572 3836 1692 3898 aedium
1719 3835 1940 3899 usumfmctum
1962 3835 2071 3912 habet,
2096 3852 2217 3918 quscmr

411 3939 473 4019 τὴν
484 3952 618 4027 χρῆσιν,
638 3940 817 4019 οίαδηποτε
830 3940 930 4027 κέρδη
945 3940 1015 4006 ἐστὶ
1031 3952 1099 4006 των
1114 3943 1313 4024 οἰκημάτων,
1341 3963 1400 4024 quc
1422 3943 1508 4005 lucra
1529 3942 1650 4005 aedium
1672 3951 1752 4019 sunt,
1773 3943 1838 4025 ipse
1859 3942 1961 4006 habet

412 4045 513 4123 αὐτὸς
535 4051 608 4126 ἔχει.
1066 4050 1151 4133 (Syn.
1167 4051 1209 4126 X,
1225 4054 1256 4131 4,
1275 4052 1315 4130 2.)
1864 4047 1912 4137 (fr.
1930 4055 1958 4113 7.
1974 4056 1992 4128 ξ
2010 4053 2040 4113 1.
2056 4052 2096 4112 D.
2110 4047 2176 4123 VIl,
2188 4043 2217 4129 1.)

476 4156 573 4230 XVI,
595 4160 627 4231 1,
647 4157 700 4216 44.
749 4152 878 4232 Καινὴν
905 4156 1073 4242 άμφιάσιυ
1102 4156 1218 4242 βαλεῖν
1245 4165 1315 4231 τοῖς
1408 4156 1533 4220 Novum
1555 4157 1713 4220 tectorium
1736 4157 1888 4239 imponere
1906 4157 2076 4239 parictibus
2090 4152 2217 4238 quisuis

412 4263 662 4349 άυαμφιάστοις
677 4262 803 4339 τοίχοις
818 4263 837 4325 ό
853 4260 913 4339 τὴν
925 4273 1049 4346 χρῆσιν
1063 4264 1149 4341 δχων
1164 4264 1204 4327 οὐ
1219 4263 1315 4328 δύνα·
1341 4264 1469 4329 finissent
1491 4263 1732 4327 usustnctuarius
1746 4285 1808 4327 non
1825 4273 1934 4346 potest,
1956 4266 2080 4328 mmctai
2093 4262 2218 4327 muium

411 4391 477 4450 ται,
509 4366 576 4433 κάν
606 4369 783 4455 κρείττονα
815 4366 876 4446 τὴν
907 4371 1036 4454 αἳρεσιν
1063 4378 1125 4434 τοῦ
1151 4368 1316 4435 δυσπότου
1342 4392 1467 4434 causam
1489 4370 1605 4433 domini
1627 4371 1764 4434 factumn
1786 4372 1833 4434 sit
1918 4368 1970 4457 (rr.
1985 4373 2040 4436 44.
2054 4372 2096 4435 D.
2110 4368 2176 4443 VlI,
2189 4364 2218 4449 1.)

412 4483 505 4540 ποιεῖ.
1009 4476 1163 4559 (Epitomc
1178 4479 1236 4554 VI,
1253 4479 1315 4561 34.)

477 4582 609 4657 XVIII,
626 4585 659 4658 ὅ,
676 4584 695 4643 3
711 4582 755 4645 th.
772 4587 800 4646 7.
839 4580 913 4647 Ἐάν
935 4583 1176 4667 ἐλευθεριάζων
1199 4584 1316 4660 δοῦλος
1409 4584 1443 4647 Si
1465 4605 1586 4660 servus,
1613 4585 1664 4666 qui
1691 4605 1724 4647 se
1746 4606 1801 4667 pro
1823 4584 1917 4648 liboso
1944 4586 2035 4666 gerit,
2064 4585 2142 4667 apnd
2161 4601 2219 4646 oon·

413 4690 592 4766 δικάσηται
624 4686 718 4774 παρά
750 4691 871 4774 αἱρετῷ
903 4688 1046 4776 δικαστῇ
1077 4690 1098 4768 δ
1129 4692 1315 4774 ἑμπράκτῳ,
1342 4692 1570 4775 promissorium
1586 4693 1636 4756 vel
1650 4691 1835 4755 ordinarium
1851 4691 1981 4756 iudicem
1995 4691 2162 4774 litigaverit,
2180 4706 2220 4749 noc

413 4796 488 4861 οὔτε
511 4794 668 4882 περὶτῶν
683 4797 934 4882 ψηφισθέντων
949 4797 1024 4861 οὔτε
1040 4795 1113 4882 περὶ
1129 4809 1187 4875 τῆς
1202 4810 1317 4876 ποινῆς
1342 4801 1380 4861 de
1403 4800 1536 4862 iudicato
1563 4819 1619 4862 nec
1645 4799 1682 4861 dc
1709 4819 1807 4880 poena
1833 4799 1924 4862 datur
1951 4798 1989 4862 dc
2015 4799 2135 4882 pocullo
2153 4794 2220 4863 actia

413 4902 544 4968 δίδοται
572 4901 645 4987 περὶ
672 4912 733 4968 τοῦ
759 4904 932 4967 πεκουλίου
959 4904 1086 4986 ἀγωγή·
1114 4906 1249 4989 άρμόζει
1282 4906 1316 4970 δὲ
1342 4907 1486 4989 competit
1508 4915 1610 4969 autom
1633 4906 1665 4967 in
1687 4904 1855 4969 traiectioia
1875 4906 2015 4987 pecunia

412 5008 463 5076 ccl
487 5018 558 5084 τοῖς
581 5009 787 5084 διαποντιόις
806 5010 985 5094 χρήμασιν.
1007 5011 1161 5093 (Epitome
1177 5013 1235 5088 IX,
1253 5015 1316 5096 31.)
1870 5013 1917 5093 (fr.
1934 5017 1963 5077 3.
1980 5018 1998 5092 9
2014 5016 2045 5075 8.
2060 5013 2103 5074 D.
2114 5008 2180 5083 XV,
2194 5006 2221 5084 l.)

478 5116 494 5148 *
508 5117 640 5193 xm,
653 5121 692 5181 15
706 5117 848 5202 [borbel
865 5113 962 5202 Ὅπερ
978 5117 1133 5193 ἐπώλησα
1142 5120 1182 5182 οὐ
1191 5121 1316 5200 γίνεται
1409 5120 1503 5201 [utin
1518 5119 1628 5204 textu]
1652 5118 1745 5199 Quod
1767 5118 1891 5182 vendidi
1912 5139 1975 5182 non
1996 5119 2029 5181 id
2051 5119 2088 5181 m
2101 5115 2220 5197 εοοίμίῦ

412 5233 474 5289 τοῦ
500 5223 678 5310 λαβόντος,
707 5228 733 5287 εἰ
760 5222 803 5305 μὴ
827 5223 920 5311 δοθῇ
947 5220 987 5288 τό
1015 5225 1140 5308 τίμημα
1162 5225 1183 5302 δ
1207 5228 1317 5290 ἱκανο·
1344 5228 1390 5303 tis,
1413 5227 1472 5290 nisi
1495 5227 1601 5289 datum
1623 5226 1663 5288 sit
1684 5226 1814 5308 pretium
1836 5234 1892 5290 aut
1912 5226 1988 5289 satis
2005 5225 2114 5290 datum
2134 5224 2169 5287 sit
2182 5228 2221 5281 sul

414 5331 514 5396 δοσία
536 5330 556 5408 δ
579 5333 657 5395 ἄνευ
673 5330 888 5405 ἱκαυοδοσίας
902 5331 1158 5396 καταπιστεόοω
1175 5336 1222 5413 τῷ
1238 5335 1316 5414 άγο-
1344 5334 1408 5397 sino
1431 5333 1629 5396 safisdationc
1649 5332 1740 5397 fidem
1762 5333 1907 5416 emptoris
1928 5333 1987 5396 sim
2008 5342 2138 5397 sscuwa

414 5441 533 5525 ραστῇ.
994 5438 1094 5523 (Dem.
1109 5439 1214 5503 Chom.
1232 5442 1317 5523 300.)
1872 5437 1921 5526 (tr.
1939 5441 1989 5508 19.
2005 5440 2045 5507 D.
2060 5437 2179 5513 XVIII»
2192 5428 2221 5515 1.)

487 5616 496 5650 ¹
513 5614 619 5670 Partim
636 5616 692 5670 iam
711 5615 863 5685 collegerat
879 5613 911 5670 Ο.
920 5614 953 5669 Ε.
966 5614 1151 5670 Zachariueus
1167 5615 1316 5688 alingon-

415 5704 474 5759 tbal
496 5703 1318 5774 Beiouqomnrictmsdsaumounccrssmutm

414 5797 536 5864 p.17sq.
567 5792 646 5858 Quae
657 5794 719 5863 ipso
731 5792 832 5865 collegi
848 5794 1097 5849 asterisconotavi.
1168 5792 1232 5848 ¹In
1250 5792 1317 5849 Bas.

416 5881 497 5936 editis
518 5881 589 5936 haec
610 5881 694 5936 hodic
717 5881 805 5937 solum
828 5881 969 5954 leguntur:
992 5880 1054 5937 Ἐπὶ
1077 5883 1129 5936 τῶν
1151 5883 1267 5952 ἀσαφῶν
1285 5882 1316 5937 τὸ

416 5963 493 6040 ἧττον
511 5969 703 6043 ίπιλεφόμεθοι.
