4978 7018
955 449 1108 519 LIBER
1128 447 1272 515 XXXII.
1309 447 1447 514 ΤΙΉ.
2075 455 2116 518 35

285 635 460 721 προικιβων
476 634 689 720 συμβολαίων
705 638 767 716 εἴγε
784 630 890 721 (μετὰ)
906 642 1015 698 ταῦτα
1025 631 1189 709 ποιήσειεν
1216 631 1315 692 larum
1347 630 1603 714 [confectionem]‚
1641 633 1667 694 si
1699 653 1775 713 ques
1807 633 1890 709 iecit,
1922 635 1973 697 vel
2002 643 2118 716 postea,

285 742 385 822 ἣκαλ
407 740 491 827 μετά
513 750 630 822 ταῦτα,
655 746 681 805 εἰ
707 740 764 805 καί
787 742 884 823 μόνοι
906 740 1044 822 μείνειεν
1067 741 1100 803 σί
1121 749 1189 807 τῶν
1216 737 1289 800 licet
1319 738 1376 800 soli
1403 739 1556 819 supersint
1582 738 1636 805 filii
1663 748 1735 802 ante
1763 740 1879 803 dotalia
1905 742 2120 821 [instrumenta

285 849 460 936 προικβων
483 848 604 930 παῖδες,
628 847 787 933 δευτέρων
810 848 886 924 tot
900 848 1081 929 γενομένων
1096 844 1115 922 i)
1131 842 1188 909 καί
1216 844 1301 924 nati]‚
1334 844 1475 906 secundis
1506 845 1557 909 vel
1588 866 1650 909 non
1676 847 1757 910 natis
1785 847 1835 911 vel
1860 858 2021 928 postquam
2053 851 2120 911 nati

284 953 367 1039 μετά
389 953 429 1020 τό
445 955 606 1038 γενέσθαι
622 954 897 1035 τελευτησάντων,
921 952 1089 1035 (βηθησάν
1104 973 1189 1026 τινες
1216 959 1327 1026 essent,
1355 953 1493 1027 mortuis,
1525 952 1775 1016 existimaverunt
1801 954 1926 1039 quidam
1948 976 2010 1019 non
2031 976 2119 1036 posse

285 1066 325 1145 οὐ
364 1062 537 1128 δύνασθαι
575 1058 653 1136 τοὺς
691 1061 862 1146 δευτέρους
904 1056 986 1124 εἶναι
1023 1060 1188 1142 γνησίους,
1216 1058 1363 1120 secundos
1386 1079 1451 1121 esse
1473 1058 1631 1141 legitimos,
1654 1081 1723 1122 cum
1742 1070 1833 1125 antea
1850 1063 2012 1125 existerent
2029 1072 2061 1125 et
2082 1083 2119 1125 ex

285 1169 392 1248 ἐπειδὴ
416 1179 614 1255 προόπησαυ
635 1166 693 1232 καλ
716 1173 752 1232 ἐκ
773 1179 832 1245 τῆς
855 1171 1021 1252 προτέρας
1047 1176 1189 1249 γαμετης
1217 1165 1316 1247 priore
1338 1184 1434 1229 uxore
1457 1164 1510 1229 alii
1532 1166 1658 1247 legitimi
1680 1176 1711 1231 et
1737 1169 1861 1249 ingenui
1887 1168 1953 1233 filii:
1985 1169 2017 1231 id
2039 1169 2120 1251 quod

284 1283 389 1364 Ιἐτεροι
417 1278 552 1361 νόμιμοί
576 1297 611 1343 τε
637 1273 694 1343 καλ
725 1275 855 1358 γνήσιοι
883 1273 996 1353 παῖδες
1027 1270 1108 1358 ὅπερ
1137 1272 1189 1341 od·
1216 1271 1333 1333 nullam
1359 1280 1473 1351 rectam
1502 1293 1539 1335 ac
1566 1284 1798 1359 consequentem
1830 1275 1924 1341 habet
1955 1297 2120 1357 congruen-

285 1384 400 1468 δεμιάν
423 1382 537 1469 ὀρθὴν
558 1382 616 1449 καλ
639 1381 837 1457 ἀκόλουθον
859 1384 923 1459 έχει
947 1384 1129 1458 συνέχιιανι
1146 1416 1188 1427 -
1216 1379 1299 1441 tiam
1886 1383 1965 1447 Nov.
1983 1385 2033 1444 12.
2048 1403 2073 1446 ε.
2089 1386 2119 1446 4.

929 1489 1008 1552 Nov.
1024 1487 1102 1553 XII.
1118 1509 1142 1550 c.
1160 1491 1189 1549 4.

354 1641 553 1725 Θεσπίζομεν
576 1644 606 1705 εἰ
625 1662 675 1715 τις
697 1637 842 1722 γαμετὴν
865 1640 925 1704 οὐκ
944 1641 1028 1717 έχων
1050 1640 1190 1721 γνησίαν
1284 1636 1453 1714 Sancimue,
1486 1638 1512 1699 si
1543 1640 1611 1720 quis
1637 1659 1761 1702 uxorem
1792 1659 1852 1701 non
1884 1640 2001 1703 habens
2024 1643 2120 1722 legiti-

286 1747 370 1835 πρός
392 1749 609 1834 θεράπαιναν
632 1749 757 1812 οἰκείαν
779 1747 877 1825 σχοίη
904 1747 994 1810 κατά
1021 1767 1098 1809 τινα
1119 1744 1190 1830 βελ
1218 1765 1299 1806 mam
1321 1765 1394 1825 erga
1416 1745 1558 1807 ancillam
1581 1747 1735 1826 propriam
1758 1756 1897 1810 versetur
1918 1749 2120 1830 meliorique

286 1858 384 1920 τίονα
406 1845 609 1937 γνώμηνκαὶ
626 1853 665 1932 δὴ
684 1852 741 1918 καλ
758 1852 1073 1935 παιδοποιήσειενέξ
1089 1853 1190 1928 αὐτῆς
1218 1852 1290 1913 dam
1312 1860 1412 1913 mente
1435 1860 1466 1913 et
1488 1853 1580 1914 etiam
1602 1852 1678 1915 filios
1702 1855 1868 1935 susceperit
1889 1875 1928 1915 ex
1950 1875 1988 1918 ea
2009 1857 2041 1917 in
2061 1877 2121 1918 ser·

286 1968 320 2027 ἐν
352 1962 484 2042 δουλεία
514 1963 750 2038 καθεστώσης·
783 1956 923 2043 ὕστερον
955 1958 989 2022 δέ
1017 1958 1191 2043 ἐλευθερία
1217 1959 1315 2021 vitute
1343 1968 1496 2032 manente
1528 1968 1636 2039 postea
1667 1980 1738 2023 vero
1765 1969 1796 2022 et
1824 1960 1964 2023 libertate
1993 1962 2119 2024 honora·

287 2070 450 2151 τιμήσειεν
468 2068 529 2147 τὴν
548 2069 763 2153 θεράπαιναν
777 2065 835 2131 καλ
851 2064 911 2131 τόν
929 2067 1038 2148 γάμον
1051 2063 1191 2150 βεβαιῶ·
1218 2065 1296 2128 verit
1312 2065 1454 2127 ancillam
1477 2074 1509 2127 et
1531 2066 1653 2148 nuptias
1667 2066 1840 2143 firmaverit,
1863 2068 1973 2130 deinde
1988 2078 2019 2130 et
2032 2068 2120 2131 tabu·

289 2198 381 2258 σειεν,
396 2179 509 2241 ἔπειτα
524 2176 558 2239 δέ
573 2174 630 2240 καλ
646 2170 772 2257 γαμικά
788 2174 993 2258 συγγράψειε
1003 2171 1192 2257 συμβόλαια
1218 2173 1265 2234 las
1288 2172 1405 2235 dotales
1427 2172 1643 2253 conscripserit,
1666 2174 1730 2236 sive
1752 2184 1918 2237 nascantur
1938 2174 1992 2236 filii
2014 2184 2121 2256 postea

287 2282 344 2347 καλ
376 2288 402 2347 εἰ
434 2286 583 2365 γίνοιντο
616 2282 728 2356 παῖδες
759 2277 842 2364 μετὰ
872 2288 982 2344 ταῦτα
1013 2278 1032 2356 i)
1064 2277 1121 2342 καί
1148 2276 1191 2360 μὴ
1219 2279 1283 2341 sive
1310 2298 1372 2340 non
1398 2288 1576 2354 nascantur,
1603 2290 1639 2341 ut
1665 2281 1806 2362 exempla
1832 2301 1912 2362 quae
1938 2282 1970 2343 in
1992 2291 2120 2363 utraque

287 2394 444 2472 γένοιντο,
467 2388 522 2454 ἵνα
536 2387 581 2453 τά
599 2391 757 2473 ἐκατέρας
771 2390 863 2470 ἡμῶν
878 2386 1059 2469 διατάξεως
1075 2385 1191 2449 συλλά-
1219 2394 1324 2447 nostm
1355 2387 1567 2449 constitutione
1594 2387 1676 2448 dicte
1702 2398 1774 2449 sunt
1799 2388 2048 2470 complectamur,
2081 2389 2121 2451 eit

187 2488 189 2493 ’
286 2497 395 2583 βωμεν
418 2499 564 2579 θέματα,
592 2499 677 2560 ἐστιν
700 2493 762 2559 Ικαλ
785 2498 805 2572 η
827 2492 907 2576 γυνη
935 2495 1057 2575 γνησιά
1078 2490 1193 2556 καλοί
1219 2500 1249 2554 et
1275 2489 1384 2553 mulier
1414 2492 1550 2572 legitima
1573 2494 1672 2574 (uxor)
1704 2506 1736 2554 et
1765 2493 1821 2555 filii
1847 2495 1879 2555 in
1909 2503 2061 2576 potestate
2090 2506 2120 2558 et

288 2604 400 2679 παῖδες
423 2603 610 2687 ὑπεξοάσιοι
633 2601 690 2667 καί
714 2602 843 2685 γνήσιοι
866 2599 923 2665 καλ
947 2600 982 2683 ἐξ
1002 2599 1191 2664 άδιαθέτου
1217 2598 1344 2680 legitimi
1374 2608 1405 2661 et
1436 2598 1475 2661 ab
1507 2598 1650 2667 intestato
1685 2599 1811 2663 heredes
1843 2602 1971 2680 genitori
2002 2603 2051 2682 (de
2083 2603 2120 2665 iis

286 2712 486 2796 κληρονόμοι
510 2715 558 2792 τῷ
580 2710 801 2792 γεγεννηκότι·
830 2707 939 2795 φαμέν
967 2706 1001 2771 δὲ
1023 2703 1102 2781 τοὺς
1125 2703 1189 2791 πρὸ
1218 2706 1370 2786 loquimur
1391 2707 1443 2787 qui
1465 2714 1537 2768 ante
1558 2705 1794 2769 instrumentum
1816 2708 1918 2770 dotale
1941 2710 2007 2771 nati
2029 2712 2119 2790 sunt),

286 2829 354 2882 τῶν
377 2817 552 2904 προικρίων
579 2817 776 2897 τεχθέντας,
804 2824 871 2878 τῶν
894 2813 982 2878 όδῶν
1010 2812 1051 2877 δι’
1078 2809 1124 2877 ὧν
1146 2817 1190 2887 εἰς
1217 2812 1277 2874 illie
1305 2812 1371 2886 viis,
1402 2833 1457 2893 per
1478 2832 1555 2893 quae
1583 2813 1624 2874 ad
1649 2814 1868 2893 ingenuitatem
1895 2816 2060 2878 secundum
2088 2817 2120 2878 id

287 2927 450 3007 εὐγένειαν
476 2921 567 2989 κατὰ
593 2921 632 2988 τό
660 2925 895 3008 προειρημένον
923 2922 1102 3006 ἀφίκοιντο
1131 2919 1188 2983 καί
1217 2919 1298 3000 quod
1325 2920 1439 2981 dictum
1469 2928 1515 2982 est
1537 2917 1744 3001 'pervenerunt
1765 2931 1796 2983 et
1823 2921 1971 2984 dotalium
2001 2922 2120 2985 tabula·

287 3044 346 3110 τῆς
368 3029 451 3115 perol
470 3041 580 3096 ταῦτα
602 3042 669 3094 τῶν
692 3029 868 3112 προικηίων
883 3028 1044 3106 ποιήσεως
1059 3025 1099 3092 τό
1115 3027 1189 3108 γνή-
1217 3047 1284 3088 rum
1307 3026 1494 3089 confectione
1517 3035 1622 3090 secuta
1642 3028 1861 3107 ingenuitatem
1891 3031 1934 3092 eis
1963 3038 2119 3111 praestan-

287 3160 362 3203 σιον
385 3140 500 3213 αὐτοῖς
519 3135 771 3223 χαριζομένων.ι
859 3137 938 3200 Nov.
953 3134 1080 3197 XVIII
1096 3156 1120 3196 c
1139 3134 1188 3198 11.
1216 3132 1306 3195 tibus.
1862 3136 2050 3199 Nov,18‚0‚
2069 3139 2118 3198 11,

216 3298 248 3350 κ’.
352 3289 398 3368 Εἰ
409 3312 459 3365 τις
475 3289 704 3372 ἀπελευθέραν
722 3288 917 3369 ἀγαγέσθαι
932 3284 1116 3371 βουληθείη
1132 3284 1188 3349 καλ
1282 3284 1316 3347 Si
1342 3287 1410 3377 quie
1437 3285 1577 3348 libertam
1605 3286 1714 3348 ducere
1741 3287 1870 3348 voluerit
1896 3296 1927 3348 et
1954 3287 2119 3368 legitimam
2156 3293 2198 3345 20.

285 3399 426 3480 γνησίαν
460 3397 674 3474 ποιήσασθαι
709 3393 853 3477 γαμετὴν
886 3394 1065 3467 όποίαςοῦν
1092 3393 1189 3475 ἀξιάς
1215 3392 1315 3454 facere
1338 3413 1470 3467 morem,
1493 3392 1713 3474 qualiscunque
1729 3394 1768 3454 sit
1783 3393 1947 3473 dignitatis,
1970 3395 2120 3475 nuptialia

286 3504 332 3569 ὢν
354 3501 481 3599 γαμικὰ
504 3506 715 3567 συνταττέτω
739 3500 936 3586 συμβόλαια.
976 3499 1100 3577 ταύτην
1122 3496 1187 3583 γάρ
1216 3499 1357 3561 conficiat
1376 3500 1586 3571 instrumenta.
1624 3500 1704 3577 hanc
1726 3500 1805 3561 enim
1828 3499 1923 3561 solam
1939 3502 2119 3582 requirimus

285 3613 388 3694 μόνον
403 3614 606 3692 ἀπαιτοῦμεν
620 3605 703 3692 μετὰ
718 3607 779 3686 τὴν
798 3609 992 3691 ἐλευθερίαν
1007 3604 1067 3684 τὴν
1082 3628 1188 3690 παρα·
1216 3614 1286 3686 post
1307 3607 1573 3668 manumissionem
1597 3607 1828 3668 observantiam.
1875 3616 1905 3668 et
1931 3607 2006 3669 liant
2028 3609 2119 3669 etiam

286 3719 434 3802 τήρησιν.
472 3715 530 3781 καί
546 3720 699 3780 ἔστωσαν
713 3713 770 3779 καλ
787 3718 820 3779 οἱ
835 3713 1060 3799 προλαβόντες
1075 3712 1189 3787 παῖδες
1216 3714 1429 3793 praecedentes
1460 3712 1515 3775 filii
1541 3722 1572 3775 et
1598 3715 1650 3794 qui
1681 3721 1750 3793 post
1775 3714 1976 3775 instrumenta
2005 3714 2120 3791 dotalia

285 3824 341 3889 καί
366 3826 399 3888 οἰ
420 3821 504 3906 μετά
526 3821 571 3888 τά
594 3827 746 3906 προικῷα
760 3822 938 3901 τεγθίντες
960 3820 1134 3903 ἐλεύθεροί
1154 3841 1188 3883 τε
1216 3819 1376 3902 (coniecta)
1408 3821 1473 3882 nati
1504 3830 1576 3882 sunt
1606 3820 1694 3882 liberi
1725 3828 1755 3881 et
1786 3820 1908 3901 ingenui
1935 3829 1966 3881 et
1992 3820 2119 3901 legitimi

285 3929 341 3997 καί
357 3932 492 4013 εὐγενεῖς
514 3928 572 3994 καλ
594 3930 728 4011 γνήσιοί
747 3950 783 4011 γε
801 3927 865 4011 μὴν
880 3932 927 4010 τῷ
947 3914 1010 4012 δερ-ι
1024 3927 1187 4008 διάδοχοι,
1215 3927 1296 4007 patri
1317 3947 1512 4003 successores,
1537 3948 1556 3989 a
1577 3928 1722 4008 petitione
1740 3946 1899 3988 aureorum
1915 3927 2074 3989 anulorum
2089 3938 2119 3991 et

287 4049 344 4115 της
373 4038 534 4116 αἰτήσεως
564 4047 631 4101 τῶν
658 4046 796 4120 χρυσῶν
828 4035 1012 4099 δακτυλίων
1042 4034 1099 4099 καὶ
1127 4044 1189 4099 τοῦ
1215 4034 1280 4095 iure
1295 4034 1490 4096 restitutionis
1510 4034 1666 4099 exonerati
1688 4042 1719 4096 et
1733 4033 1849 4095 nnllam
1864 4034 1986 4095 omnino
2007 4034 2119 4096 haben-

285 4144 417 4209 δικαίου
440 4155 497 4221 της
521 4143 768 4225 παλιγγενεσίας
790 4141 1031 4224 ἀπηλλαγμένοι
1055 4140 1112 4205 καί
1136 4143 1188 4205 οὐ·
1216 4150 1261 4202 tes
1293 4140 1492 4201 differentiam
1523 4159 1598 4220 prae
1630 4139 1734 4201 ceteris
1765 4141 1964 4221 ingenuorum
1996 4142 2118 4225 nuptiis.

286 4251 400 4333 δεμιάν
416 4251 582 4325 παντελῶς
598 4254 727 4329 ἔχοντες
743 4247 914 4343 διαφοράν
930 4246 1013 4333 πρός
1029 4245 1072 4312 τά
1088 4245 1189 4313 λοιπά
1215 4247 1340 4309 libertas
1363 4248 1444 4307 enim
1466 4247 1571 4308 mauis
1594 4255 1625 4307 et
1646 4248 1771 4327 insuper
1785 4247 1923 4327 nuptiale
1938 4247 2117 4311 instrumen-

286 4368 352 4421 τῶν
384 4359 419 4421 είι
449 4361 635 4440 γεγονότων
667 4360 865 4421 συνοικέσια.
915 4356 1091 4441 ἐλευθερία
1121 4352 1199 4440 γάρ
1215 4364 1281 4416 tum
1304 4354 1439 4416 subolem
1462 4353 1588 4417 liberam
1611 4355 1832 4435 ingenuamque
1854 4355 1994 4435 patrique
2018 4375 2118 4417 succe·

286 4476 343 4542 της
373 4451 437 4548 pp}
468 4469 526 4528 καὶ
553 4467 636 4549 πρός
662 4487 698 4545 γε
725 4463 930 4549 συμβόλαιον
960 4460 1102 4545 γαμικὸν
1128 4461 1189 4540 τὴν
1215 4462 1337 4524 dentem
1359 4460 1618 4523 demonstrabunt
1924 4460 2003 4524 Nov.
2022 4465 2071 4537 78,
2089 4461 2117 4523 3.

285 4570 386 4654 γονὴν
408 4571 590 4654 ἐλευθέραν
613 4593 648 4635 τε
670 4568 728 4634 καί
752 4572 862 4652 εὐγενῆ
885 4568 943 4634 καλ
966 4574 1013 4650 τῷ
1036 4555 1099 4652 πρῖ
1118 4568 1188 4632 διά-

286 4678 389 4756 δοχον
412 4676 653 4761 ἀποδείξουσιν.
815 4677 894 4741 Nov.
911 4676 1100 4739 LXXVHI.
1117 4697 1142 4739 c.
1160 4681 1187 4737 3.

352 4829 422 4894 Kal
445 4825 532 4895 οὕτω
555 4840 623 4893 τῶν
646 4830 852 4912 πραγμάτων
873 4827 931 4892 καλ
950 4839 1009 4905 της
1024 4828 1189 4904 ἀληθείας
1281 4825 1325 4887 Et
1351 4826 1427 4888 adeo
1458 4845 1558 4887 rerum
1589 4825 1785 4906 ,veritatisque
1816 4825 1964 4887 radonmn
1994 4824 2118 4906 plenam

284 4935 356 5002 όλυι
380 4937 556 5020 γινόμεθα,
580 4934 668 5018 όςτε,
691 4939 722 5000 εί
735 4957 800 5000 τινι
815 4933 872 5000 καλ
896 4933 1113 5011 δουλευούσης
1131 4946 1189 5011 τῆς
1215 4934 1371 5007 habemus,
1393 4940 1429 4995 ut
1450 4932 1476 4993 si
1499 4933 1548 4995 cui
1570 4952 1608 4993 ex
1630 4931 1756 4993 muliere
1776 4932 1808 4993 in
1827 4933 1973 4994 servitute
1988 4931 2118 5011 degente

285 5041 441 5126 γυναικός
464 5044 498 5127 ἐξ
521 5044 623 5120 αὐτῆς
646 5044 792 5125 γίνοιντο
809 5041 930 5123 παῖδες,
953 5040 1138 5126 βουληθείη
1154 5041 1188 5105 δέ
1214 5039 1269 5116 filii
1290 5047 1464 5113 efficuntur,
1487 5037 1620 5118 velitque
1643 5039 1825 5119 isdeinoeps
1841 5038 1997 5101 mulierem
2012 5057 2117 5122 mano·

285 5156 405 5225 ἐκεῑνος
436 5147 577 5234 ὕστερον
609 5148 670 5228 τὴν
700 5148 845 5232 γαμετὴν
875 5148 1099 5231 ἐλευθερῶσαι
1131 5148 1187 5213 καί
1215 5146 1333 5209 mittere
1348 5154 1379 5208 et
1394 5144 1508 5208 dotalia
1523 5144 1670 5209 conficere
1688 5146 1897 5219 instrumenta,
1920 5144 2010 5206 simul
2025 5153 2117 5224 atque

285 5262 438 5344 προικῷα
460 5257 623 5340 συντάξαι
646 5255 844 5341 συμβόλαια,
868 5254 939 5337 άμα
958 5259 1000 5341 τῇ
1014 5264 1081 5319 τῶν
1096 5276 1188 5339 προι-
1214 5252 1290 5314 haee
1320 5252 1434 5333 scripta
1464 5252 1588 5326 fuerim,
1620 5261 1652 5314 et
1681 5251 1751 5314 liliis
1782 5259 1936 5333 competat
1965 5249 2115 5313 libertatis

284 5365 381 5447 κηίων
402 5369 520 5453 γραφῇ
542 5363 599 5428 καλ
622 5372 693 5437 τοῖς
716 5362 831 5427 παισίν
847 5364 985 5447 ἀρμόσει
1009 5363 1049 5426 τό
1072 5383 1107 5425 τε
1129 5373 1188 5439 τῆς
1213 5360 1327 5441 pariter
1349 5369 1439 5440 atque
1461 5359 1655 5440 ingenuitatis
1681 5358 1737 5420 ins.
1782 5358 1848 5420 Nec
1870 5358 2054 5438 quaerimus,
2082 5364 2118 5419 ut

285 5473 477 5554 ἐλευθερίας
500 5473 585 5553 όμοῦ
605 5468 663 5534 καλ
685 5468 725 5535 τό
741 5481 799 5547 της
814 5470 1032 5550 γνησιότητος
1048 5468 1185 5533 δίκαιον.
1214 5464 1355 5546 specialis
1377 5465 1572 5537 manumissio
1594 5463 1627 5526 in
1649 5463 1718 5527 filiis
1740 5464 1807 5538 λιες
1829 5465 1873 5526 ita
1894 5472 1930 5525 ut
1952 5462 2002 5527 vel
2024 5462 2116 5525 simiai

285 5580 370 5661 [οὐκ]
397 5577 637 5658 ἐπιζητούντων
663 5579 755 5658 ἡμῶν
776 5576 973 5656 ἰδιάζουσαν
994 5576 1188 5661 ἐλευθερίαν
1213 5572 1378 5637 liberentur
1399 5592 1468 5635 cum
1490 5579 1587 5635 matre
1602 5570 1654 5646 vel
1675 5579 1744 5651 pest
1765 5570 1845 5635 hanc
1859 5569 1909 5645 vel
1932 5579 2023 5641 antea
2036 5569 2116 5647 forte

285 5683 335 5750 ἐπλ
355 5694 426 5759 τοῖς
444 5683 540 5749 παισί
558 5683 730 5766 γενέσθαι,
746 5681 825 5758 dicte
841 5682 861 5761 i>
875 5681 932 5746 καλ
949 5683 1187 5767 συνελευθερω-
1214 5679 1385 5742 libertatem
1412 5688 1646 5759 consequantur,
1675 5677 1728 5740 sed
1755 5677 1858 5740 statim
1885 5686 1977 5757 atque
2004 5676 2118 5756 scripta

357 5998 367 6030 ¹
384 5996 426 6050 Ex
445 5994 511 6068 Syn.
529 5997 629 6066 paucis
646 5995 760 6049 mumtis
777 5993 871 6048 verbis
889 5992 920 6046 F.
933 5990 970 6046 Η.
