4842 7018
12 5290 17 5325 t

12 5512 21 5551 t

12 5624 20 5661 t
130 5675 171 5727 θ’.

12 5742 24 5767 ,t

810 494 964 564 LIBER
986 494 1105 562 LVIII.
1150 494 1239 564 TIT.
1263 494 1353 563 VIII.
1375 494 1435 563 IX.
1981 498 2042 566 145

138 686 171 761 β.
274 678 323 743 Ἐν
339 681 482 761 δημοσίμ
498 679 565 761 top
580 691 691 761 μνῆμα
706 677 749 761 μίγ
766 677 1003 760 γενίσθωι-1
1036 681 1070 740 fr.
1082 677 1127 765 2.i
1205 681 1244 743 In
1266 681 1390 761 publica
1412 682 1464 743 vla
1487 701 1524 742 ne
1548 680 1602 743 fiat
1623 691 1860 743 monumentum.
1959 681 1995 743 fr.
2013 685 2041 742 2.

139 798 171 850 δ’.

275 788 316 850 Εἰ
339 791 373 849 ἰν
396 786 543 867 δημοσίῳ
567 788 658 866 τόπῳ
681 787 790 849 κτίσοι
820 809 883 866 τις,
916 789 962 866 τῷ
987 788 1110 867 νομίμῳ
1206 789 1239 850 Si
1254 789 1286 848 in
1302 788 1424 868 publico
1440 788 1802 868 loeoqnisaedificaverit,
1818 787 1939 849 edictali
1954 788 2043 849 inter·

209 895 458 976 παραγγέλματι
484 894 666 957 ύπόκειται;
683 891 742 940 -2
857 894 893 954 fr.
912 896 939 953 1.
954 894 994 955 D.
1012 897 1065 969 43,
1083 898 1110 955 8.
1139 896 1219 958 dicto
1242 896 1397 958 subicitur.
1791 895 1827 957 fr.
1846 898 1872 956 1.
1888 895 1928 957 D.
1945 897 1996 970 43,
2014 898 2042 956 8.

277 1002 441 1082 Δημόσιος
474 1003 576 1075 τόπος
607 1000 698 1064 ἐστίν
728 1000 854 1085 ἔδαφος
886 1001 976 1063 οἰκιά
1008 990 1126 1081 εἰγρίιςΙΙ
1205 1002 1306 1064 Locus
1328 1002 1467 1084 publicus
1490 1012 1536 1063 est
1556 1002 1657 1063 solum
1673 1002 1841 1065 aedificium
1864 1002 1977 1064 fundus
1992 1003 2043 1063 via

209 1106 286 1181 ὁδὸς
309 1108 457 1190 πάροδος
481 1105 649 1189 δημοσία.3
951 1108 986 1167 fr.
1004 1111 1031 1168 2.
1049 1113 1064 1182 5
1083 1112 1111 1168 3.
1140 1111 1196 1171 iter
1217 1110 1381 1191 publicum.
1879 1111 1915 1170 fr.
1933 1113 1961 1170 2.
1979 1115 1995 1185 5
2014 1114 2041 1171 3.

273 1213 339 1277 Ἐπὶ
365 1214 530 1295 δημοσίων
554 1216 666 1277 τόπων
689 1214 750 1290 οὐχ
767 1215 900 1298 ἁρμόζει
919 1210 957 1276 τὸ
973 1214 1112 1294 νόμιμον
1206 1217 1254 1278 Βε
1285 1217 1359 1279 locis
1390 1216 1520 1297 publicis
1552 1237 1611 1277 non
1644 1217 1788 1296 competit
1824 1217 1881 1276 hoc
1913 1215 2042 1276 edictale

209 1451 266 1505 της
292 1428 308 1505 λγ
332 1428 461 1491 κωλύει·
488 1426 585 1491 ἰδικοί
609 1429 675 1508 γάρ
700 1431 760 1490 εἰσι
787 1436 847 1490 τοῦ
868 1426 1031 1511 βασιλέως
1054 1426 1110 1489 καί
1140 1430 1223 1492 hibet
1249 1432 1398 1511 privatum
1426 1431 1457 1490 in
1484 1431 1667 1511 proprietate
1693 1431 1772 1491 enim
1802 1439 1873 1492 sunt
1899 1430 2043 1510 principis

209 1538 242 1598 οἰ
264 1541 447 1621 ἐφεστῶτες
470 1537 584 1609 αὐτοῖς
607 1533 823 1619 περὶτούτων
840 1534 1044 1614 δικάζουσιν·
1069 1539 1111 1607 εἰς
1139 1548 1169 1599 et
1192 1538 1244 1618 qni
1267 1539 1310 1599 eie
1331 1538 1495 1617 praepositi
1517 1547 1589 1598 sunt
1606 1538 1644 1598 de
1666 1537 1727 1598 illie
1750 1536 1898 1598 iudicant:
1921 1536 2043 1616 quodsi

209 1644 243 1705 δὲ
272 1645 375 1705 τόπου
407 1644 648 1727 ἀφορισθέντα
676 1642 821 1723 δημοσίᾳ
849 1641 965 1725 χρήσει
994 1643 1052 1704 ἐάν
1081 1664 1110 1703 τι
1141 1647 1170 1705 In
1193 1645 1258 1707 loco
1282 1644 1404 1725 publico
1427 1645 1495 1705 usui
1522 1644 1671 1706 destinato
1694 1644 1748 1705 iiat
1774 1643 1847 1723 quid
1875 1663 1986 1705 nocens
2013 1653 2043 1704 et

208 1753 340 1829 γένηται
356 1749 508 1834 βλάπτον
523 1747 580 1810 καὶ
595 1748 729 1824 ἰδιώτην
740 1750 758 1809 d
769 1748 920 1832 πραίτωρ
931 1750 1110 1832 άκυροῑε-
1140 1752 1268 1831 privato,
1291 1761 1411 1831 praetor
1433 1748 1573 1812 infirmat
1835 1750 1870 1810 fr.
1887 1754 1916 1811 2.
1934 1756 1950 1826 5
1967 1754 1996 1812 4.
2014 1754 2041 1810 5.

904 1856 939 1916 fr.
957 1859 985 1916 2.
1002 1862 1018 1932 5
1035 1859 1065 1917 4.
1082 1859 1110 1917 5.

275 1964 315 2027 Εἰ
339 1960 477 2026 κωλύσω
501 1983 538 2024 σε
561 1966 594 2023 ἰν
610 1960 756 2042 δημοσίῳ
775 1963 895 2043 κάμπῳ
912 1964 1026 2044 παῖξαι
1044 1961 1062 2037 λγ
1079 1966 1112 2024 ἐν
1207 1964 1240 2026 Si
1262 1965 1442 2045 prohibuero
1458 1976 1488 2025 te
1503 1965 1535 2025 in
1557 1963 1679 2044 publico
1694 1985 1802 2044 eampo
1821 1964 1925 2025 ludere
1942 1972 1996 2024 ant
2011 1965 2043 2023 in

181 2048 187 2071 ⁸
209 2070 355 2151 δημοσίῳ
379 2067 574 2131 loricandus
600 2068 619 2144 ἰγ
643 2073 675 2130 ἰν
701 2069 838 2151 θεάτρῳ
864 2070 1047 2150 θεωρῆσαι,
1072 2074 1109 2153 τῇ
1139 2072 1261 2152 publico
1289 2072 1386 2135 lavari
1414 2082 1468 2133 aut
1491 2073 1521 2132 in
1546 2071 1664 2133 theatro
1688 2082 1836 2151 spectare,
1864 2072 2041 2133 iniuriarum

210 2176 281 2259 περὶ
308 2173 430 2258 ὕβρεως
453 2178 567 2261 άγωγῇ
592 2176 777 2257 ύπόκειμαι;
796 2213 836 2245 -,
950 2177 985 2237 fr.
1003 2180 1030 2237 2.
1048 2183 1064 2252 5
1083 2179 1110 2238 9.
1140 2180 1258 2241 actione
1280 2180 1411 2241 tenebor.
1880 2178 1916 2240 fr.
1934 2182 1962 2239 2.
1980 2185 1995 2254 5
2014 2182 2042 2241 9.

274 2284 316 2348 Εἰ
340 2288 383 2356 εἰς
407 2281 486 2345 όδόν
505 2282 669 2363 δημοσίαν
686 2283 835 2359 κανάλην
851 2286 1039 2367 εἰσπέμψας
1054 2281 1109 2345 καί
1207 2286 1240 2348 si
1267 2289 1299 2347 In
1325 2285 1479 2367 publicam
1506 2286 1587 2347 viam
1616 2286 1750 2348 cloacam
1778 2286 1936 2347 immiseris
1962 2286 2042 2348 viae-

208 2392 352 2476 βλάψεις
375 2388 435 2467 τίγν
458 2387 546 2469 ὁδὸν,
571 2392 704 2473 κατέχῃ.
928 2390 963 2450 fr.
980 2395 1008 2451 2.
1026 2397 1042 2467 5
1061 2394 1111 2452 26.
1139 2414 1198 2474 que
1221 2395 1367 2466 nocueris,
1390 2392 1511 2454 teneris.
1857 2392 1893 2452 fr.
1910 2395 1939 2453 2.
1957 2398 1973 2468 5
1991 2395 2041 2453 26.

276 2498 315 2560 Εἰ
340 2501 373 2558 ἰν
395 2500 443 2576 toi
467 2499 560 2577 άγρῴ
588 2495 693 2571 σουλ)
721 2497 850 2579 όρυγμα
874 2496 1025 2582 ποιήσῃς,
1057 2495 1111 2559 ἵνα
1207 2498 1240 2561 Si
1262 2498 1294 2559 in
1316 2500 1411 2560 fundo
1434 2509 1487 2561 tuo
1505 2498 1555 2561 vel
1578 2498 1697 2561 foveam
1720 2499 1824 2559 feceris
1847 2508 1882 2560 ut
1896 2518 1977 2579 aqua
2000 2499 2042 2559 ibi

209 2610 275 2667 ἐκεῖ
288 2602 326 2667 τὸ
345 2601 432 2685 ύδωρ
456 2604 629 2679 συναχθὲν
652 2608 696 2675 εἰς
712 2600 771 2679 τίγν
786 2600 880 2682 ὲγγίις
896 2600 976 2665 ὁδὸν
991 2603 1110 2688 ἐξέλθῃ
1139 2605 1266 2667 collecta
1288 2607 1320 2666 in
1342 2606 1473 2668 vicinam
1489 2606 1570 2667 viam
1594 2606 1741 2679 decurrat,
1764 2606 1813 2666 vel
1830 2605 2042 2679 aedificaveris,

209 2711 229 2788 λγ
253 2717 278 2773 εἰ
301 2713 426 2795 κτίσῃς,
450 2708 569 2791 ἵναμὴ
594 2710 669 2795 δέξῃ
692 2706 732 2772 td
755 2706 844 2794 ύδωρ
861 2707 947 2773 etta
969 2711 1110 2797 λιμνάσῃ
1140 2734 1200 2774 non
1228 2722 1263 2775 ut
1288 2713 1416 2793 recipias
1443 2733 1562 2793 aquarn,
1589 2713 1640 2775 sed
1668 2713 1744 2774 haec
1771 2721 1925 2792 restagnat
1951 2721 1982 2773 et
2011 2713 2042 2772 in

208 2817 264 2881 καί
289 2823 334 2891 εἰς
357 2816 416 2894 τίγν
439 2814 519 2880 ὁδὸν
541 2818 775 2901 μετοχετευθῇ,
800 2820 933 2903 κατέχῃ.
1139 2821 1221 2880 viam
1244 2820 1454 2894 trasmittatur,
1479 2820 1596 2881 teneris.
1735 2902 1737 2905 ι
1789 2818 1824 2880 fr.
1843 2822 1871 2880 2.
1889 2826 1905 2896 5
1923 2822 1974 2881 27.
1991 2822 2042 2880 28.

858 2925 1109 3002 amum

267 3030 281 3050 11

165 3081 171 3091 .
275 3031 415 3113 Εξεστιν
437 3032 567 3112 ἑκάστῳ
591 3032 720 3104 εἰκόνας
739 3028 795 3093 καί
813 3030 1015 3111 ἀνδρίαντας
1036 3033 1110 3113 ἐγεί-
1210 3033 1378 3113 Unicuique
1404 3033 1474 3095 licet
1497 3032 1644 3112 imagines
1672 3041 1763 3112 atque
1786 3043 1904 3094 statuas
1927 3034 2041 3114 erigere

210 3159 277 3221 ρειν
300 3135 383 3221 πρὸς
405 3134 533 3218 κόσμον
549 3148 606 3214 τῆς
622 3138 757 3211 πόλεωςι
775 3173 814 3184 -
861 3138 896 3199 fr.
914 3142 942 3198 2.
958 3140 997 3200 D.
1014 3143 1065 3213 43,
1083 3143 1110 3200 9.
1141 3140 1179 3200 ad
1203 3149 1410 3202 ornamentum
1433 3139 1575 3201 civitatis.
1790 3139 1825 3201 fr.
1843 3142 1871 3200 2.
1887 3139 1927 3201 D.
1943 3143 1995 3213 43,
2014 3142 2041 3200 9.

155 3254 171 3306 '.
280 3243 318 3307 Oi
350 3244 531 3325 άστύνομοι
565 3244 851 3326 ἐπιμελείσθωσαν
888 3245 1109 3324 δυαλίζεσθαι
1200 3246 1320 3308 ’Carent
1336 3246 1447 3308 aediles
1463 3259 1498 3307 ut
1513 3246 1722 3327 adaequentur
1730 3247 1798 3309 viae
1813 3256 1844 3307 et
1858 3267 1896 3307 ne
1906 3246 2042 3308 effluxio·

135 5143 169 5193 α’.

138 5463 170 5529 η’.

210 3348 271 3424 τάς
294 3348 392 3423 ὁδούς
414 3349 470 3414 καί
494 3348 539 3415 τά
562 3350 710 3433 ῥεύματα
732 3350 775 3432 μίγ
798 3352 958 3435 βλάπτειν
983 3349 1044 3426 τάς
1067 3357 1110 3415 οἰ·
1140 3375 1192 3415 nes
1225 3354 1351 3415 aedibus
1377 3363 1509 3415 noceant
1536 3363 1566 3414 et
1593 3365 1628 3414 ut
1655 3354 1716 3414 sint
1745 3363 1865 3434 pontes,
1898 3353 1950 3415 ubi
1977 3374 2042 3415 esee

208 3459 283 3531 κιάς
309 3456 365 3521 καί
399 3457 546 3543 γεφύρας
574 3454 670 3538 εἶναι,
703 3451 743 3522 οὗ
776 3456 818 3521 άν
846 3458 914 3545 δέῃ,
946 3457 1003 3522 καί
1035 3457 1112 3532 τούς
1140 3470 1266 3541 oportet,
1290 3470 1321 3522 et
1342 3470 1378 3521 ut
1400 3461 1520 3522 aedium
1543 3460 1672 3540 parietes
1695 3469 1726 3521 et
1741 3470 1841 3522 cetera
1856 3481 1934 3540 quae
1949 3480 2042 3541 supra

209 3554 343 3641 τοίχους
366 3575 433 3627 τῶν
456 3568 556 3628 οἴκων
578 3565 634 3628 καλ
660 3563 703 3628 τίι
726 3566 811 3629 ἄλλα
841 3563 884 3630 τά
907 3572 950 3639 εἰς
973 3565 1033 3643 την
1058 3566 1110 3641 δη·
1139 3569 1222 3629 viam
1248 3566 1402 3648 publicam
1427 3567 1603 3647 impendent
1625 3589 1730 3629 secura
1753 3569 1825 3641 sint,
1854 3579 1945 3629 etue
1968 3567 2041 3648 quid

208 3671 332 3752 μοσιάν
355 3669 435 3734 όδδν
458 3674 607 3758 φέροντα
630 3673 768 3759 ἀσφαλῆ
792 3668 953 3736 εἶναικαὶ
977 3672 1056 3757 μηδὲ
1076 3678 1111 3735 ἐκ
1139 3694 1178 3734 ex
1202 3672 1327 3735 aedibus
1349 3673 1520 3754 proiciatur,
1543 3695 1603 3754 quo
1627 3674 1771 3735 damnum
1794 3674 1848 3735 fiat
1869 3674 1940 3746 viis3
1970 3694 2040 3734 nam

209 3789 277 3841 τῶν
300 3782 400 3841 οἴκων
416 3777 607 3863 φέρεσθαί4
630 3802 660 3841 τι
681 3778 833 3863 βλάπτον
852 3776 913 3853 τάς
929 3776 1027 3853 ὁδούς
1046 3777 1109 3842 ἐπεὶ
1139 3781 1178 3842 ad
1201 3780 1356 3861 publicum
1372 3800 1447 3841 onus
1470 3781 1603 3859 pertinet
1619 3781 1794 3861 explanatio
1813 3792 1844 3841 et
1858 3781 2041 3841 constructio

209 3894 310 3948 τοῦτο
339 3885 499 3966 δημόσιον
528 3884 662 3969 [βάρος]
692 3884 761 3949 ἰστί
789 3884 828 3950 τὸ
856 3886 1023 3969 ἐξιθύνειν
1054 3885 1109 3949 καί
1138 3889 1268 3950 viarum:
1292 3888 1351 3948 nisi
1373 3887 1403 3947 id
1426 3886 1564 3961 fecerint,
1588 3907 1639 3949 eos
1654 3888 1924 3968 puniant:*curent
1939 3898 2040 3948 autem

209 3993 430 4071 ἐπισκευάζειν
439 3987 500 4065 τὰς
516 3992 627 4065 ὁδούς·
644 3997 671 4055 εἰ
687 3992 721 4055 δὲ
737 3991 778 4074 μίγ
790 3994 963 4071 ποιήσωσι,
978 3996 1111 4074 ζημιοῦν
1139 4004 1169 4055 et
1191 4015 1229 4055 ne
1251 3995 1361 4055 damno
1384 3992 1557 4055 afficiantur
1578 3995 1659 4067 viae;
1682 3995 1825 4074 quoniam
1848 4014 1952 4055 servus
1972 4014 2041 4054 cnm
2063 4034 2066 4043 ι

209 4098 345 4172 αύτούς·
365 4100 613 4179 προνοείτωσαν
632 4100 665 4161 δὲ
684 4098 740 4163 καί
758 4109 818 4162 τοῦ
836 4098 877 4181 μὴ
893 4100 1109 4184 βλάπτεσθαι
1138 4101 1297 4161 incurrerit
1319 4101 1411 4179 virgis
1434 4101 1576 4174 caeditur,
1600 4100 1677 4163 liber
1699 4111 1800 4162 autem
1825 4101 1978 4162 multatur.

210 4204 270 4279 τὰς
302 4204 416 4278 ὁδούς·
454 4206 572 4268 ὲπείτοι
606 4228 641 4286 γε
675 4207 791 4279 δοῦλος
827 4207 884 4287 μὲν
920 4206 1112 4269 ύποπίπτων
1748 4208 1783 4268 fr.
1799 4228 1848 4268 un.
1865 4208 1904 4267 D.
1920 4212 1972 4280 43,
1991 4209 2040 4267 10.

209 4320 441 4393 μαστιγοῦται,
466 4310 640 4395 ἐλεύθερος
663 4312 696 4374 δὲ
720 4323 954 4396 προςτιμᾱταιε
973 4350 1012 4359 .-

817 4420 854 4482 fr.
869 4441 919 4481 un.
935 4421 975 4482 D.
991 4425 1043 4495 43,
1062 4424 1110 4483 10.

277 4524 316 4586 Εἰ
339 4524 414 4587 κατ’
436 4525 615 4607 ἐπιτροπήν
637 4548 701 4606 μου
721 4527 900 4610 ἀγοράσεις
916 4525 1030 4609 ἀγρόν,
1054 4526 1110 4589 καί
1205 4528 1238 4590 si
1261 4548 1299 4588 ex
1322 4516 1472 4589 mandatu*
1492 4548 1557 4589 meo
1581 4528 1708 4588 fundum
1732 4528 1838 4589 emeris
1857 4536 1888 4589 et
1909 4527 2040 4608 prohibi·

207 4631 391 4716 κωλυθύσῃ
415 4630 477 4708 ἐγὼ
499 4642 592 4694 κινῶε
611 4671 650 4677 --
759 4634 793 4695 fr.
811 4638 839 4694 3.
857 4640 873 4709 5
893 4639 919 4695 7.
935 4635 974 4696 D.
992 4639 1043 4709 43,
1062 4638 1110 4695 19.
1140 4646 1187 4695 tus
1211 4636 1311 4707 fueris,
1334 4655 1389 4715 ego
1413 4656 1510 4714 agam.
1670 4636 1705 4695 fr.
1724 4640 1773 4696 37.
1792 4642 1807 4711 5
1827 4640 1854 4696 7.
1870 4634 1909 4696 Ι).
1926 4637 2039 4708 43,19.

455 4879 574 4934 ΤλΤΛΟ(
593 4881 633 4939 0‘,
654 4880 785 4933 ΒΙΒΛΙΟΥ
805 4880 864 4932 ΝΗ’
1349 4881 1515 4951 TITULUS
1535 4883 1585 4949 IX,
1604 4881 1708 4935 LIBRI
1728 4881 1824 4937 LVIII

503 5008 565 5079 napi
583 5003 653 5074 ὅρων
672 5005 814 5058 ι’θυντέων.
1430 5007 1464 5060 de
1482 5005 1585 5061 finibus
1603 5006 1744 5077 regundis.

280 5129 325 5195 Τὸ
358 5130 430 5213 περὶ
458 5128 547 5214 ὅρων
574 5132 740 5193 ἰθυντὲων
770 5133 984 5213 προσωπικόν
1012 5136 1109 5209 ἐστιν,
1204 5133 1294 5195 Actio
1317 5133 1355 5194 de
1377 5133 1487 5195 finibus
1510 5134 1651 5212 regundis
1673 5133 1841 5215 personalis
1859 5143 1912 5208 est,
1936 5154 2039 5213 quam·
2111 5111 2113 5115 ¹

208 5242 234 5301 εἰ
256 5237 313 5301 καί
337 5240 534 5323 πράγματος
557 5239 723 5314 ἐκδίκησιν
745 5241 807 5315 ἔχει
831 5237 888 5301 καὶ
909 5241 1028 5321 χώραν
1046 5243 1107 5316 1ε’γει
1137 5240 1183 5302 vta
1212 5241 1255 5301 rei
1281 5240 1514 5302 vindicationem
1541 5241 1653 5302 habeat
1683 5250 1714 5303 et
1741 5241 1772 5300 in
1804 5240 1906 5300 frmdis
1937 5240 2038 5302 locum

207 5344 257 5407 ἐπὶ
282 5357 349 5407 τῶν
372 5348 497 5428 άγρῶνε
514 5343 578 5391 -⁶
680 5345 715 5405 fr.
734 5349 761 5406 1.
777 5346 817 5407 D.
837 5349 885 5420 10,
905 5347 1012 5407 l-fr.
1030 5350 1048 5407 2
1064 5369 1108 5427 pr.
1137 5347 1257 5408 habeat.
1690 5348 1725 5408 fr.
1745 5351 1772 5410 1.
1790 5352 1808 5408 2
1825 5368 1869 5428 pr.
1885 5347 1924 5408 D.
1943 5349 2037 5420 10,1.

272 5452 304 5516 ‘0
314 5450 353 5515 τὸ
370 5449 453 5515 πολὺ
467 5455 660 5532 κεκτημένος
670 5454 852 5535 άπομετρει·
862 5452 952 5525 τοῖςο
968 5449 1110 5528 ἥττονας
1203 5454 1267 5531 Qui
1294 5454 1423 5515 multum
1450 5454 1584 5533 possidet
1611 5455 1744 5535 assignat
1771 5455 1808 5515 iis
1838 5455 1889 5534 qui
1922 5453 2039 5515 minora

208 5563 319 5635 ἐγουσι
344 5560 479 5632 τόπουςε
498 5598 538 5606 -
1027 5559 1063 5621 fr.
1082 5564 1108 5622 7.
1137 5560 1205 5622 loca
1226 5560 1348 5623 habent.
1956 5560 1991 5620 fr.
2010 5565 2037 5622 7.

272 5664 345 5728 Ἐὰν
361 5666 524 5755 ὲπίκλυσις
541 5667 691 5752 άφανίσῃ
708 5664 815 5749 ὅρους,
837 5664 892 5729 διά
913 5674 974 5730 τοῦ
988 5668 1109 5751 άρχον-
1204 5667 1236 5728 Si
1269 5667 1426 5729 inundatio
1458 5668 1602 5730 deleverit
1632 5668 1714 5741 fines,
1747 5690 1801 5749 per
1827 5669 2036 5747 magistratum

208 5795 265 5846 τος
288 5782 527 5858 φανεροῦνται,
557 5773 728 5854 διδομένου
754 5783 930 5856 μετρητόν·
959 5782 1021 5838 τοῦ
1042 5772 1108 5855 γάρ
1137 5775 1340 5848 declarantur,
1369 5775 1440 5836 dato
1468 5796 1615 5847 mensore3
1642 5775 1750 5836 iudicis
1777 5777 1855 5836 enim
1888 5784 1933 5836 est
1964 5775 2037 5835 dare

280 5920 1123 6031 affimmmmammml

207 6039 322 6094 ³habet
334 6040 400 6109 Syn.
458 6040 581 6094 ι-·ειιιι
600 6042 659 6094 cod.
720 6040 797 6095 ⁶cfr.
817 6042 883 6113 Syn.
938 6042 1030 6103 θεοὺς
1048 6042 1106 6095 cod.

269 6138 336 6179 Buri.
361 6139 446 6180 '1¹.VlI.
