4842 7018
900 445 1055 515 LIBER
1076 448 1200 515 XLIII.
1244 447 1334 514 TIT.
1356 447 1383 512 Ι.
2016 449 2058 513 63

147 631 188 693 ιζ.
290 623 504 708 Ἐπερώτησις
532 636 589 702 τῆς
616 628 841 712 προαιρέσεως
871 632 1034 713 ήρτημένή
1066 638 1128 693 τοι]
1195 629 1397 711 ·Stipulatio,
1425 649 1504 711 quae
1531 629 1761 711 apromiasoris
1788 628 1913 692 arbitrio
1939 631 2059 711 pendet,

225 731 469 812 ὁμολογοῦντος
492 733 552 796 οὐκ
575 735 731 817 ἐρρωταιε
748 733 811 781 —1
1023 737 1059 799 fr.
1077 741 1127 800 17.
1155 758 1214 800 non
1237 736 1328 799 valet.
1955 736 1991 797 fr.
2009 739 2058 799 17.

144 845 188 912 ιη’.
288 836 322 902 Ὁ
353 837 506 924 δεύτερον
532 837 572 905 τὸ
599 837 683 904 αὐτὸ
712 841 884 923 ὁμολογῶν
910 839 1003 926 ἅπαξ
1024 843 1128 925 μόνον
1221 844 1286 923 Qui
1312 844 1359 907 bis
1386 843 1467 905 idem
1494 844 1644 924 promittit
1669 843 1762 905 semel
1788 852 1909 906 tantum
1932 852 2059 906 tenetur.

225 947 381 1022 ἐνέχεταιε
400 982 440 993 -
1023 950 1059 1012 fr.
1078 953 1128 1014 18.
1955 951 1991 1013 fr.
2009 951 2059 1012 18.

139 1053 188 1127 νή.
291 1050 364 1116 'Eois‘
393 1050 522 1130 χαλκὸν
553 1054 749 1138 ἐπερωτήσω
781 1077 818 1118 σε
853 1057 994 1139 νομίζων
1025 1055 1130 1121 αὐτὸν
1222 1059 1255 1122 8ἰ
1278 1079 1329 1120 aes
1351 1058 1390 1120 de
1411 1067 1443 1121 te
1465 1058 1551 1120 fuero
1575 1057 1738 1139 stipulatus
1761 1066 1874 1139 putans
1896 1057 1927 1118 id
1950 1078 2059 1121 aurum

222 1156 354 1242 χρυσὸν
369 1155 461 1240 εἶναι,
477 1163 620 1243 ἔρρωται
636 1159 686 1225 ἐπὶ
702 1165 751 1243 τῷ
762 1162 880 1244 χαλκῷ
891 1164 1128 1248 ήέπερώτησις,
1156 1186 1229 1241 esse,
1243 1165 1327 1229 valet
1341 1165 1419 1227 aeds
1433 1167 1556 1227 nomine
1570 1165 1726 1247 stipulatio
1731 1187 1739 1238 ς
1754 1164 1853 1227 habeo
1865 1183 1937 1227 vero
1953 1173 2059 1226 eontra

224 1267 288 1342 ἐχω
312 1265 346 1329 δέ
369 1267 460 1330 κατοί
483 1288 547 1330 σου
569 1265 629 1345 τήν
647 1266 719 1353 περὶ
738 1268 838 1331 δόλον
856 1267 999 1351 ἀγωγήν,
1022 1267 1080 1334 ἐὰν
1095 1275 1129 1334 ἐν
1156 1284 1186 1336 te
1208 1272 1247 1334 de
1269 1271 1338 1335 dolo
1362 1272 1519 1347 astionem,
1542 1272 1568 1333 si
1590 1272 1688 1336 soiens
1706 1272 1866 1353 deceperis.
1954 1271 1991 1335 fr.
2008 1274 2058 1334 22.

224 1371 343 1449 είδήσει
367 1373 556 1460 ἀπατήσῃςι
573 1410 615 1420 -
1024 1378 1060 1440 fr.
1077 1382 1127 1441 22.

141 1485 187 1538 κε’.
292 1479 414 1554 Καλῶς
445 1484 596 1564 ἐπερωτῶ
628 1478 668 1543 τὸ
697 1481 970 1564 χρεωστούμενόν
1006 1505 1061 1565 μοι
1094 1484 1128 1568 ἐξ
1222 1487 1316 1549 Reete
1342 1485 1471 1567 stipulor
1496 1485 1578 1567 qnod
1604 1485 1678 1547 mihi
1705 1505 1744 1546 ex
1771 1485 1833 1547 alia
1863 1484 2060 1567 stipulatione

73 1591 123 1660 [ol.
137 1594 188 1646 55³.
224 1588 338 1671 ἐτέρας
353 1586 582 1669 ἐπερωτήσεως
596 1586 835 1672 ἐκβαλλομένης
850 1594 1073 1678 παραγραφῇε
1086 1628 1128 1639 -
1157 1593 1292 1667 debetur,
1314 1612 1393 1674 quae
1415 1601 1516 1673 potest
1538 1590 1716 1672 exceptione
1737 1591 1867 1654 excludi
1955 1592 1991 1654 fr.
2009 1594 2059 1654 25.

1025 1698 1060 1760 fr.
1078 1702 1128 1761 25.

136 1796 187 1859 aa·
291 1798 342 1864 At
363 1799 504 1885 αέσχραλ
527 1802 740 1886 ἐπερωτήσεις
767 1804 947 1890 ανίσχυροί
966 1809 1057 1885 εἰσιν,
1085 1806 1129 1877 ὡς
1222 1807 1339 1888 'lirrpes
1362 1805 1574 1888 stipulationes
1596 1805 1719 1868 inutiles
1737 1813 1816 1881 sumt,
1839 1804 1935 1869 veluti
1949 1805 1975 1867 si
1991 1804 2060 1886 quis

226 1904 310 1971 ὅταν
340 1929 391 1981 τις
422 1908 568 1994 ὁμολογῇ
601 1909 709 1995 φόνον
745 1919 848 1973 ποιεῖν
880 1910 899 1987 λ)
929 1911 1128 1995 ἱεροσυλίαν·
1156 1915 1314 1996 promittat
1335 1912 1530 1975 homicidium
1553 1932 1585 1974 se
1607 1911 1758 1974 faoturum
1783 1911 1833 1975 vel
1857 1911 2059 1991 saerilegium:

226 2014 302 2077 οὔτε
324 2011 391 2097 γὰρ
410 2013 525 2096 ἀγωγή
548 2019 584 2079 ἐκ
605 2025 674 2078 τῶν
696 2015 859 2080 τοιούτων
881 2015 1041 2103 ολρμόζει.1
1156 2020 1357 2102 nequeenim
1373 2019 1453 2082 aetio
1468 2040 1507 2081 ex
1521 2018 1670 2082 eiusmodi
1689 2017 1963 2102 [stipulationibus]
1981 2039 2061 2080 oom-

957 2126 1128 2190 fr.2e.2r.
1156 2128 1240 2209 petit
1888 2124 1924 2187 fr.
1941 2128 1992 2187 ae.
2009 2128 2060 2188 27.

138 2223 188 2290 κη’·
289 2226 322 2292 Ὁ
344 2232 517 2311 ἐπερωτῶν
539 2232 782 2314 παραδοθῆναι
810 2232 902 2314 αὑτῷ
930 2243 1068 2316 πρῶμμα
1091 2234 1130 2296 οὐ
1224 2235 1287 2313 Qui
1308 2253 1371 2296 rem
1394 2233 1453 2296 sibi
1474 2234 1555 2295 tradi
1577 2232 1742 2315 stipulatur
1763 2251 1824 2294 non
1846 2232 2061 2313 proprietatem

226 2332 287 2411 τήν
309 2333 513 2418 δεσποτείαν,
536 2335 623 2402 ἀλλὰ
645 2337 709 2417 τήν
731 2340 920 2423 παράδοσιν
947 2339 1041 2403 δοκεῖ
1063 2344 1129 2403 ἐπε·
1157 2342 1211 2405 sed
1237 2341 1430 2404 traditionem
1453 2340 1573 2403 videtur
1594 2340 1626 2402 in
1654 2338 1880 2420 stipulationem
1904 2339 2060 2402 dedaoere

226 2451 347 2525 ρωτῶν.
947 2447 983 2509 fr.
1001 2450 1041 2510 28
1057 2447 1129 2510 ibid.
1956 2445 1992 2507 fr.
2009 2450 2060 2511 28.

141 2540 190 2615 45·
292 2545 366 2611 Ἐολν
395 2554 440 2623 είς
468 2548 640 2635 τὸόνομα
662 2562 724 2617 τοῦ
746 2553 875 2635 δούλου,
903 2552 975 2637 περί
999 2547 1039 2617 οὗ
1063 2558 1130 2617 ἐπε·
1224 2556 1259 2618 Si
1281 2555 1362 2618 eirea
1383 2554 1604 2629 nomenservi,
1627 2553 1747 2633 dequo
1770 2553 1960 2635 stipulamur,
1983 2573 2060 2616 erre·

227 2665 395 2739 potetate,
426 2657 643 2739 πλανώμεθα,
673 2659 744 2741 περὶ
769 2659 803 2724 δὲ
831 2658 870 2724 τδ
894 2671 991 2742 σῶμα
1019 2682 1130 2724 συναι-
1158 2684 1233 2739 mus,
1261 2663 1342 2725 eirea
1368 2671 1470 2723 antem
1499 2681 1608 2742 eorpus
1636 2661 1873 2736 consentiamus,
1899 2661 1983 2722 valet
2009 2660 2061 2722 sti-

227 2772 340 2843 νῶμεν,
364 2766 506 2847 ἔρρωται
530 2766 550 2840 ή
573 2766 810 2851 ἐ[πε]ρώτήσις.
978 2768 1015 2830 fr.
1032 2771 1073 2831 32
1089 2769 1130 2831 ib.
1157 2768 1283 2852 pulatio.
1957 2766 1992 2830 fr.
2009 2770 2060 2830 32.

141 2864 189 2936 δί’·
290 2867 475 2951 Ὁμολογῶν
498 2870 613 2936 δοῦναι
630 2876 751 2954 πέτρον
766 2879 800 2938 ἐν
816 2874 895 2960 δήλμ
911 2876 1026 2957 ήμέρμ,
1050 2877 1131 2939 olno-
1226 2876 1289 2953 Qui
1316 2876 1465 2957 promittit
1491 2874 1564 2936 dare
1590 2874 1716 2936 Petrum
1745 2881 1827 2936 serta
1853 2874 1914 2949 die,
1941 2883 2061 2936 mortuo

227 2976 441 3053 θνήσκοντος
463 2979 569 3042 αὐτοῦ
586 2976 651 3063 πρὸ
671 2991 729 3057 τῆς
744 2982 874 3065 ήμέρας,
899 2982 960 3045 οὐκ
978 2983 1130 3059 ἐνέχεται.
1158 3004 1193 3046 eo
1217 2992 1287 3045 ante
1309 2982 1398 3057 diem,
1421 3002 1484 3044 non
1506 2990 1632 3045 tenetrrr.
1956 2979 1992 3043 lr.
2009 2983 2060 3044 33.

979 3088 1015 3151 fr.
1033 3092 1073 3152 33
1090 3089 1130 3152 ib.

291 3186 365 3254 Ἐελν
387 3192 582 3274 ἐπερωτήσω
603 3190 784 3274 γενεσθαιθ
807 3190 846 3257 τδ
864 3192 955 3259 κατολ
970 3194 1073 3282 φύσιν
1087 3194 1131 3275 μή
1226 3196 1259 3259 si
1286 3195 1448 3277 stipulatas
1475 3194 1583 3256 fuerim
1610 3193 1675 3255 fieri
1701 3195 1733 3256 id
1760 3196 1841 3275 quod
1867 3203 1978 3257 natura
1999 3215 2062 3257 non

227 3297 409 3379 δυνάμενον
418 3300 589 3379 γενέσθαι,
600 3302 1016 3385 ἄχρηστοςήέπερῶτησις,
1027 3300 1131 3385 ὥςπερ
1158 3303 1352 3385 potentiori,
1375 3302 1492 3364 inutilis
1514 3300 1584 3384 [eet]
1610 3301 1781 3382 stipulatio;
1804 3302 1898 3365 veluti
1916 3322 1986 3365 enm
2009 3304 2061 3365 sti-
2118 3336 2122 3343 ‚

227 3402 283 3467 ὅτε
305 3409 455 3485 ἐπερωτῶ
479 3403 519 3469 τὸ
537 3405 580 3487 μή
600 3405 781 3488 δυνάμενον
797 3406 944 3485 δοθῆναι
961 3414 987 3471 εί
1003 3407 1046 3491 μή
1063 3411 1132 3493 ἄρα
1158 3409 1246 3492 puler
1273 3408 1368 3493 [dari]
1400 3409 1432 3471 id
1460 3408 1541 3490 quod
1569 3427 1630 3469 non
1658 3416 1759 3489 potest
1788 3409 1862 3484 dari,
1893 3408 1954 3470 nisi
1984 3409 2061 3471 forte

227 3509 320 3593 παρὰ
343 3509 403 3575 τδν
425 3515 681 3596 ἐπερωτηθέντα
699 3517 812 3595 γέγονε
827 3512 867 3578 τδ
883 3513 926 3596 μή
943 3514 1130 3594 δυνηθῆναι
1158 3527 1282 3599 propter
1302 3537 1388 3579 reum
1410 3514 1606 3597 promittendi
1627 3514 1743 3577 fastum
1761 3528 1808 3577 est
1829 3524 1943 3577 utnon
1965 3518 2063 3596 possit

227 3617 351 3682 δοῦναι.
398 3619 439 3682 El
463 3619 497 3682 δέ
519 3618 576 3683 καί
600 3622 619 3683 ὁ
646 3622 747 3703 νόμος
768 3620 883 3684 κωλύει
906 3625 1067 3701 γενέσθαι
1091 3621 1130 3687 τδ
1158 3624 1232 3686 dari.
1276 3623 1368 3685 Etsi
1395 3619 1551 3684 lex'vetet
1572 3621 1636 3684 fieri
1663 3621 1694 3682 id
1722 3621 1803 3702 quod
1830 3622 1862 3683 in
1889 3622 2061 3703 stipulatio·

227 3725 451 3807 ἐπερωτηδέν,
484 3727 654 3809 ἄχρηστος
684 3730 704 3805 ή
730 3729 940 3809 ἐπερώτησις,
973 3731 1017 3803 ὡς
1047 3726 1131 3793 ὅταν
1157 3752 1225 3794 nem
1253 3731 1417 3793 deductum
1443 3738 1497 3802 est,
1530 3727 1646 3790 inutilis
1669 3726 1740 3811 [est]
1765 3728 1935 3809 stipulatio,
1967 3729 2061 3792 veluti

227 3831 422 3913 ὁμολογήσω
446 3844 594 3913 γαμῆσαι
616 3832 677 3912 τήν
700 3833 848 3921 ἀδελφήν
869 3833 963 3916 μου*
1158 3858 1227 3900 enm
1249 3839 1424 3919 promittam
1446 3836 1608 3899 ducturum
1631 3855 1763 3898 sororem
1785 3856 1893 3898 meam.

894 3944 930 4006 fr.
947 3947 988 4006 35
1004 3950 1082 4025 pr.§
1103 3948 1130 4005 1.
1827 3942 1862 4004 fr.
1879 3946 1920 4005 35
1936 3947 2061 4024 pr.§1.

173 4037 189 4090 '·
292 4045 343 4108 Ἐν
365 4055 435 4120 τοῖς
458 4046 660 4134 ἀμφιβόλοις
676 4047 737 4125 τήν
752 4050 952 4131 ἐπερώτησιν
966 4048 1056 4115 κατὰ
1071 4059 1132 4114 τοῦ
1224 4050 1265 4117 In
1287 4050 1388 4113 dubiis
1410 4049 1633 4131 stipulationem
1655 4059 1761 4111 eontra
1782 4069 1867 4112 reum
1895 4049 2061 4132 stipulandi

227 4152 497 4235 ἐπερωτήσαντος
512 4153 753 4237 ἐρμήνεύομεν.5
778 4153 836 4220 ἐδιν
851 4153 912 4236 ἐγὼ
936 4157 1131 4238 ἐπερωτήσω
1159 4160 1400 4239 interpretamur.
1447 4157 1474 4217 si
1501 4155 1666 4237 stipulatus
1692 4156 1776 4219 fuero
1802 4157 1877 4218 mihi
1904 4156 2007 4219 deoem
2030 4165 2061 4218 et

228 4259 308 4323 δέκα
335 4258 406 4340 ἐμοὶ
427 4258 484 4324 καλ
513 4260 593 4325 δέκα
620 4265 728 4347 πέτρῳ
757 4262 882 4343 δοῦναι,
910 4260 955 4327 τδε
977 4262 1066 4328 αὐτὰ
1088 4262 1132 4328 τελ
1159 4265 1251 4327 Petro
1273 4263 1377 4325 deoem
1404 4262 1480 4343 dari,
1507 4261 1612 4324 eadem
1635 4261 1739 4325 deoem
1766 4263 1871 4326 videor
1897 4262 2061 4344 stipulatus

229 4364 308 4428 δέκα
331 4364 420 4430 δοκῶ
443 4372 688 4450 ἐπερωτηκέναι.
856 4371 892 4432 fr.
910 4375 960 4433 38.
978 4377 994 4447 ξ
1014 4373 1063 4433 18.
1082 4373 1131 4434 19.
1159 4391 1233 4433 esse.
1787 4369 1824 4430 fr.
1841 4371 1891 4431 38.
1908 4375 1925 4446 ἕ
1944 4372 1993 4431 18.
2012 4372 2062 4431 19.

293 4470 368 4537 ’Eds
391 4472 497 4554 δούλῳ
520 4474 626 4556 μονή
649 4478 709 4558 υἱῷ
731 4497 796 4557 μου
818 4476 1132 4559 ὑπεξουσίῳέπερω-
1227 4476 1260 4540 si
1292 4496 1379 4539 servo
1407 4496 1474 4537 meo
1502 4484 1556 4537 ant
1582 4475 1644 4536 filio
1671 4495 1747 4548 meo,
1774 4476 1827 4555 qui
1853 4477 1885 4536 in
1911 4484 2063 4556 potestate

229 4579 329 4656 τήσω,
353 4578 424 4662 ἐμοὶ
443 4582 717 4666 προσπορίζομαι.
1027 4583 1063 4644 fr.
1081 4588 1132 4646 39.
1160 4604 1228 4646 mea
1250 4594 1305 4659 est,
1328 4582 1493 4663 stipulatus
1516 4601 1576 4657 ero,
1599 4581 1673 4643 mihi
1695 4583 1832 4663 adquiro.
1957 4582 1992 4646 fr.
2011 4585 2061 4646 39.

155 4678 191 4743 ν’·
295 4685 364 4751 Καὶ
394 4689 412 4750 ὸ
440 4689 511 4761 υίός
537 4710 602 4769 μου
632 4693 804 4773 ἐπερωτῶν
836 4687 895 4753 τδν
923 4689 1042 4753 δοῦλόν
1068 4712 1133 4771 μου
1226 4691 1270 4753 Et
1290 4690 1371 4752 filius
1394 4709 1478 4751 mens
1500 4689 1690 4769 interrogans
1717 4709 1836 4751 servum
1864 4710 1964 4752 meum
1987 4689 2062 4751 mihi

198 4786 199 4789 ¹
228 4792 298 4874 ἐμοὶ
322 4795 537 4876 προςπορίζει.
1028 4796 1064 4858 fr.
1080 4799 1131 4859 40.
1160 4797 1299 4878 adquirit
1960 4795 1994 4856 fr.
2011 4798 2062 4857 49.

137 4888 190 4962 μί’·
291 4899 324 4965 Ὁ
347 4904 518 4983 ἐπερωτῶν
540 4900 801 4982 attererem
825 4907 859 4966 ἐν
881 4901 989 4984 τούτῳ
1008 4906 1055 4984 τῷ
1073 4908 1132 4966 ἐνι-
1227 4903 1290 4981 Qui
1318 4901 1483 4984 stipulatur
1510 4901 1568 4964 sibi
1594 4900 1661 4963 dari
1688 4901 1746 4963 hoe
1772 4922 1852 4965 anno
1879 4923 1940 4965 non
1962 4911 2064 4983 potest

228 5010 319 5087 αυτῷ
343 5007 383 5069 οὐ
406 5005 546 5071 δύναται
568 5017 669 5071 κινεῖν
691 5006 756 5091 πρὸ
786 5010 1048 5094 συμπληρῶσεως
1071 5019 1133 5073 τοῦ
1160 5031 1249 5091 agere
1280 5017 1443 5090 antequam
1475 5008 1664 5089 compleatur
1695 5029 1802 5070 annus.
1852 5009 1932 5071 idem
1963 5018 1995 5071 et
2025 5009 2063 5072 de

227 5117 392 5176 ἐνιαυτοῦ·
415 5110 455 5177 τὸ
479 5111 563 5178 αὐτὸ
585 5112 642 5177 καλ
666 5112 738 5199 περὶ
756 5117 867 5196 μηνός.
1027 5117 1063 5178 fr.
1080 5121 1131 5179 42.
1160 5138 1269 5180 mense.
1959 5115 1995 5177 fr.
2011 5119 2063 5178 42.
2087 5123 2089 5127 ’

295 5219 416 5294 Καλῶς
439 5224 590 5303 ἐπερωτῶ
613 5218 696 5301 μετολ
719 5223 879 5286 θάνατόν
900 5244 964 5303 μου
982 5221 1131 5299 δοθῆναι
1226 5223 1321 5286 Recte
1348 5223 1478 5305 stipulor
1504 5231 1574 5304 post
1600 5231 1727 5285 mortem
1754 5242 1853 5284 meam
1885 5223 1951 5285 dari
1982 5222 2063 5285 filiae

228 5330 268 5410 τῇ
290 5327 442 5410 θυγατρί
457 5349 530 5409 μου,
554 5325 611 5391 καλ
630 5325 695 5391 ulla
712 5327 755 5410 μή
771 5328 1000 5413 κληρονομήσῃ
1026 5367 1068 5376 -
1089 5367 1130 5377 -
1159 5350 1245 5392 meae
1280 5338 1311 5392 et
1342 5330 1481 5412 quamvis
1512 5328 1599 5392 heres
1630 5350 1691 5391 non
1723 5328 1778 5390 fiat
1809 5328 1939 5410 [utilem]
1971 5328 2064 5391 habet

227 5435 291 5510 ἔχει
315 5433 457 5513 ἀγωγήν.
503 5434 612 5508 καλῶς
636 5433 670 5497 δέ
692 5433 749 5498 καλ
777 5432 861 5517 μετὰ
888 5436 1047 5500 θάνατον
1074 5448 1132 5513 τῆς
1160 5437 1319 5500 astionem.
1364 5437 1459 5499 Reate
1485 5455 1604 5516 quoqne
1630 5444 1853 5517 postmortem
1884 5435 1965 5498 filiae
1995 5456 2064 5498 mea

229 5539 404 5622 θυγατρός
426 5562 491 5623 μου
513 5544 664 5624 ἐπερωτῶ
680 5540 832 5618 δοθῆναί
844 5563 909 5623 μοι.
947 5542 982 5605 fr.
999 5547 1050 5605 45.
1068 5549 1084 5621 ς
1103 5546 1131 5605 2.
1160 5543 1287 5625 stipulor
1308 5543 1375 5605 dari
1398 5543 1480 5605 milri
1879 5542 1915 5607 fr.
1931 5544 1983 5605 45.
1999 5548 2015 5620 §
2033 5546 2062 5607 2.

302 5805 310 5837 ¹
328 5804 424 5860 Habet
441 5804 508 5876 Syn.
582 5806 755 5878 'hueusque
774 5805 851 5878 Syn,
869 5807 918 5862 ubi
938 5807 1017 5862 deest
1034 5807 1095 5881 μὰρ.

228 5893 239 5925 ³
257 5894 337 5949 deest
353 5897 382 5949 in
401 5893 467 5966 Syn.
490 5895 544 5950 hoc
563 5896 686 5952 verbum.
769 5894 782 5927 ⁴
800 5896 869 5951 haee
887 5895 973 5952 habet
994 5896 1061 5968 Syn.

229 5983 373 6055 ‘huense
393 5982 458 6055 Syn.
