<?xml version="1.0" encoding="UTF-8"?>
<!DOCTYPE html PUBLIC "-//W3C//DTD XHTML 1.0 Transitional//EN"
    "http://www.w3.org/TR/xhtml1/DTD/xhtml1-transitional.dtd">
<html xmlns="http://www.w3.org/1999/xhtml" xml:lang="en" lang="en">
 <head>
  <title>
</title>
<meta http-equiv="Content-Type" content="text/html;charset=utf-8" />
  <meta name='ocr-system' content='tesseract 3.04.00' />
  <meta name='ocr-capabilities' content='ocr_page ocr_carea ocr_par ocr_line ocrx_word'/>
</head>
<body>
  <div class='ocr_page' id='page_1' title='image "./supplementumedi00linggoog_0339.png"; bbox 0 0 4978 7018; ppageno 0'>
   <div class='ocr_carea' id='block_1_1' title="bbox 459 460 2037 545">
    <p class='ocr_par' dir='ltr' id='par_1_1' title="bbox 459 460 2037 545">
     <span class='ocr_line' id='line_1_1' title="bbox 459 460 2037 545; baseline 0.008 -13"><span class='ocrx_word' id='word_1_1' title='bbox 459 460 835 537; x_wconf 78' lang='lat' dir='ltr'><strong>anstulcoaou</strong></span> <span class='ocrx_word' id='word_1_2' title='bbox 862 466 959 535; x_wconf 75' lang='lat' dir='ltr'><strong>uio.</strong></span> <span class='ocrx_word' id='word_1_3' title='bbox 984 469 1084 539; x_wconf 82' lang='lat' dir='ltr'><strong>xix.</strong></span> <span class='ocrx_word' id='word_1_4' title='bbox 1114 467 1216 537; x_wconf 81' lang='lat' dir='ltr'><strong>Tl&#39;l&#39;.</strong></span> <span class='ocrx_word' id='word_1_5' title='bbox 1239 468 1321 540; x_wconf 85' lang='lat' dir='ltr'><strong>XV.</strong></span> <span class='ocrx_word' id='word_1_6' title='bbox 1345 466 1726 538; x_wconf 80' lang='lat' dir='ltr'><strong>xv1.xv11.xvul.</strong></span> <span class='ocrx_word' id='word_1_7' title='bbox 1975 475 2037 545; x_wconf 79' lang='lat' dir='ltr'><strong>ost</strong></span> 
     </span>
    </p>
   </div>
   <div class='ocr_carea' id='block_1_2' title="bbox 460 709 1753 791">
    <p class='ocr_par' dir='ltr' id='par_1_2' title="bbox 460 709 1753 791">
     <span class='ocr_line' id='line_1_2' title="bbox 460 709 1753 791; baseline 0 -6"><span class='ocrx_word' id='word_1_8' title='bbox 460 712 694 788; x_wconf 84' lang='grc' dir='ltr'><em>ΤΙΤΛΟΣ</em></span> <span class='ocrx_word' id='word_1_9' title='bbox 720 709 792 787; x_wconf 85' lang='grc' dir='ltr'><strong>ΙΕ.</strong></span> <span class='ocrx_word' id='word_1_10' title='bbox 1391 710 1645 791; x_wconf 77' lang='lat' dir='ltr'><strong>Tl&#39;l&#39;ULUS</strong></span> <span class='ocrx_word' id='word_1_11' title='bbox 1673 712 1753 787; x_wconf 87' lang='lat' dir='ltr'><strong>XV.</strong></span> 
     </span>
    </p>
   </div>
   <div class='ocr_carea' id='block_1_3' title="bbox 156 895 2040 1106">
    <p class='ocr_par' dir='ltr' id='par_1_3' title="bbox 156 895 2040 1106">
     <span class='ocr_line' id='line_1_3' title="bbox 156 895 2040 1001; baseline 0.001 -24"><span class='ocrx_word' id='word_1_12' title='bbox 156 898 243 977; x_wconf 83' lang='grc' dir='ltr'><strong>Ἐάν</strong></span> <span class='ocrx_word' id='word_1_13' title='bbox 265 929 323 989; x_wconf 77' lang='grc' dir='ltr'><strong>τις</strong></span> <span class='ocrx_word' id='word_1_14' title='bbox 349 895 463 1001; x_wconf 77' lang='grc' dir='ltr'><strong><em>ἑτέρῳ</em></strong></span> <span class='ocrx_word' id='word_1_15' title='bbox 486 902 559 976; x_wconf 80' lang='grc' dir='ltr'><strong><em>εἴτε</em></strong></span> <span class='ocrx_word' id='word_1_16' title='bbox 580 900 671 1001; x_wconf 79' lang='grc' dir='ltr'><strong><em>παρ’</em></strong></span> <span class='ocrx_word' id='word_1_17' title='bbox 691 898 819 977; x_wconf 82' lang='grc' dir='ltr'><strong><em>ἀλλον</em></strong></span> <span class='ocrx_word' id='word_1_18' title='bbox 842 899 1082 1000; x_wconf 80' lang='grc' dir='ltr'><strong><em>ὀνόματοςῆ</em></strong></span> <span class='ocrx_word' id='word_1_19' title='bbox 1116 900 1158 976; x_wconf 76' lang='lat' dir='ltr'><strong>st</strong></span> <span class='ocrx_word' id='word_1_20' title='bbox 1186 903 1268 1000; x_wconf 87' lang='lat' dir='ltr'><strong>quis</strong></span> <span class='ocrx_word' id='word_1_21' title='bbox 1294 902 1403 975; x_wconf 83' lang='lat' dir='ltr'><strong>alteri</strong></span> <span class='ocrx_word' id='word_1_22' title='bbox 1428 901 1491 975; x_wconf 86' lang='lat' dir='ltr'><strong>vel</strong></span> <span class='ocrx_word' id='word_1_23' title='bbox 1519 901 1589 974; x_wconf 91' lang='lat' dir='ltr'><strong>sub</strong></span> <span class='ocrx_word' id='word_1_24' title='bbox 1616 900 1773 978; x_wconf 83' lang='lat' dir='ltr'><strong>alterius</strong></span> <span class='ocrx_word' id='word_1_25' title='bbox 1799 904 1951 979; x_wconf 89' lang='lat' dir='ltr'><strong>nomine</strong></span> <span class='ocrx_word' id='word_1_26' title='bbox 1976 905 2040 981; x_wconf 86' lang='lat' dir='ltr'><strong>vel</strong></span> 
     </span>
     <span class='ocr_line' id='line_1_4' title="bbox 262 1000 1820 1106; baseline 0.003 -27"><span class='ocrx_word' id='word_1_27' title='bbox 262 1002 484 1106; x_wconf 76' lang='grc' dir='ltr'><em>ἀλλοτρίοις</em></span> <span class='ocrx_word' id='word_1_28' title='bbox 497 1002 699 1106; x_wconf 82' lang='grc' dir='ltr'><strong><em>χρήμασιν</em></strong></span> <span class='ocrx_word' id='word_1_29' title='bbox 719 1004 980 1106; x_wconf 83' lang='grc' dir='ltr'><strong><em>ἀγοράσοι.“’)</em></strong></span> <span class='ocrx_word' id='word_1_30' title='bbox 1340 1006 1464 1079; x_wconf 83' lang='lat' dir='ltr'><strong>aliena</strong></span> <span class='ocrx_word' id='word_1_31' title='bbox 1490 1008 1650 1103; x_wconf 84' lang='lat' dir='ltr'><strong>pecunia</strong></span> <span class='ocrx_word' id='word_1_32' title='bbox 1676 1000 1820 1084; x_wconf 78' lang='lat' dir='ltr'><strong>cruerit.</strong></span> 
     </span>
    </p>
   </div>
   <div class='ocr_carea' id='block_1_4' title="bbox 161 1129 2195 1898">
    <p class='ocr_par' dir='ltr' id='par_1_4' title="bbox 161 1129 2195 1898">
     <span class='ocr_line' id='line_1_5' title="bbox 226 1129 2154 1218; baseline 0.008 -31"><span class='ocrx_word' id='word_1_33' title='bbox 226 1133 326 1215; x_wconf 60' lang='grc' dir='ltr'><strong>ΕΜ)</strong></span> <span class='ocrx_word' id='word_1_34' title='bbox 352 1134 409 1213; x_wconf 69' lang='grc' dir='ltr'><strong>μὲν</strong></span> <span class='ocrx_word' id='word_1_35' title='bbox 434 1138 490 1217; x_wconf 74' lang='grc' dir='ltr'><strong><em>νής</em></strong></span> <span class='ocrx_word' id='word_1_36' title='bbox 518 1134 662 1217; x_wconf 69' lang='grc' dir='ltr'><strong><em>ηωνοινὸς</em></strong></span> <span class='ocrx_word' id='word_1_37' title='bbox 684 1129 896 1217; x_wconf 72' lang='grc' dir='ltr'><strong><em>ἀηοροζοήοής</em></strong></span> <span class='ocrx_word' id='word_1_38' title='bbox 923 1137 973 1199; x_wconf 63' lang='lat' dir='ltr'><strong>„al</strong></span> <span class='ocrx_word' id='word_1_39' title='bbox 1000 1131 1082 1218; x_wconf 65' lang='grc' dir='ltr'><strong>αὐτῇ</strong></span> <span class='ocrx_word' id='word_1_40' title='bbox 1182 1132 1230 1191; x_wconf 85' lang='lat' dir='ltr'><strong>Vl.</strong></span> <span class='ocrx_word' id='word_1_41' title='bbox 1274 1134 1308 1194; x_wconf 80' lang='lat' dir='ltr'><strong>st</strong></span> <span class='ocrx_word' id='word_1_42' title='bbox 1330 1146 1442 1195; x_wconf 87' lang='lat' dir='ltr'><strong>emente</strong></span> <span class='ocrx_word' id='word_1_43' title='bbox 1464 1156 1556 1196; x_wconf 86' lang='lat' dir='ltr'><strong>uxore</strong></span> <span class='ocrx_word' id='word_1_44' title='bbox 1585 1154 1675 1213; x_wconf 89' lang='lat' dir='ltr'><strong>reque</strong></span> <span class='ocrx_word' id='word_1_45' title='bbox 1700 1140 1745 1196; x_wconf 90' lang='lat' dir='ltr'><strong>illi</strong></span> <span class='ocrx_word' id='word_1_46' title='bbox 1775 1139 1887 1198; x_wconf 83' lang='lat' dir='ltr'><strong>tradita</strong></span> <span class='ocrx_word' id='word_1_47' title='bbox 1914 1141 2037 1199; x_wconf 84' lang='lat' dir='ltr'><strong>maritus</strong></span> <span class='ocrx_word' id='word_1_48' title='bbox 2083 1152 2113 1202; x_wconf 83' lang='lat'><strong>1..</strong></span> <span class='ocrx_word' id='word_1_49' title='bbox 2129 1151 2154 1202; x_wconf 82' lang='lat' dir='ltr'><strong>b.</strong></span> 
     </span>
     <span class='ocr_line' id='line_1_6' title="bbox 161 1215 2195 1303; baseline -0 -19"><span class='ocrx_word' id='word_1_50' title='bbox 161 1219 411 1302; x_wconf 71' lang='grc' dir='ltr'><strong><em>παραδιδομένων</em></strong></span> <span class='ocrx_word' id='word_1_51' title='bbox 435 1223 493 1282; x_wconf 81' lang='grc' dir='ltr'><strong>τοῦ</strong></span> <span class='ocrx_word' id='word_1_52' title='bbox 514 1215 731 1303; x_wconf 85' lang='grc' dir='ltr'><strong><em>πράγματοςδ</em></strong></span> <span class='ocrx_word' id='word_1_53' title='bbox 763 1217 840 1303; x_wconf 73' lang='grc' dir='ltr'><strong><em>ἀνὴρ</em></strong></span> <span class='ocrx_word' id='word_1_54' title='bbox 862 1217 958 1300; x_wconf 85' lang='grc' dir='ltr'><strong><em>μόνον</em></strong></span> <span class='ocrx_word' id='word_1_55' title='bbox 977 1220 1012 1285; x_wconf 79' lang='grc' dir='ltr'><strong>ιο</strong></span> <span class='ocrx_word' id='word_1_56' title='bbox 1036 1224 1082 1283; x_wconf 75' lang='grc' dir='ltr'><strong><em>σί.</em></strong></span> <span class='ocrx_word' id='word_1_57' title='bbox 1118 1219 1263 1278; x_wconf 86' lang='lat' dir='ltr'><strong>duntaxat</strong></span> <span class='ocrx_word' id='word_1_58' title='bbox 1283 1223 1410 1296; x_wconf 87' lang='lat' dir='ltr'><strong>pretium</strong></span> <span class='ocrx_word' id='word_1_59' title='bbox 1432 1223 1574 1294; x_wconf 86' lang='lat' dir='ltr'><strong>solverit,</strong></span> <span class='ocrx_word' id='word_1_60' title='bbox 1601 1225 1664 1297; x_wconf 90' lang='lat' dir='ltr'><strong>ipso</strong></span> <span class='ocrx_word' id='word_1_61' title='bbox 1692 1224 1810 1301; x_wconf 79' lang='lat' dir='ltr'><strong>quidem</strong></span> <span class='ocrx_word' id='word_1_62' title='bbox 1833 1225 1951 1283; x_wconf 87' lang='lat' dir='ltr'><strong>domina</strong></span> <span class='ocrx_word' id='word_1_63' title='bbox 1974 1235 2038 1284; x_wconf 87' lang='lat' dir='ltr'><strong>est:</strong></span> <span class='ocrx_word' id='word_1_64' title='bbox 2061 1221 2195 1277; x_wconf 60' lang='lat' dir='ltr'><strong>CAV-5⁰·</strong></span> 
     </span>
     <span class='ocr_line' id='line_1_7' title="bbox 161 1303 2039 1388; baseline 0.001 -21"><span class='ocrx_word' id='word_1_65' title='bbox 161 1306 391 1387; x_wconf 82' lang='grc' dir='ltr'><strong><em>μημαδίδονιιε,</em></strong></span> <span class='ocrx_word' id='word_1_66' title='bbox 415 1304 562 1368; x_wconf 83' lang='grc' dir='ltr'><strong><em>δίσποινα</em></strong></span> <span class='ocrx_word' id='word_1_67' title='bbox 579 1306 636 1384; x_wconf 81' lang='grc' dir='ltr'><strong>μίν</strong></span> <span class='ocrx_word' id='word_1_68' title='bbox 654 1305 737 1369; x_wconf 76' lang='grc' dir='ltr'><strong><em>ἐστι·</em></strong></span> <span class='ocrx_word' id='word_1_69' title='bbox 760 1303 892 1371; x_wconf 79' lang='grc' dir='ltr'><strong><em>δύναται</em></strong></span> <span class='ocrx_word' id='word_1_70' title='bbox 910 1306 943 1369; x_wconf 73' lang='grc' dir='ltr'><strong><em>δὲ</em></strong></span> <span class='ocrx_word' id='word_1_71' title='bbox 959 1310 1083 1387; x_wconf 77' lang='grc' dir='ltr'><strong><em>κινῆσαι</em></strong></span> <span class='ocrx_word' id='word_1_72' title='bbox 1117 1323 1219 1363; x_wconf 79' lang='lat' dir='ltr'><strong>verum</strong></span> <span class='ocrx_word' id='word_1_73' title='bbox 1249 1308 1372 1364; x_wconf 86' lang='lat' dir='ltr'><strong>moritus</strong></span> <span class='ocrx_word' id='word_1_74' title='bbox 1403 1326 1489 1388; x_wconf 80' lang='lat' dir='ltr'><strong>agere</strong></span> <span class='ocrx_word' id='word_1_75' title='bbox 1517 1316 1616 1384; x_wconf 90' lang='lat' dir='ltr'><strong>potest</strong></span> <span class='ocrx_word' id='word_1_76' title='bbox 1645 1308 1785 1367; x_wconf 80' lang='lat' dir='ltr'><strong>obversus</strong></span> <span class='ocrx_word' id='word_1_77' title='bbox 1817 1328 1881 1368; x_wconf 83' lang='lat' dir='ltr'><strong>eous</strong></span> <span class='ocrx_word' id='word_1_78' title='bbox 1911 1312 2039 1387; x_wconf 87' lang='lat' dir='ltr'><strong>pretium</strong></span> 
     </span>
     <span class='ocr_line' id='line_1_8' title="bbox 162 1387 2039 1473; baseline -0.001 -20"><span class='ocrx_word' id='word_1_79' title='bbox 162 1388 233 1454; x_wconf 80' lang='grc' dir='ltr'><strong><em>κατ’</em></strong></span> <span class='ocrx_word' id='word_1_80' title='bbox 249 1387 345 1471; x_wconf 78' lang='grc' dir='ltr'><strong><em>αὐτῆς</em></strong></span> <span class='ocrx_word' id='word_1_81' title='bbox 366 1388 505 1453; x_wconf 78' lang='grc' dir='ltr'><strong><em>ἀπαιτῶν</em></strong></span> <span class='ocrx_word' id='word_1_82' title='bbox 527 1389 562 1453; x_wconf 86' lang='grc' dir='ltr'><strong><em>τὸ</em></strong></span> <span class='ocrx_word' id='word_1_83' title='bbox 577 1390 708 1471; x_wconf 85' lang='grc' dir='ltr'><strong><em>τίμημα,</em></strong></span> <span class='ocrx_word' id='word_1_84' title='bbox 734 1388 807 1473; x_wconf 82' lang='grc' dir='ltr'><strong><em>ὅπερ</em></strong></span> <span class='ocrx_word' id='word_1_85' title='bbox 830 1392 961 1456; x_wconf 88' lang='grc' dir='ltr'><strong><em>δίδωκεν</em></strong></span> <span class='ocrx_word' id='word_1_86' title='bbox 983 1391 1026 1463; x_wconf 79' lang='grc' dir='ltr'><strong>εἰς</strong></span> <span class='ocrx_word' id='word_1_87' title='bbox 1046 1390 1082 1455; x_wconf 75' lang='lat' dir='ltr'><strong>rb</strong></span> <span class='ocrx_word' id='word_1_88' title='bbox 1118 1399 1232 1466; x_wconf 86' lang='lat' dir='ltr'><strong>petens,</strong></span> <span class='ocrx_word' id='word_1_89' title='bbox 1254 1391 1332 1467; x_wconf 85' lang='lat' dir='ltr'><strong>quod</strong></span> <span class='ocrx_word' id='word_1_90' title='bbox 1358 1396 1477 1451; x_wconf 88' lang='lat' dir='ltr'><strong>nomiae</strong></span> <span class='ocrx_word' id='word_1_91' title='bbox 1499 1401 1669 1451; x_wconf 87' lang='lat' dir='ltr'><strong>contractus</strong></span> <span class='ocrx_word' id='word_1_92' title='bbox 1692 1393 1729 1451; x_wconf 89' lang='lat' dir='ltr'><strong>ad</strong></span> <span class='ocrx_word' id='word_1_93' title='bbox 1750 1396 1843 1471; x_wconf 86' lang='lat' dir='ltr'><strong>ipsem</strong></span> <span class='ocrx_word' id='word_1_94' title='bbox 1865 1397 2039 1472; x_wconf 87' lang='lat' dir='ltr'><strong>pertinentis</strong></span> 
     </span>
     <span class='ocr_line' id='line_1_9' title="bbox 163 1471 2039 1560; baseline -0.001 -21"><span class='ocrx_word' id='word_1_95' title='bbox 163 1474 310 1557; x_wconf 81' lang='grc' dir='ltr'><strong><em>διαφίρον</em></strong></span> <span class='ocrx_word' id='word_1_96' title='bbox 332 1473 428 1558; x_wconf 72' lang='grc' dir='ltr'><strong><em>ἐκείνη</em></strong></span> <span class='ocrx_word' id='word_1_97' title='bbox 453 1473 665 1558; x_wconf 74' lang='grc' dir='ltr'><strong><em>συνάλλαγμα.</em></strong></span> <span class='ocrx_word' id='word_1_98' title='bbox 696 1475 723 1539; x_wconf 76' lang='grc' dir='ltr'><strong>εί</strong></span> <span class='ocrx_word' id='word_1_99' title='bbox 743 1476 846 1555; x_wconf 66' lang='grc' dir='ltr'><strong><em>μέντοι</em></strong></span> <span class='ocrx_word' id='word_1_100' title='bbox 870 1472 887 1541; x_wconf 85' lang='grc' dir='ltr'><strong><em>δ</em></strong></span> <span class='ocrx_word' id='word_1_101' title='bbox 907 1476 986 1560; x_wconf 81' lang='grc' dir='ltr'><strong><em>ἀνὴρ</em></strong></span> <span class='ocrx_word' id='word_1_102' title='bbox 1007 1471 1083 1558; x_wconf 82' lang='grc' dir='ltr'><strong><em>η’γό-</em></strong></span> <span class='ocrx_word' id='word_1_103' title='bbox 1118 1476 1218 1533; x_wconf 82' lang='grc' dir='ltr'><strong><em>εοΙνίτ.</em></strong></span> <span class='ocrx_word' id='word_1_104' title='bbox 1260 1478 1294 1534; x_wconf 82' lang='lat' dir='ltr'><strong>si</strong></span> <span class='ocrx_word' id='word_1_105' title='bbox 1316 1486 1412 1536; x_wconf 88' lang='lat' dir='ltr'><strong>tamen</strong></span> <span class='ocrx_word' id='word_1_106' title='bbox 1435 1480 1559 1538; x_wconf 87' lang='lat' dir='ltr'><strong>maritus</strong></span> <span class='ocrx_word' id='word_1_107' title='bbox 1581 1478 1652 1537; x_wconf 87' lang='lat' dir='ltr'><strong>emit</strong></span> <span class='ocrx_word' id='word_1_108' title='bbox 1673 1481 1756 1556; x_wconf 86' lang='lat' dir='ltr'><strong>eique</strong></span> <span class='ocrx_word' id='word_1_109' title='bbox 1777 1499 1824 1539; x_wconf 89' lang='lat' dir='ltr'><strong>res</strong></span> <span class='ocrx_word' id='word_1_110' title='bbox 1849 1480 2039 1553; x_wconf 71' lang='lat' dir='ltr'><strong>traditam,</strong></span> 
     </span>
     <span class='ocr_line' id='line_1_10' title="bbox 163 1556 2038 1644; baseline 0.001 -21"><span class='ocrx_word' id='word_1_111' title='bbox 163 1583 238 1641; x_wconf 88' lang='grc' dir='ltr'><strong><em>ρασε</em></strong></span> <span class='ocrx_word' id='word_1_112' title='bbox 259 1561 310 1622; x_wconf 80' lang='grc' dir='ltr'><strong>καὶ</strong></span> <span class='ocrx_word' id='word_1_113' title='bbox 333 1556 417 1643; x_wconf 75' lang='grc' dir='ltr'><strong><em>αὐτῷ</em></strong></span> <span class='ocrx_word' id='word_1_114' title='bbox 440 1559 476 1623; x_wconf 82' lang='grc' dir='ltr'><strong><em>τὸ</em></strong></span> <span class='ocrx_word' id='word_1_115' title='bbox 498 1565 627 1644; x_wconf 83' lang='grc' dir='ltr'><strong><em>πρᾶγμα</em></strong></span> <span class='ocrx_word' id='word_1_116' title='bbox 651 1559 831 1643; x_wconf 74' lang='grc' dir='ltr'><strong><em>παρεδόθη,</em></strong></span> <span class='ocrx_word' id='word_1_117' title='bbox 860 1564 911 1626; x_wconf 82' lang='grc' dir='ltr'><strong>καί</strong></span> <span class='ocrx_word' id='word_1_118' title='bbox 927 1560 1025 1638; x_wconf 83' lang='grc' dir='ltr'><strong><em>αάτδς</em></strong></span> <span class='ocrx_word' id='word_1_119' title='bbox 1047 1560 1083 1624; x_wconf 87' lang='grc' dir='ltr'><strong><em>τὸ</em></strong></span> <span class='ocrx_word' id='word_1_120' title='bbox 1119 1569 1148 1616; x_wconf 88' lang='lat' dir='ltr'><strong>et</strong></span> <span class='ocrx_word' id='word_1_121' title='bbox 1176 1562 1301 1637; x_wconf 88' lang='lat' dir='ltr'><strong>pretium</strong></span> <span class='ocrx_word' id='word_1_122' title='bbox 1324 1564 1386 1640; x_wconf 89' lang='lat' dir='ltr'><strong>ipse</strong></span> <span class='ocrx_word' id='word_1_123' title='bbox 1410 1563 1506 1637; x_wconf 84' lang='lat' dir='ltr'><strong>dedit,</strong></span> <span class='ocrx_word' id='word_1_124' title='bbox 1534 1563 1585 1620; x_wconf 81' lang='lat' dir='ltr'><strong>seu</strong></span> <span class='ocrx_word' id='word_1_125' title='bbox 1605 1564 1779 1644; x_wconf 78' lang='lat' dir='ltr'><strong>imaginarie</strong></span> <span class='ocrx_word' id='word_1_126' title='bbox 1801 1574 1915 1625; x_wconf 84' lang='lat' dir='ltr'><strong>tautum</strong></span> <span class='ocrx_word' id='word_1_127' title='bbox 1935 1568 2038 1625; x_wconf 82' lang='lat' dir='ltr'><strong>uxoris</strong></span> 
     </span>
     <span class='ocr_line' id='line_1_11' title="bbox 163 1641 2040 1730; baseline 0.001 -22"><span class='ocrx_word' id='word_1_128' title='bbox 163 1648 282 1726; x_wconf 87' lang='grc' dir='ltr'><strong><em>τίμημα</em></strong></span> <span class='ocrx_word' id='word_1_129' title='bbox 301 1646 443 1723; x_wconf 73' lang='grc' dir='ltr'><strong><em>δέδωκεν,</em></strong></span> <span class='ocrx_word' id='word_1_130' title='bbox 468 1646 623 1721; x_wconf 80' lang='grc' dir='ltr'><strong><em>είιιονικιῦς</em></strong></span> <span class='ocrx_word' id='word_1_131' title='bbox 642 1647 677 1709; x_wconf 74' lang='lat' dir='ltr'><strong>ul</strong></span> <span class='ocrx_word' id='word_1_132' title='bbox 694 1641 791 1725; x_wconf 86' lang='grc' dir='ltr'><strong><em>μόνον</em></strong></span> <span class='ocrx_word' id='word_1_133' title='bbox 806 1645 842 1711; x_wconf 85' lang='grc' dir='ltr'><strong>τίν</strong></span> <span class='ocrx_word' id='word_1_134' title='bbox 862 1652 919 1730; x_wconf 84' lang='grc' dir='ltr'><strong><em>τῆς</em></strong></span> <span class='ocrx_word' id='word_1_135' title='bbox 941 1643 1085 1730; x_wconf 80' lang='grc' dir='ltr'><strong><em>γυναικός</em></strong></span> <span class='ocrx_word' id='word_1_136' title='bbox 1120 1664 1226 1705; x_wconf 88' lang='lat' dir='ltr'><strong>nomen</strong></span> <span class='ocrx_word' id='word_1_137' title='bbox 1248 1647 1426 1725; x_wconf 86' lang='lat' dir='ltr'><strong>propositum</strong></span> <span class='ocrx_word' id='word_1_138' title='bbox 1458 1660 1524 1723; x_wconf 90' lang='lat' dir='ltr'><strong>est,</strong></span> <span class='ocrx_word' id='word_1_139' title='bbox 1560 1649 1717 1708; x_wconf 84' lang='lat' dir='ltr'><strong>veritatem</strong></span> <span class='ocrx_word' id='word_1_140' title='bbox 1739 1660 1870 1729; x_wconf 84' lang='lat' dir='ltr'><strong>spectare</strong></span> <span class='ocrx_word' id='word_1_141' title='bbox 1894 1652 2040 1726; x_wconf 81' lang='lat' dir='ltr'><strong>debemus,</strong></span> 
     </span>
     <span class='ocr_line' id='line_1_12' title="bbox 165 1728 1640 1825; baseline 0.002 -33"><span class='ocrx_word' id='word_1_142' title='bbox 165 1728 264 1809; x_wconf 73' lang='grc' dir='ltr'><strong><em>ὄνομα</em></strong></span> <span class='ocrx_word' id='word_1_143' title='bbox 293 1732 404 1812; x_wconf 73' lang='grc' dir='ltr'><strong><em>ἐτίθη·</em></strong></span> <span class='ocrx_word' id='word_1_144' title='bbox 435 1731 486 1793; x_wconf 76' lang='grc' dir='ltr'><strong>δεῖ</strong></span> <span class='ocrx_word' id='word_1_145' title='bbox 507 1731 663 1813; x_wconf 79' lang='grc' dir='ltr'><strong><em>προσίχειν</em></strong></span> <span class='ocrx_word' id='word_1_146' title='bbox 691 1728 774 1813; x_wconf 70' lang='grc' dir='ltr'><strong><em>ἡμεῖς</em></strong></span> <span class='ocrx_word' id='word_1_147' title='bbox 796 1738 834 1818; x_wconf 82' lang='grc' dir='ltr'><strong><em>τῇ</em></strong></span> <span class='ocrx_word' id='word_1_148' title='bbox 854 1730 1005 1825; x_wconf 81' lang='grc' dir='ltr'><strong><em>ἀληθείην,</em></strong></span> <span class='ocrx_word' id='word_1_149' title='bbox 1038 1730 1085 1800; x_wconf 84' lang='grc' dir='ltr'><strong>δτι</strong></span> <span class='ocrx_word' id='word_1_150' title='bbox 1119 1731 1197 1811; x_wconf 86' lang='lat' dir='ltr'><strong>quod</strong></span> <span class='ocrx_word' id='word_1_151' title='bbox 1216 1733 1331 1791; x_wconf 86' lang='lat' dir='ltr'><strong>scilicet</strong></span> <span class='ocrx_word' id='word_1_152' title='bbox 1353 1737 1416 1812; x_wconf 90' lang='lat' dir='ltr'><strong>ipse</strong></span> <span class='ocrx_word' id='word_1_153' title='bbox 1432 1734 1567 1794; x_wconf 83' lang='lat' dir='ltr'><strong>dominus</strong></span> <span class='ocrx_word' id='word_1_154' title='bbox 1590 1734 1640 1809; x_wconf 85' lang='lat' dir='ltr'><strong>sit.</strong></span> 
     </span>
     <span class='ocr_line' id='line_1_13' title="bbox 165 1812 587 1898; baseline 0.002 -21"><span class='ocrx_word' id='word_1_155' title='bbox 165 1813 257 1889; x_wconf 84' lang='grc' dir='ltr'><strong><em>αδτὸς</em></strong></span> <span class='ocrx_word' id='word_1_156' title='bbox 277 1815 360 1881; x_wconf 86' lang='grc' dir='ltr'><strong><em>ίστιν</em></strong></span> <span class='ocrx_word' id='word_1_157' title='bbox 382 1812 398 1878; x_wconf 83' lang='grc' dir='ltr'><strong><em>δ</em></strong></span> <span class='ocrx_word' id='word_1_158' title='bbox 422 1814 587 1898; x_wconf 79' lang='grc' dir='ltr'><strong><em>δεσπότης.</em></strong></span> 
     </span>
    </p>
   </div>
   <div class='ocr_carea' id='block_1_5' title="bbox 520 1945 724 1955">
    <p class='ocr_par' dir='ltr' id='par_1_5' title="bbox 520 1945 724 1955">
     <span class='ocr_line' id='line_1_14' title="bbox 520 1945 724 1955; baseline -0.01 0"><span class='ocrx_word' id='word_1_159' title='bbox 520 1945 724 1955; x_wconf 44' lang='lat' dir='ltr'><strong>p*—</strong></span> 
     </span>
    </p>
   </div>
   <div class='ocr_carea' id='block_1_6' title="bbox 461 2012 1754 2106">
    <p class='ocr_par' dir='ltr' id='par_1_6' title="bbox 461 2012 1754 2106">
     <span class='ocr_line' id='line_1_15' title="bbox 461 2012 1754 2106; baseline 0.012 -19"><span class='ocrx_word' id='word_1_160' title='bbox 461 2016 523 2087; x_wconf 88' lang='lat' dir='ltr'><strong>TI</strong></span> <span class='ocrx_word' id='word_1_161' title='bbox 532 2017 608 2091; x_wconf 86' lang='lat' dir='ltr'><strong>TA</strong></span> <span class='ocrx_word' id='word_1_162' title='bbox 618 2018 699 2090; x_wconf 89' lang='grc' dir='ltr'><strong>ΟΣ</strong></span> <span class='ocrx_word' id='word_1_163' title='bbox 725 2012 793 2106; x_wconf 76' lang='grc' dir='ltr'><strong>1ςῖ</strong></span> <span class='ocrx_word' id='word_1_164' title='bbox 1395 2026 1641 2106; x_wconf 70' lang='lat' dir='ltr'><strong>iltutus</strong></span> <span class='ocrx_word' id='word_1_165' title='bbox 1662 2030 1754 2106; x_wconf 80' lang='lat' dir='ltr'><strong>xvi.</strong></span> 
     </span>
    </p>
   </div>
   <div class='ocr_carea' id='block_1_7' title="bbox 550 2144 698 2156">
    <p class='ocr_par' dir='ltr' id='par_1_7' title="bbox 550 2144 698 2156">
     <span class='ocr_line' id='line_1_16' title="bbox 550 2144 698 2156; baseline -0.014 0"><span class='ocrx_word' id='word_1_166' title='bbox 550 2144 698 2156; x_wconf 48' lang='grc' dir='ltr'><strong>ᾑ--σ-</strong></span> 
     </span>
    </p>
   </div>
   <div class='ocr_carea' id='block_1_8' title="bbox 166 2202 2040 2331">
    <p class='ocr_par' dir='ltr' id='par_1_8' title="bbox 166 2202 2040 2331">
     <span class='ocr_line' id='line_1_17' title="bbox 166 2202 2040 2331; baseline 0.013 -56"><span class='ocrx_word' id='word_1_167' title='bbox 166 2208 261 2331; x_wconf 64' lang='grc' dir='ltr'><strong><em>Πηρλ</em></strong></span> <span class='ocrx_word' id='word_1_168' title='bbox 283 2203 354 2277; x_wconf 80' lang='grc' dir='ltr'><strong>τοῦ</strong></span> <span class='ocrx_word' id='word_1_169' title='bbox 371 2203 422 2302; x_wconf 79' lang='grc' dir='ltr'><strong><em>τῷ</em></strong></span> <span class='ocrx_word' id='word_1_170' title='bbox 443 2202 606 2324; x_wconf 64' lang='grc' dir='ltr'><strong><em>πράγμα</em></strong></span> <span class='ocrx_word' id='word_1_171' title='bbox 626 2203 839 2306; x_wconf 81' lang='grc' dir='ltr'><strong><em>ἀλλότριον</em></strong></span> <span class='ocrx_word' id='word_1_172' title='bbox 854 2203 1086 2307; x_wconf 83' lang='grc' dir='ltr'><strong><em>κεχειρικότι</em></strong></span> <span class='ocrx_word' id='word_1_173' title='bbox 1120 2217 1213 2290; x_wconf 86' lang='lat' dir='ltr'><strong>Rem</strong></span> <span class='ocrx_word' id='word_1_174' title='bbox 1240 2218 1403 2292; x_wconf 83' lang='lat' dir='ltr'><strong>alienam</strong></span> <span class='ocrx_word' id='word_1_175' title='bbox 1431 2220 1577 2312; x_wconf 81' lang='lat' dir='ltr'><strong>gerenti</strong></span> <span class='ocrx_word' id='word_1_176' title='bbox 1603 2242 1679 2294; x_wconf 90' lang='lat' dir='ltr'><strong>non</strong></span> <span class='ocrx_word' id='word_1_177' title='bbox 1705 2221 1881 2297; x_wconf 82' lang='lat' dir='ltr'><strong>interdici</strong></span> <span class='ocrx_word' id='word_1_178' title='bbox 1914 2243 2040 2299; x_wconf 87' lang='lat' dir='ltr'><strong>rerum</strong></span> 
     </span>
    </p>
   </div>
   <div class='ocr_carea' id='block_1_9' title="bbox 165 2304 1782 2407">
    <p class='ocr_par' dir='ltr' id='par_1_9' title="bbox 165 2304 1782 2407">
     <span class='ocr_line' id='line_1_18' title="bbox 165 2304 1782 2407; baseline 0.012 -28"><span class='ocrx_word' id='word_1_179' title='bbox 165 2337 218 2404; x_wconf 88' lang='grc' dir='ltr'><strong>μη</strong></span> <span class='ocrx_word' id='word_1_180' title='bbox 232 2304 444 2400; x_wconf 77' lang='grc' dir='ltr'><strong><em>ἀντιλέγειν</em></strong></span> <span class='ocrx_word' id='word_1_181' title='bbox 460 2336 534 2382; x_wconf 86' lang='grc' dir='ltr'><strong>των</strong></span> <span class='ocrx_word' id='word_1_182' title='bbox 551 2308 789 2407; x_wconf 74' lang='grc' dir='ltr'><strong><em>πραγμάτων</em></strong></span> <span class='ocrx_word' id='word_1_183' title='bbox 803 2311 878 2385; x_wconf 83' lang='grc' dir='ltr'><strong>τῶν</strong></span> <span class='ocrx_word' id='word_1_184' title='bbox 894 2307 1001 2387; x_wconf 82' lang='grc' dir='ltr'><strong><em>ἰδίων</em></strong></span> <span class='ocrx_word' id='word_1_185' title='bbox 1018 2310 1086 2403; x_wconf 77' lang='grc' dir='ltr'><strong>τὴν</strong></span> <span class='ocrx_word' id='word_1_186' title='bbox 1368 2342 1521 2397; x_wconf 81' lang='lat' dir='ltr'><strong>suarum</strong></span> <span class='ocrx_word' id='word_1_187' title='bbox 1544 2324 1782 2400; x_wconf 77' lang='lat' dir='ltr'><strong>alienatione.</strong></span> 
     </span>
    </p>
   </div>
   <div class='ocr_carea' id='block_1_10' title="bbox 494 2412 765 2514">
    <p class='ocr_par' dir='ltr' id='par_1_10' title="bbox 494 2412 765 2514">
     <span class='ocr_line' id='line_1_19' title="bbox 494 2412 765 2514; baseline 0 -29"><span class='ocrx_word' id='word_1_188' title='bbox 494 2412 765 2514; x_wconf 78' lang='grc' dir='ltr'><strong><em>ε’κποίησιν.“’)</em></strong></span> 
     </span>
    </p>
   </div>
   <div class='ocr_carea' id='block_1_11' title="bbox 516 2537 1680 2577">
    <p class='ocr_par' dir='ltr' id='par_1_11' title="bbox 516 2537 1680 2577">
     <span class='ocr_line' id='line_1_20' title="bbox 1472 2537 1680 2549; baseline 0 0"><span class='ocrx_word' id='word_1_189' title='bbox 1472 2537 1680 2549; x_wconf 50' lang='lat' dir='ltr'><em>m</em></span> 
     </span>
     <span class='ocr_line' id='line_1_21' title="bbox 516 2560 727 2577; baseline 0.005 -4"><span class='ocrx_word' id='word_1_190' title='bbox 516 2560 727 2577; x_wconf 62' lang='lat' dir='ltr'><strong>—n—</strong></span> 
     </span>
    </p>
   </div>
   <div class='ocr_carea' id='block_1_12' title="bbox 465 2641 1779 2732">
    <p class='ocr_par' dir='ltr' id='par_1_12' title="bbox 465 2641 1779 2732">
     <span class='ocr_line' id='line_1_22' title="bbox 465 2641 1779 2732; baseline 0.009 -14"><span class='ocrx_word' id='word_1_191' title='bbox 465 2648 528 2718; x_wconf 90' lang='lat' dir='ltr'><strong>TI</strong></span> <span class='ocrx_word' id='word_1_192' title='bbox 537 2645 704 2719; x_wconf 88' lang='grc' dir='ltr'><em>ΤΛΟΣ</em></span> <span class='ocrx_word' id='word_1_193' title='bbox 727 2641 806 2719; x_wconf 89' lang='grc' dir='ltr'><strong><em>ΙΖ’.</em></strong></span> <span class='ocrx_word' id='word_1_194' title='bbox 1387 2654 1643 2732; x_wconf 81' lang='lat' dir='ltr'><strong>TlTULUS</strong></span> <span class='ocrx_word' id='word_1_195' title='bbox 1669 2655 1779 2730; x_wconf 86' lang='lat' dir='ltr'><strong>xvu.</strong></span> 
     </span>
    </p>
   </div>
   <div class='ocr_carea' id='block_1_13' title="bbox 165 2824 2002 3042">
    <p class='ocr_par' dir='ltr' id='par_1_13' title="bbox 165 2824 2002 3042">
     <span class='ocr_line' id='line_1_23' title="bbox 165 2824 2002 3041; baseline 0.01 -131"><span class='ocrx_word' id='word_1_196' title='bbox 165 2840 262 2937; x_wconf 83' lang='grc' dir='ltr'><strong><em>Περὶ</em></strong></span> <span class='ocrx_word' id='word_1_197' title='bbox 287 2833 426 2930; x_wconf 78' lang='grc' dir='ltr'><strong><em>δούλης</em></strong></span> <span class='ocrx_word' id='word_1_198' title='bbox 448 2832 660 2956; x_wconf 74' lang='grc' dir='ltr'><strong><em>πραθείσης</em></strong></span> <span class='ocrx_word' id='word_1_199' title='bbox 682 2832 866 3041; x_wconf 33' lang='lat' dir='ltr'><strong>beappo,</strong></span> <span class='ocrx_word' id='word_1_200' title='bbox 899 2824 1006 2937; x_wconf 66' lang='lat' dir='ltr'><strong>r&#39;go&#39;pi</strong></span> <span class='ocrx_word' id='word_1_201' title='bbox 1030 2863 1085 2932; x_wconf 88' lang='grc' dir='ltr'><strong>μη</strong></span> <span class='ocrx_word' id='word_1_202' title='bbox 1161 2848 1220 2921; x_wconf 88' lang='lat' dir='ltr'><strong>De</strong></span> <span class='ocrx_word' id='word_1_203' title='bbox 1244 2846 1378 2923; x_wconf 85' lang='lat' dir='ltr'><strong>ancilla</strong></span> <span class='ocrx_word' id='word_1_204' title='bbox 1401 2848 1456 2922; x_wconf 86' lang='lat' dir='ltr'><strong>ita</strong></span> <span class='ocrx_word' id='word_1_205' title='bbox 1478 2844 1647 2935; x_wconf 83' lang='lat' dir='ltr'><strong>vendita,</strong></span> <span class='ocrx_word' id='word_1_206' title='bbox 1675 2867 1724 2920; x_wconf 89' lang='lat' dir='ltr'><strong>ne</strong></span> <span class='ocrx_word' id='word_1_207' title='bbox 1746 2851 2002 2946; x_wconf 79' lang='lat' dir='ltr'><strong>prostituatur.</strong></span> 
     </span>
     <span class='ocr_line' id='line_1_24' title="bbox 478 2962 698 3042; baseline -0.018 -28"><span class='ocrx_word' id='word_1_208' title='bbox 478 2962 698 3042; x_wconf 83' lang='grc' dir='ltr'><strong><em>προστηναι.</em></strong></span> 
     </span>
    </p>
   </div>
   <div class='ocr_carea' id='block_1_14' title="bbox 1472 3037 1683 3051">
    <p class='ocr_par' dir='ltr' id='par_1_14' title="bbox 1472 3037 1683 3051">
     <span class='ocr_line' id='line_1_25' title="bbox 1472 3037 1683 3051; baseline -0.005 -2"><span class='ocrx_word' id='word_1_209' title='bbox 1472 3037 1683 3051; x_wconf 83' lang='lat'><strong>——</strong></span> 
     </span>
    </p>
   </div>
   <div class='ocr_carea' id='block_1_15' title="bbox 454 3161 1784 3253">
    <p class='ocr_par' dir='ltr' id='par_1_15' title="bbox 454 3161 1784 3253">
     <span class='ocr_line' id='line_1_26' title="bbox 454 3161 1784 3253; baseline -0.005 -6"><span class='ocrx_word' id='word_1_210' title='bbox 454 3178 517 3249; x_wconf 90' lang='lat' dir='ltr'><strong>TI</strong></span> <span class='ocrx_word' id='word_1_211' title='bbox 525 3174 691 3250; x_wconf 87' lang='grc' dir='ltr'><em>ΤΛΟΣ</em></span> <span class='ocrx_word' id='word_1_212' title='bbox 711 3173 796 3253; x_wconf 85' lang='grc' dir='ltr'><strong>ΙΗ’.</strong></span> <span class='ocrx_word' id='word_1_213' title='bbox 1379 3161 1627 3239; x_wconf 81' lang='lat' dir='ltr'><strong>TlTULUS</strong></span> <span class='ocrx_word' id='word_1_214' title='bbox 1657 3164 1784 3241; x_wconf 83' lang='lat' dir='ltr'><strong>xviii.</strong></span> 
     </span>
    </p>
   </div>
   <div class='ocr_carea' id='block_1_16' title="bbox 1524 3297 1648 3311">
    <p class='ocr_par' dir='ltr' id='par_1_16' title="bbox 1524 3297 1648 3311">
     <span class='ocr_line' id='line_1_27' title="bbox 1524 3297 1648 3311; baseline 0 -3"><span class='ocrx_word' id='word_1_215' title='bbox 1524 3297 1648 3311; x_wconf 64' lang='lat'><strong>.—</strong></span> 
     </span>
    </p>
   </div>
   <div class='ocr_carea' id='block_1_17' title="bbox 164 3352 2042 3778">
    <p class='ocr_par' dir='ltr' id='par_1_17' title="bbox 165 3352 2042 3465">
     <span class='ocr_line' id='line_1_28' title="bbox 165 3352 2042 3465; baseline -0.006 -25"><span class='ocrx_word' id='word_1_216' title='bbox 165 3369 261 3465; x_wconf 80' lang='grc' dir='ltr'><strong><em>Περὶ</em></strong></span> <span class='ocrx_word' id='word_1_217' title='bbox 276 3364 525 3462; x_wconf 81' lang='grc' dir='ltr'><strong><em>μονοπωλίαν</em></strong></span> <span class='ocrx_word' id='word_1_218' title='bbox 540 3366 610 3435; x_wconf 84' lang='grc' dir='ltr'><strong>καλ</strong></span> <span class='ocrx_word' id='word_1_219' title='bbox 627 3367 711 3460; x_wconf 77' lang='grc' dir='ltr'><strong><em>περὶ</em></strong></span> <span class='ocrx_word' id='word_1_220' title='bbox 730 3359 959 3460; x_wconf 80' lang='grc' dir='ltr'><strong><em>συμβάσεως</em></strong></span> <span class='ocrx_word' id='word_1_221' title='bbox 980 3394 1083 3464; x_wconf 78' lang='grc' dir='ltr'><strong><em>προ.</em></strong></span> <span class='ocrx_word' id='word_1_222' title='bbox 1118 3354 1176 3427; x_wconf 88' lang='lat' dir='ltr'><strong>De</strong></span> <span class='ocrx_word' id='word_1_223' title='bbox 1203 3353 1430 3454; x_wconf 89' lang='lat' dir='ltr'><strong>monopoliis</strong></span> <span class='ocrx_word' id='word_1_224' title='bbox 1461 3364 1500 3425; x_wconf 84' lang='lat' dir='ltr'><strong>et</strong></span> <span class='ocrx_word' id='word_1_225' title='bbox 1533 3352 1581 3426; x_wconf 90' lang='lat' dir='ltr'><strong>de</strong></span> <span class='ocrx_word' id='word_1_226' title='bbox 1614 3365 1802 3430; x_wconf 86' lang='lat' dir='ltr'><strong>conventu</strong></span> <span class='ocrx_word' id='word_1_227' title='bbox 1829 3359 2042 3451; x_wconf 81' lang='lat' dir='ltr'><strong>negotiato-</strong></span> 
     </span>
    </p>

    <p class='ocr_par' dir='ltr' id='par_1_18' title="bbox 164 3456 2040 3569">
     <span class='ocr_line' id='line_1_29' title="bbox 164 3456 2040 3569; baseline -0.005 -25"><span class='ocrx_word' id='word_1_228' title='bbox 164 3466 419 3568; x_wconf 61' lang='lat' dir='ltr'><strong>ypamcivm)</strong></span> <span class='ocrx_word' id='word_1_229' title='bbox 442 3466 641 3565; x_wconf 75' lang='grc' dir='ltr'><strong><em>ἀθεμίτου</em></strong></span> <span class='ocrx_word' id='word_1_230' title='bbox 661 3469 684 3558; x_wconf 76' lang='grc' dir='ltr'><em>ἢ</em></span> <span class='ocrx_word' id='word_1_231' title='bbox 704 3465 946 3569; x_wconf 73' lang='grc' dir='ltr'><strong><em>τεχνιτῶν“*)</em></strong></span> <span class='ocrx_word' id='word_1_232' title='bbox 967 3473 1081 3569; x_wconf 80' lang='grc' dir='ltr'><strong><em>ἐργο-</em></strong></span> <span class='ocrx_word' id='word_1_233' title='bbox 1116 3480 1200 3532; x_wconf 83' lang='lat' dir='ltr'><strong>rtlm</strong></span> <span class='ocrx_word' id='word_1_234' title='bbox 1239 3456 1370 3532; x_wconf 86' lang='lat' dir='ltr'><strong>illicito</strong></span> <span class='ocrx_word' id='word_1_235' title='bbox 1409 3458 1471 3532; x_wconf 81' lang='lat' dir='ltr'><strong>vel</strong></span> <span class='ocrx_word' id='word_1_236' title='bbox 1511 3459 1666 3531; x_wconf 82' lang='lat' dir='ltr'><strong>artificio</strong></span> <span class='ocrx_word' id='word_1_237' title='bbox 1704 3461 1963 3555; x_wconf 84' lang='lat' dir='ltr'><strong>ergolaborutu</strong></span> <span class='ocrx_word' id='word_1_238' title='bbox 2001 3473 2040 3534; x_wconf 84' lang='lat' dir='ltr'><strong>et</strong></span> 
     </span>
    </p>

    <p class='ocr_par' dir='ltr' id='par_1_19' title="bbox 216 3562 2038 3778">
     <span class='ocr_line' id='line_1_30' title="bbox 216 3562 2038 3666; baseline -0.002 -23"><span class='ocrx_word' id='word_1_239' title='bbox 216 3572 355 3666; x_wconf 76' lang='grc' dir='ltr'><strong><em>λάβον</em></strong></span> <span class='ocrx_word' id='word_1_240' title='bbox 380 3601 418 3647; x_wconf 78' lang='grc' dir='ltr'><strong>ιε</strong></span> <span class='ocrx_word' id='word_1_241' title='bbox 447 3577 518 3647; x_wconf 80' lang='grc' dir='ltr'><strong><em>καὶ</em></strong></span> <span class='ocrx_word' id='word_1_242' title='bbox 544 3571 754 3664; x_wconf 74' lang='grc' dir='ltr'><strong><em>βαλανέων</em></strong></span> <span class='ocrx_word' id='word_1_243' title='bbox 780 3571 1040 3648; x_wconf 72' lang='grc' dir='ltr'><strong><em>νωλνιλὲνοων</em></strong></span> <span class='ocrx_word' id='word_1_244' title='bbox 1118 3563 1378 3637; x_wconf 83' lang='lat' dir='ltr'><strong>balneatorum</strong></span> <span class='ocrx_word' id='word_1_245' title='bbox 1415 3563 1614 3660; x_wconf 85' lang='lat' dir='ltr'><strong>prohibitis</strong></span> <span class='ocrx_word' id='word_1_246' title='bbox 1648 3574 1687 3635; x_wconf 92' lang='lat' dir='ltr'><strong>ct</strong></span> <span class='ocrx_word' id='word_1_247' title='bbox 1723 3562 1771 3636; x_wconf 88' lang='lat' dir='ltr'><strong>de</strong></span> <span class='ocrx_word' id='word_1_248' title='bbox 1802 3563 2038 3662; x_wconf 85' lang='lat' dir='ltr'><strong>pactionibus</strong></span> 
     </span>
     <span class='ocr_line' id='line_1_31' title="bbox 289 3666 1648 3778; baseline -0.01 -26"><span class='ocrx_word' id='word_1_249' title='bbox 289 3676 491 3775; x_wconf 76' lang='grc' dir='ltr'><strong><em>ἀθεμίτων</em></strong></span> <span class='ocrx_word' id='word_1_250' title='bbox 513 3682 584 3751; x_wconf 84' lang='grc' dir='ltr'><strong><em>καὶ</em></strong></span> <span class='ocrx_word' id='word_1_251' title='bbox 593 3674 647 3777; x_wconf 82' lang='lat'><strong>“⁵)</strong></span> <span class='ocrx_word' id='word_1_252' title='bbox 671 3674 960 3778; x_wconf 76' lang='grc' dir='ltr'><strong><em>σομφάνων.““)</em></strong></span> <span class='ocrx_word' id='word_1_253' title='bbox 1496 3666 1648 3739; x_wconf 84' lang='lat' dir='ltr'><strong>illicitis.</strong></span> 
     </span>
    </p>
   </div>
   <div class='ocr_carea' id='block_1_18' title="bbox 98 3795 2209 5589">
    <p class='ocr_par' dir='ltr' id='par_1_20' title="bbox 163 3795 2209 5419">
     <span class='ocr_line' id='line_1_32' title="bbox 229 3795 2164 3889; baseline -0.002 -27"><span class='ocrx_word' id='word_1_254' title='bbox 229 3802 484 3886; x_wconf 74' lang='grc' dir='ltr'><strong><em>Κιλιὺομιν*“),</em></strong></span> <span class='ocrx_word' id='word_1_255' title='bbox 511 3806 565 3869; x_wconf 71' lang='grc' dir='ltr'><strong>ἵνα</strong></span> <span class='ocrx_word' id='word_1_256' title='bbox 591 3803 636 3889; x_wconf 79' lang='grc' dir='ltr'><strong><em>μή</em></strong></span> <span class='ocrx_word' id='word_1_257' title='bbox 657 3831 703 3882; x_wconf 73' lang='grc' dir='ltr'><strong><em>ως</em></strong></span> <span class='ocrx_word' id='word_1_258' title='bbox 732 3803 917 3887; x_wconf 71' lang='grc' dir='ltr'><strong><em>οἱοολήιιονι</em></strong></span> <span class='ocrx_word' id='word_1_259' title='bbox 946 3805 1083 3887; x_wconf 68' lang='grc' dir='ltr'><strong><em>ἐσθῆτος</em></strong></span> <span class='ocrx_word' id='word_1_260' title='bbox 1183 3797 1217 3856; x_wconf 89' lang='grc' dir='ltr'><strong>ΙΙ.</strong></span> <span class='ocrx_word' id='word_1_261' title='bbox 1258 3795 1409 3871; x_wconf 85' lang='lat' dir='ltr'><strong>labemus,</strong></span> <span class='ocrx_word' id='word_1_262' title='bbox 1439 3799 1563 3875; x_wconf 84' lang='lat' dir='ltr'><strong>nequis</strong></span> <span class='ocrx_word' id='word_1_263' title='bbox 1590 3797 1792 3878; x_wconf 81' lang='lat' dir='ltr'><strong>cuiuscunque</strong></span> <span class='ocrx_word' id='word_1_264' title='bbox 1812 3799 1906 3858; x_wconf 85' lang='lat' dir='ltr'><strong>vestis</strong></span> <span class='ocrx_word' id='word_1_265' title='bbox 1928 3802 1976 3860; x_wconf 82' lang='lat' dir='ltr'><strong>rel</strong></span> <span class='ocrx_word' id='word_1_266' title='bbox 1996 3800 2041 3878; x_wconf 90' lang='lat' dir='ltr'><strong>pi·</strong></span> <span class='ocrx_word' id='word_1_267' title='bbox 2098 3807 2164 3858; x_wconf 72' lang='lat' dir='ltr'><strong>m.</strong></span> 
     </span>
     <span class='ocr_line' id='line_1_33' title="bbox 163 3875 2209 3975; baseline -0.003 -26"><span class='ocrx_word' id='word_1_268' title='bbox 163 3888 319 3975; x_wconf 72' lang='grc' dir='ltr'><strong><em>ήίγθύος</em></strong></span> <span class='ocrx_word' id='word_1_269' title='bbox 348 3888 368 3973; x_wconf 80' lang='grc' dir='ltr'>ἢ</span> <span class='ocrx_word' id='word_1_270' title='bbox 397 3894 515 3955; x_wconf 81' lang='grc' dir='ltr'><strong><em>κιινίου</em></strong></span> <span class='ocrx_word' id='word_1_271' title='bbox 544 3887 564 3972; x_wconf 79' lang='grc' dir='ltr'><em>ἢ</em></span> <span class='ocrx_word' id='word_1_272' title='bbox 598 3892 699 3972; x_wconf 75' lang='grc' dir='ltr'><strong><em>λχίνον</em></strong></span> <span class='ocrx_word' id='word_1_273' title='bbox 724 3891 743 3975; x_wconf 84' lang='grc' dir='ltr'><strong><em>ή</em></strong></span> <span class='ocrx_word' id='word_1_274' title='bbox 776 3886 958 3974; x_wconf 73' lang='grc' dir='ltr'><strong><em>οἱοολήνιοη</em></strong></span> <span class='ocrx_word' id='word_1_275' title='bbox 986 3888 1082 3953; x_wconf 77' lang='grc' dir='ltr'><strong><em>ἄλλον</em></strong></span> <span class='ocrx_word' id='word_1_276' title='bbox 1117 3886 1177 3944; x_wconf 86' lang='lat' dir='ltr'><strong>sois</strong></span> <span class='ocrx_word' id='word_1_277' title='bbox 1203 3884 1250 3942; x_wconf 82' lang='lat' dir='ltr'><strong>rel</strong></span> <span class='ocrx_word' id='word_1_278' title='bbox 1271 3883 1397 3959; x_wconf 82' lang='lat' dir='ltr'><strong>pectinis</strong></span> <span class='ocrx_word' id='word_1_279' title='bbox 1419 3886 1467 3940; x_wconf 81' lang='lat' dir='ltr'><strong>vel</strong></span> <span class='ocrx_word' id='word_1_280' title='bbox 1490 3881 1586 3941; x_wconf 86' lang='lat' dir='ltr'><strong>echini</strong></span> <span class='ocrx_word' id='word_1_281' title='bbox 1608 3885 1656 3941; x_wconf 87' lang='lat' dir='ltr'><strong>vel</strong></span> <span class='ocrx_word' id='word_1_282' title='bbox 1677 3885 1832 3945; x_wconf 84' lang='lat' dir='ltr'><strong>cuiuslibet</strong></span> <span class='ocrx_word' id='word_1_283' title='bbox 1857 3888 1981 3945; x_wconf 89' lang='lat' dir='ltr'><strong>alterius</strong></span> <span class='ocrx_word' id='word_1_284' title='bbox 2003 3886 2041 3944; x_wconf 87' lang='lat' dir='ltr'><strong>ad</strong></span> <span class='ocrx_word' id='word_1_285' title='bbox 2064 3883 2092 3934; x_wconf 76' lang='lat'><strong>0·</strong></span> <span class='ocrx_word' id='word_1_286' title='bbox 2111 3875 2209 3930; x_wconf 67' lang='lat' dir='ltr'><strong>lis-⁵9·</strong></span> 
     </span>
     <span class='ocr_line' id='line_1_34' title="bbox 163 3966 2041 4059; baseline -0.003 -25"><span class='ocrx_word' id='word_1_287' title='bbox 163 3981 206 4052; x_wconf 75' lang='grc' dir='ltr'><strong>ιλς</strong></span> <span class='ocrx_word' id='word_1_288' title='bbox 236 3975 416 4059; x_wconf 75' lang='grc' dir='ltr'><strong><em>ιλποιροφήν</em></strong></span> <span class='ocrx_word' id='word_1_289' title='bbox 445 3975 464 4058; x_wconf 81' lang='grc' dir='ltr'><strong><em>ή</em></strong></span> <span class='ocrx_word' id='word_1_290' title='bbox 495 3977 537 4049; x_wconf 60' lang='lat' dir='ltr'><strong>sig</strong></span> <span class='ocrx_word' id='word_1_291' title='bbox 567 3974 753 4057; x_wconf 70' lang='grc' dir='ltr'><strong><em>οἷονλήοονς</em></strong></span> <span class='ocrx_word' id='word_1_292' title='bbox 782 3981 889 4057; x_wconf 68' lang='grc' dir='ltr'><strong><em>νοήσω</em></strong></span> <span class='ocrx_word' id='word_1_293' title='bbox 918 3971 1083 4059; x_wconf 66' lang='grc' dir='ltr'><strong><em>ἀνήκοντος</em></strong></span> <span class='ocrx_word' id='word_1_294' title='bbox 1116 3972 1230 4027; x_wconf 84' lang='lat' dir='ltr'><strong>victum</strong></span> <span class='ocrx_word' id='word_1_295' title='bbox 1254 3970 1302 4025; x_wconf 85' lang='lat' dir='ltr'><strong>vel</strong></span> <span class='ocrx_word' id='word_1_296' title='bbox 1331 3966 1369 4025; x_wconf 85' lang='lat' dir='ltr'><strong>ad</strong></span> <span class='ocrx_word' id='word_1_297' title='bbox 1396 3987 1600 4047; x_wconf 79' lang='lat' dir='ltr'><strong>quemcunque</strong></span> <span class='ocrx_word' id='word_1_298' title='bbox 1625 3986 1711 4028; x_wconf 87' lang='lat' dir='ltr'><strong>usam</strong></span> <span class='ocrx_word' id='word_1_299' title='bbox 1730 3971 1906 4047; x_wconf 87' lang='lat' dir='ltr'><strong>pertinentis</strong></span> <span class='ocrx_word' id='word_1_300' title='bbox 1932 3972 2041 4048; x_wconf 86' lang='lat' dir='ltr'><strong>speciei</strong></span> 
     </span>
     <span class='ocr_line' id='line_1_35' title="bbox 164 4053 2040 4143; baseline -0.007 -16"><span class='ocrx_word' id='word_1_301' title='bbox 164 4063 265 4135; x_wconf 82' lang='grc' dir='ltr'><strong><em>ιίδονς</em></strong></span> <span class='ocrx_word' id='word_1_302' title='bbox 294 4058 313 4143; x_wconf 78' lang='grc' dir='ltr'><em>ἢ</em></span> <span class='ocrx_word' id='word_1_303' title='bbox 343 4059 527 4141; x_wconf 80' lang='grc' dir='ltr'><strong><em>οίασιληποτε</em></strong></span> <span class='ocrx_word' id='word_1_304' title='bbox 555 4059 633 4142; x_wconf 75' lang='grc' dir='ltr'><strong><em>ὕλης</em></strong></span> <span class='ocrx_word' id='word_1_305' title='bbox 662 4062 694 4136; x_wconf 66' lang='lat' dir='ltr'><strong>l}</strong></span> <span class='ocrx_word' id='word_1_306' title='bbox 720 4062 834 4133; x_wconf 72' lang='grc' dir='ltr'><strong><em>οἰκείας</em></strong></span> <span class='ocrx_word' id='word_1_307' title='bbox 863 4059 1033 4132; x_wconf 43' lang='grc' dir='ltr'><strong><em>α’ἀθεντίας</em></strong></span> <span class='ocrx_word' id='word_1_308' title='bbox 1062 4057 1082 4140; x_wconf 79' lang='grc' dir='ltr'><strong><em>ἢ</em></strong></span> <span class='ocrx_word' id='word_1_309' title='bbox 1117 4056 1164 4111; x_wconf 83' lang='lat' dir='ltr'><strong>vel</strong></span> <span class='ocrx_word' id='word_1_310' title='bbox 1185 4053 1341 4111; x_wconf 84' lang='lat' dir='ltr'><strong>cuiuslibet</strong></span> <span class='ocrx_word' id='word_1_311' title='bbox 1364 4055 1505 4111; x_wconf 86' lang='lat' dir='ltr'><strong>materiae</strong></span> <span class='ocrx_word' id='word_1_312' title='bbox 1528 4073 1579 4131; x_wconf 89' lang='lat' dir='ltr'><strong>pro</strong></span> <span class='ocrx_word' id='word_1_313' title='bbox 1602 4055 1780 4113; x_wconf 84' lang='lat' dir='ltr'><strong>auctoritate</strong></span> <span class='ocrx_word' id='word_1_314' title='bbox 1806 4074 1860 4114; x_wconf 94' lang='lat' dir='ltr'><strong>sua</strong></span> <span class='ocrx_word' id='word_1_315' title='bbox 1891 4059 1937 4114; x_wconf 85' lang='lat' dir='ltr'><strong>vel</strong></span> <span class='ocrx_word' id='word_1_316' title='bbox 1958 4075 2040 4115; x_wconf 90' lang='lat' dir='ltr'><strong>sacro</strong></span> 
     </span>
     <span class='ocr_line' id='line_1_36' title="bbox 164 4137 2042 4230; baseline -0.009 -14"><span class='ocrx_word' id='word_1_317' title='bbox 164 4150 253 4212; x_wconf 82' lang='grc' dir='ltr'><strong><em>θείου</em></strong></span> <span class='ocrx_word' id='word_1_318' title='bbox 269 4144 329 4227; x_wconf 83' lang='grc' dir='ltr'><strong><em>ἤδη</em></strong></span> <span class='ocrx_word' id='word_1_319' title='bbox 352 4147 584 4230; x_wconf 77' lang='grc' dir='ltr'><strong><em>ίκφιονηθίντος</em></strong></span> <span class='ocrx_word' id='word_1_320' title='bbox 602 4145 621 4227; x_wconf 80' lang='grc' dir='ltr'><em>ἢ</em></span> <span class='ocrx_word' id='word_1_321' title='bbox 638 4151 695 4211; x_wconf 83' lang='grc' dir='ltr'><strong>τοῦ</strong></span> <span class='ocrx_word' id='word_1_322' title='bbox 712 4152 824 4211; x_wconf 82' lang='grc' dir='ltr'><strong><em>λοιποῦ</em></strong></span> <span class='ocrx_word' id='word_1_323' title='bbox 847 4145 1082 4230; x_wconf 82' lang='grc' dir='ltr'><strong><em>ίιιιρωνονμίνοσ</em></strong></span> <span class='ocrx_word' id='word_1_324' title='bbox 1117 4142 1176 4198; x_wconf 83' lang='lat' dir='ltr'><strong>ism</strong></span> <span class='ocrx_word' id='word_1_325' title='bbox 1198 4137 1279 4197; x_wconf 83' lang='lat' dir='ltr'><strong>edito</strong></span> <span class='ocrx_word' id='word_1_326' title='bbox 1299 4147 1351 4195; x_wconf 87' lang='lat' dir='ltr'><strong>aut</strong></span> <span class='ocrx_word' id='word_1_327' title='bbox 1375 4138 1407 4195; x_wconf 88' lang='lat' dir='ltr'><strong>in</strong></span> <span class='ocrx_word' id='word_1_328' title='bbox 1428 4147 1580 4216; x_wconf 84' lang='lat' dir='ltr'><strong>posterum</strong></span> <span class='ocrx_word' id='word_1_329' title='bbox 1602 4137 1714 4197; x_wconf 85' lang='lat' dir='ltr'><strong>edendo</strong></span> <span class='ocrx_word' id='word_1_330' title='bbox 1736 4143 1880 4218; x_wconf 81' lang='lat' dir='ltr'><strong>rescripto</strong></span> <span class='ocrx_word' id='word_1_331' title='bbox 1904 4153 1955 4200; x_wconf 87' lang='lat' dir='ltr'><strong>aut</strong></span> <span class='ocrx_word' id='word_1_332' title='bbox 1974 4160 2042 4221; x_wconf 87' lang='lat' dir='ltr'><strong>pra-</strong></span> 
     </span>
     <span class='ocr_line' id='line_1_37' title="bbox 164 4223 2042 4314; baseline -0.009 -13"><span class='ocrx_word' id='word_1_333' title='bbox 164 4231 374 4313; x_wconf 81' lang='grc' dir='ltr'><strong><em>διατάγματας</em></strong></span> <span class='ocrx_word' id='word_1_334' title='bbox 402 4229 422 4312; x_wconf 77' lang='grc' dir='ltr'>ἢ</span> <span class='ocrx_word' id='word_1_335' title='bbox 453 4234 671 4314; x_wconf 78' lang='grc' dir='ltr'><strong><em>πραγματικοῦ</em></strong></span> <span class='ocrx_word' id='word_1_336' title='bbox 691 4230 789 4296; x_wconf 76' lang='grc' dir='ltr'><strong><em>τύπου</em></strong></span> <span class='ocrx_word' id='word_1_337' title='bbox 810 4229 830 4313; x_wconf 77' lang='grc' dir='ltr'>ἢ</span> <span class='ocrx_word' id='word_1_338' title='bbox 852 4231 943 4306; x_wconf 89' lang='grc' dir='ltr'><strong><em>θείας</em></strong></span> <span class='ocrx_word' id='word_1_339' title='bbox 964 4228 1082 4310; x_wconf 81' lang='grc' dir='ltr'><strong><em>δποση.</em></strong></span> <span class='ocrx_word' id='word_1_340' title='bbox 1117 4225 1248 4304; x_wconf 77' lang='lat' dir='ltr'><strong>gmatica</strong></span> <span class='ocrx_word' id='word_1_341' title='bbox 1269 4225 1422 4282; x_wconf 84' lang='lat' dir='ltr'><strong>sanctione</strong></span> <span class='ocrx_word' id='word_1_342' title='bbox 1442 4223 1492 4282; x_wconf 82' lang='lat' dir='ltr'><strong>vel</strong></span> <span class='ocrx_word' id='word_1_343' title='bbox 1515 4240 1598 4281; x_wconf 87' lang='lat' dir='ltr'><strong>soora</strong></span> <span class='ocrx_word' id='word_1_344' title='bbox 1619 4224 1829 4285; x_wconf 72' lang='lat' dir='ltr'><strong>subnotatione</strong></span> <span class='ocrx_word' id='word_1_345' title='bbox 1843 4230 2042 4305; x_wconf 82' lang='lat' dir='ltr'><strong>monopolium</strong></span> 
     </span>
     <span class='ocr_line' id='line_1_38' title="bbox 163 4308 2042 4399; baseline -0.008 -14"><span class='ocrx_word' id='word_1_346' title='bbox 163 4315 321 4399; x_wconf 77' lang='grc' dir='ltr'><strong><em>μειώσεως</em></strong></span> <span class='ocrx_word' id='word_1_347' title='bbox 341 4311 533 4397; x_wconf 76' lang='grc' dir='ltr'><strong><em>μονοπώλιον</em></strong></span> <span class='ocrx_word' id='word_1_348' title='bbox 554 4313 632 4397; x_wconf 79' lang='grc' dir='ltr'><strong><em>ίχειν</em></strong></span> <span class='ocrx_word' id='word_1_349' title='bbox 653 4313 816 4397; x_wconf 84' lang='grc' dir='ltr'><strong><em>τολμάτω·</em></strong></span> <span class='ocrx_word' id='word_1_350' title='bbox 838 4315 914 4399; x_wconf 78' lang='grc' dir='ltr'><strong><em>μήτε</em></strong></span> <span class='ocrx_word' id='word_1_351' title='bbox 936 4317 982 4390; x_wconf 78' lang='grc' dir='ltr'><strong>τίς</strong></span> <span class='ocrx_word' id='word_1_352' title='bbox 1003 4314 1082 4379; x_wconf 83' lang='grc' dir='ltr'><strong><em>ἀθε-</em></strong></span> <span class='ocrx_word' id='word_1_353' title='bbox 1118 4309 1225 4369; x_wconf 84' lang='lat' dir='ltr'><strong>audeat</strong></span> <span class='ocrx_word' id='word_1_354' title='bbox 1245 4324 1394 4368; x_wconf 83' lang='lat' dir='ltr'><strong>exercere:</strong></span> <span class='ocrx_word' id='word_1_355' title='bbox 1415 4327 1487 4368; x_wconf 77' lang='lat' dir='ltr'><strong>uene</strong></span> <span class='ocrx_word' id='word_1_356' title='bbox 1510 4309 1575 4386; x_wconf 86' lang='lat' dir='ltr'><strong>quis</strong></span> <span class='ocrx_word' id='word_1_357' title='bbox 1598 4308 1714 4367; x_wconf 72' lang='lat' dir='ltr'><strong>illicitis</strong></span> <span class='ocrx_word' id='word_1_358' title='bbox 1737 4308 1844 4369; x_wconf 86' lang='lat' dir='ltr'><strong>habitis</strong></span> <span class='ocrx_word' id='word_1_359' title='bbox 1868 4314 2042 4371; x_wconf 80' lang='lat' dir='ltr'><strong>conventio-</strong></span> 
     </span>
     <span class='ocr_line' id='line_1_39' title="bbox 164 4392 2042 4487; baseline -0.006 -21"><span class='ocrx_word' id='word_1_360' title='bbox 164 4404 261 4485; x_wconf 87' lang='grc' dir='ltr'><strong><em>μίτων</em></strong></span> <span class='ocrx_word' id='word_1_361' title='bbox 288 4402 459 4483; x_wconf 70' lang='grc' dir='ltr'><strong><em>γενομένων</em></strong></span> <span class='ocrx_word' id='word_1_362' title='bbox 480 4406 657 4487; x_wconf 80' lang='grc' dir='ltr'><strong><em>συμφώνων</em></strong></span> <span class='ocrx_word' id='word_1_363' title='bbox 680 4402 879 4481; x_wconf 83' lang='grc' dir='ltr'><strong><em>σονομνοίτω</em></strong></span> <span class='ocrx_word' id='word_1_364' title='bbox 902 4400 922 4482; x_wconf 81' lang='grc' dir='ltr'><em>ἢ</em></span> <span class='ocrx_word' id='word_1_365' title='bbox 951 4423 1082 4483; x_wconf 79' lang='grc' dir='ltr'><strong><em>σομφω.</em></strong></span> <span class='ocrx_word' id='word_1_366' title='bbox 1118 4395 1204 4454; x_wconf 89' lang='lat' dir='ltr'><strong>nibus</strong></span> <span class='ocrx_word' id='word_1_367' title='bbox 1226 4392 1362 4452; x_wconf 85' lang='lat' dir='ltr'><strong>coniuret</strong></span> <span class='ocrx_word' id='word_1_368' title='bbox 1384 4404 1435 4452; x_wconf 88' lang='lat' dir='ltr'><strong>aut</strong></span> <span class='ocrx_word' id='word_1_369' title='bbox 1460 4395 1643 4470; x_wconf 86' lang='lat' dir='ltr'><strong>paciscatur,</strong></span> <span class='ocrx_word' id='word_1_370' title='bbox 1665 4404 1699 4450; x_wconf 90' lang='lat' dir='ltr'><strong>ut</strong></span> <span class='ocrx_word' id='word_1_371' title='bbox 1721 4396 1832 4472; x_wconf 86' lang='lat' dir='ltr'><strong>speeies</strong></span> <span class='ocrx_word' id='word_1_372' title='bbox 1859 4396 2042 4455; x_wconf 84' lang='lat' dir='ltr'><strong>diversorum</strong></span> 
     </span>
     <span class='ocr_line' id='line_1_40' title="bbox 164 4478 2042 4572; baseline -0.009 -17"><span class='ocrx_word' id='word_1_373' title='bbox 164 4492 265 4569; x_wconf 87' lang='grc' dir='ltr'><strong><em>νείτω,</em></strong></span> <span class='ocrx_word' id='word_1_374' title='bbox 283 4488 336 4550; x_wconf 74' lang='grc' dir='ltr'><strong><em>’ίνα</em></strong></span> <span class='ocrx_word' id='word_1_375' title='bbox 357 4486 397 4549; x_wconf 81' lang='grc' dir='ltr'><strong><em>τὰ</em></strong></span> <span class='ocrx_word' id='word_1_376' title='bbox 419 4486 483 4567; x_wconf 72' lang='grc' dir='ltr'><strong><em>εἴδη</em></strong></span> <span class='ocrx_word' id='word_1_377' title='bbox 500 4486 660 4572; x_wconf 82' lang='grc' dir='ltr'><strong><em>διαφόρων</em></strong></span> <span class='ocrx_word' id='word_1_378' title='bbox 681 4488 845 4565; x_wconf 84' lang='grc' dir='ltr'><strong><em>σωματίαιν</em></strong></span> <span class='ocrx_word' id='word_1_379' title='bbox 866 4491 921 4567; x_wconf 79' lang='grc' dir='ltr'><strong><em>τῆς</em></strong></span> <span class='ocrx_word' id='word_1_380' title='bbox 940 4511 1085 4569; x_wconf 68' lang='grc' dir='ltr'><strong><em>πραγμοι.</em></strong></span> <span class='ocrx_word' id='word_1_381' title='bbox 1119 4498 1275 4557; x_wconf 88' lang='lat' dir='ltr'><strong>corporum</strong></span> <span class='ocrx_word' id='word_1_382' title='bbox 1297 4478 1511 4559; x_wconf 77' lang='lat' dir='ltr'><strong>negotiationis</strong></span> <span class='ocrx_word' id='word_1_383' title='bbox 1531 4496 1592 4536; x_wconf 90' lang='lat' dir='ltr'><strong>non</strong></span> <span class='ocrx_word' id='word_1_384' title='bbox 1614 4478 1737 4537; x_wconf 90' lang='lat' dir='ltr'><strong>minoris</strong></span> <span class='ocrx_word' id='word_1_385' title='bbox 1758 4481 1933 4558; x_wconf 82' lang='lat' dir='ltr'><strong>quisdicat,</strong></span> <span class='ocrx_word' id='word_1_386' title='bbox 1955 4500 2042 4560; x_wconf 79' lang='lat' dir='ltr'><strong>quam</strong></span> 
     </span>
     <span class='ocr_line' id='line_1_41' title="bbox 164 4562 2044 4656; baseline -0.008 -17"><span class='ocrx_word' id='word_1_387' title='bbox 164 4576 246 4647; x_wconf 84' lang='grc' dir='ltr'><strong><em>τείας</em></strong></span> <span class='ocrx_word' id='word_1_388' title='bbox 267 4571 311 4654; x_wconf 78' lang='grc' dir='ltr'><strong>μὴ</strong></span> <span class='ocrx_word' id='word_1_389' title='bbox 331 4570 491 4646; x_wconf 82' lang='grc' dir='ltr'><strong><em>ίλάττονδς</em></strong></span> <span class='ocrx_word' id='word_1_390' title='bbox 510 4598 557 4646; x_wconf 89' lang='grc' dir='ltr'><strong>τις</strong></span> <span class='ocrx_word' id='word_1_391' title='bbox 576 4571 660 4656; x_wconf 82' lang='grc' dir='ltr'><strong><em>είπη,</em></strong></span> <span class='ocrx_word' id='word_1_392' title='bbox 687 4562 725 4636; x_wconf 79' lang='grc' dir='ltr'><strong>οὗ</strong></span> <span class='ocrx_word' id='word_1_393' title='bbox 746 4571 824 4651; x_wconf 82' lang='grc' dir='ltr'><strong><em>πρὸς</em></strong></span> <span class='ocrx_word' id='word_1_394' title='bbox 846 4569 999 4653; x_wconf 76' lang='grc' dir='ltr'><strong><em>ἀλλήλους</em></strong></span> <span class='ocrx_word' id='word_1_395' title='bbox 1020 4569 1081 4634; x_wconf 63' lang='lat' dir='ltr'><strong>M.</strong></span> <span class='ocrx_word' id='word_1_396' title='bbox 1117 4568 1197 4624; x_wconf 85' lang='lat' dir='ltr'><strong>inter</strong></span> <span class='ocrx_word' id='word_1_397' title='bbox 1224 4583 1256 4622; x_wconf 87' lang='lat' dir='ltr'><strong>se</strong></span> <span class='ocrx_word' id='word_1_398' title='bbox 1289 4566 1469 4640; x_wconf 73' lang='lat' dir='ltr'><strong>statuerint,</strong></span> <span class='ocrx_word' id='word_1_399' title='bbox 1501 4563 1682 4623; x_wconf 80' lang='lat' dir='ltr'><strong>venumdari.</strong></span> <span class='ocrx_word' id='word_1_400' title='bbox 1731 4566 1937 4627; x_wconf 80' lang='lat' dir='ltr'><strong>hedihoiorum</strong></span> <span class='ocrx_word' id='word_1_401' title='bbox 1969 4585 2044 4645; x_wconf 85' lang='lat' dir='ltr'><strong>quo·</strong></span> 
     </span>
     <span class='ocr_line' id='line_1_42' title="bbox 164 4646 2043 4740; baseline -0.004 -24"><span class='ocrx_word' id='word_1_402' title='bbox 164 4664 281 4739; x_wconf 73' lang='grc' dir='ltr'><strong><em>νοξαν,</em></strong></span> <span class='ocrx_word' id='word_1_403' title='bbox 315 4663 485 4740; x_wconf 73' lang='grc' dir='ltr'><strong><em>πραθῆναι,</em></strong></span> <span class='ocrx_word' id='word_1_404' title='bbox 530 4658 580 4719; x_wconf 68' lang='lat' dir='ltr'><strong>nal</strong></span> <span class='ocrx_word' id='word_1_405' title='bbox 608 4657 637 4720; x_wconf 77' lang='grc' dir='ltr'><strong><em>οῖ</em></strong></span> <span class='ocrx_word' id='word_1_406' title='bbox 670 4663 733 4723; x_wconf 72' lang='grc' dir='ltr'><strong>νῶν</strong></span> <span class='ocrx_word' id='word_1_407' title='bbox 760 4653 937 4737; x_wconf 69' lang='grc' dir='ltr'><strong><em>οἰκημάτων</em></strong></span> <span class='ocrx_word' id='word_1_408' title='bbox 966 4651 1083 4733; x_wconf 77' lang='grc' dir='ltr'><strong><em>ὁμοίως</em></strong></span> <span class='ocrx_word' id='word_1_409' title='bbox 1118 4670 1175 4728; x_wconf 85' lang='lat' dir='ltr'><strong>que</strong></span> <span class='ocrx_word' id='word_1_410' title='bbox 1197 4651 1334 4709; x_wconf 87' lang='lat' dir='ltr'><strong>similiter</strong></span> <span class='ocrx_word' id='word_1_411' title='bbox 1358 4650 1487 4707; x_wconf 87' lang='lat' dir='ltr'><strong>artifices</strong></span> <span class='ocrx_word' id='word_1_412' title='bbox 1509 4650 1557 4708; x_wconf 81' lang='lat' dir='ltr'><strong>vel</strong></span> <span class='ocrx_word' id='word_1_413' title='bbox 1573 4646 1751 4709; x_wconf 84' lang='lat' dir='ltr'><strong>redemtores</strong></span> <span class='ocrx_word' id='word_1_414' title='bbox 1774 4652 1958 4712; x_wconf 75' lang='lat' dir='ltr'><strong>retaliatum</strong></span> <span class='ocrx_word' id='word_1_415' title='bbox 1974 4670 2043 4727; x_wconf 91' lang='lat' dir='ltr'><strong>pra·</strong></span> 
     </span>
     <span class='ocr_line' id='line_1_43' title="bbox 165 4734 2044 4829; baseline -0.003 -29"><span class='ocrx_word' id='word_1_416' title='bbox 165 4750 296 4824; x_wconf 71' lang='grc' dir='ltr'><strong><em>νιχνῖοοι</em></strong></span> <span class='ocrx_word' id='word_1_417' title='bbox 323 4742 342 4824; x_wconf 78' lang='grc' dir='ltr'>ἢ</span> <span class='ocrx_word' id='word_1_418' title='bbox 372 4740 532 4829; x_wconf 66' lang='grc' dir='ltr'><strong><em>ἐργολάβοι</em></strong></span> <span class='ocrx_word' id='word_1_419' title='bbox 563 4741 583 4824; x_wconf 80' lang='grc' dir='ltr'><em>ἢ</em></span> <span class='ocrx_word' id='word_1_420' title='bbox 613 4748 676 4807; x_wconf 70' lang='grc' dir='ltr'><strong><em>τῶν</em></strong></span> <span class='ocrx_word' id='word_1_421' title='bbox 702 4740 804 4805; x_wconf 75' lang='grc' dir='ltr'><strong><em>ἄλλων</em></strong></span> <span class='ocrx_word' id='word_1_422' title='bbox 832 4736 1083 4825; x_wconf 66' lang='grc' dir='ltr'><strong><em>ληγολιλοὶονολοι</em></strong></span> <span class='ocrx_word' id='word_1_423' title='bbox 1118 4737 1245 4794; x_wconf 80' lang='lat' dir='ltr'><strong>sessores</strong></span> <span class='ocrx_word' id='word_1_424' title='bbox 1268 4751 1388 4812; x_wconf 89' lang='lat' dir='ltr'><strong>operum</strong></span> <span class='ocrx_word' id='word_1_425' title='bbox 1410 4746 1439 4792; x_wconf 87' lang='lat' dir='ltr'><strong>et</strong></span> <span class='ocrx_word' id='word_1_426' title='bbox 1461 4734 1645 4792; x_wconf 76' lang='lat' dir='ltr'><strong>balneatores</strong></span> <span class='ocrx_word' id='word_1_427' title='bbox 1667 4737 1784 4812; x_wconf 87' lang='lat' dir='ltr'><strong>penitus</strong></span> <span class='ocrx_word' id='word_1_428' title='bbox 1803 4737 1882 4795; x_wconf 88' lang='lat' dir='ltr'><strong>iuter</strong></span> <span class='ocrx_word' id='word_1_429' title='bbox 1904 4756 1935 4796; x_wconf 90' lang='lat' dir='ltr'><strong>se</strong></span> <span class='ocrx_word' id='word_1_430' title='bbox 1956 4747 2044 4815; x_wconf 83' lang='lat' dir='ltr'><strong>pects</strong></span> 
     </span>
     <span class='ocr_line' id='line_1_44' title="bbox 165 4817 2045 4910; baseline -0.006 -18"><span class='ocrx_word' id='word_1_431' title='bbox 165 4832 215 4893; x_wconf 79' lang='grc' dir='ltr'><strong>καί</strong></span> <span class='ocrx_word' id='word_1_432' title='bbox 243 4828 272 4894; x_wconf 82' lang='lat' dir='ltr'><strong>oi</strong></span> <span class='ocrx_word' id='word_1_433' title='bbox 303 4832 450 4907; x_wconf 75' lang='grc' dir='ltr'><strong><em>βαλανεῖς</em></strong></span> <span class='ocrx_word' id='word_1_434' title='bbox 481 4829 638 4901; x_wconf 83' lang='grc' dir='ltr'><strong><em>παντελῶς</em></strong></span> <span class='ocrx_word' id='word_1_435' title='bbox 667 4828 897 4892; x_wconf 83' lang='grc' dir='ltr'><strong><em>νωλαίσθωσαν</em></strong></span> <span class='ocrx_word' id='word_1_436' title='bbox 927 4824 1083 4910; x_wconf 76' lang='grc' dir='ltr'><strong><em>σύμφωνα</em></strong></span> <span class='ocrx_word' id='word_1_437' title='bbox 1119 4837 1293 4895; x_wconf 78' lang='lat' dir='ltr'><strong>componere</strong></span> <span class='ocrx_word' id='word_1_438' title='bbox 1307 4817 1527 4897; x_wconf 82' lang='lat' dir='ltr'><strong>prohibeantur,</strong></span> <span class='ocrx_word' id='word_1_439' title='bbox 1550 4828 1584 4878; x_wconf 88' lang='lat' dir='ltr'><strong>ot</strong></span> <span class='ocrx_word' id='word_1_440' title='bbox 1605 4838 1643 4876; x_wconf 90' lang='lat' dir='ltr'><strong>ne</strong></span> <span class='ocrx_word' id='word_1_441' title='bbox 1666 4822 1743 4897; x_wconf 84' lang='lat' dir='ltr'><strong>quis,</strong></span> <span class='ocrx_word' id='word_1_442' title='bbox 1761 4820 1840 4899; x_wconf 83' lang='lat' dir='ltr'><strong>quod</strong></span> <span class='ocrx_word' id='word_1_443' title='bbox 1862 4825 1947 4881; x_wconf 86' lang='lat' dir='ltr'><strong>alteri</strong></span> <span class='ocrx_word' id='word_1_444' title='bbox 1965 4842 2045 4881; x_wconf 58' lang='lat' dir='ltr'><strong>coms</strong></span> 
     </span>
     <span class='ocr_line' id='line_1_45' title="bbox 164 4906 2045 4996; baseline -0.005 -20"><span class='ocrx_word' id='word_1_445' title='bbox 164 4912 279 4994; x_wconf 82' lang='grc' dir='ltr'><strong><em>μεταξδ</em></strong></span> <span class='ocrx_word' id='word_1_446' title='bbox 295 4912 437 4994; x_wconf 74' lang='grc' dir='ltr'><strong><em>ἀλλήλων</em></strong></span> <span class='ocrx_word' id='word_1_447' title='bbox 456 4912 669 4993; x_wconf 73' lang='grc' dir='ltr'><strong><em>διατίθεσθαι,</em></strong></span> <span class='ocrx_word' id='word_1_448' title='bbox 692 4914 744 4975; x_wconf 73' lang='grc' dir='ltr'><strong>ἵνα</strong></span> <span class='ocrx_word' id='word_1_449' title='bbox 763 4908 807 4995; x_wconf 79' lang='grc' dir='ltr'><strong>μή</strong></span> <span class='ocrx_word' id='word_1_450' title='bbox 824 4935 882 4989; x_wconf 73' lang='grc' dir='ltr'><strong><em>τις,</em></strong></span> <span class='ocrx_word' id='word_1_451' title='bbox 906 4909 981 4993; x_wconf 73' lang='grc' dir='ltr'><strong><em>ὅπερ</em></strong></span> <span class='ocrx_word' id='word_1_452' title='bbox 999 4908 1083 4996; x_wconf 80' lang='grc' dir='ltr'><strong><em>ἄλλῳ</em></strong></span> <span class='ocrx_word' id='word_1_453' title='bbox 1117 4909 1239 4964; x_wconf 85' lang='lat' dir='ltr'><strong>missum</strong></span> <span class='ocrx_word' id='word_1_454' title='bbox 1267 4908 1323 4976; x_wconf 91' lang='lat' dir='ltr'><strong>sit,</strong></span> <span class='ocrx_word' id='word_1_455' title='bbox 1354 4924 1427 4983; x_wconf 89' lang='lat' dir='ltr'><strong>opus</strong></span> <span class='ocrx_word' id='word_1_456' title='bbox 1461 4907 1582 4983; x_wconf 86' lang='lat' dir='ltr'><strong>impleat</strong></span> <span class='ocrx_word' id='word_1_457' title='bbox 1604 4915 1656 4961; x_wconf 91' lang='lat' dir='ltr'><strong>aut</strong></span> <span class='ocrx_word' id='word_1_458' title='bbox 1679 4906 1845 4964; x_wconf 88' lang='lat' dir='ltr'><strong>iniunctam</strong></span> <span class='ocrx_word' id='word_1_459' title='bbox 1876 4910 1963 4967; x_wconf 83' lang='lat' dir='ltr'><strong>alteri</strong></span> <span class='ocrx_word' id='word_1_460' title='bbox 1984 4910 2045 4966; x_wconf 92' lang='lat' dir='ltr'><strong>sol·</strong></span> 
     </span>
     <span class='ocr_line' id='line_1_46' title="bbox 165 4990 2046 5081; baseline -0.006 -19"><span class='ocrx_word' id='word_1_461' title='bbox 165 5001 335 5081; x_wconf 84' lang='grc' dir='ltr'><strong><em>ίπετράπη,</em></strong></span> <span class='ocrx_word' id='word_1_462' title='bbox 373 4998 459 5079; x_wconf 81' lang='grc' dir='ltr'><strong><em>ίργον</em></strong></span> <span class='ocrx_word' id='word_1_463' title='bbox 488 4996 639 5080; x_wconf 82' lang='grc' dir='ltr'><strong><em>πληρώση</em></strong></span> <span class='ocrx_word' id='word_1_464' title='bbox 667 4999 718 5062; x_wconf 82' lang='grc' dir='ltr'><strong>καλ</strong></span> <span class='ocrx_word' id='word_1_465' title='bbox 749 4998 817 5078; x_wconf 86' lang='grc' dir='ltr'><strong><em>περί</em></strong></span> <span class='ocrx_word' id='word_1_466' title='bbox 847 4997 904 5078; x_wconf 76' lang='grc' dir='ltr'><strong>τὴν</strong></span> <span class='ocrx_word' id='word_1_467' title='bbox 934 4998 1083 5059; x_wconf 80' lang='grc' dir='ltr'><strong><em>δοθεῖσαν</em></strong></span> <span class='ocrx_word' id='word_1_468' title='bbox 1119 4991 1303 5050; x_wconf 84' lang='lat' dir='ltr'><strong>licitudinem</strong></span> <span class='ocrx_word' id='word_1_469' title='bbox 1328 4991 1401 5048; x_wconf 87' lang='lat' dir='ltr'><strong>alter</strong></span> <span class='ocrx_word' id='word_1_470' title='bbox 1426 4992 1616 5068; x_wconf 76' lang='lat' dir='ltr'><strong>intercipiat:</strong></span> <span class='ocrx_word' id='word_1_471' title='bbox 1640 4990 1710 5049; x_wconf 77' lang='lat' dir='ltr'><strong>uses</strong></span> <span class='ocrx_word' id='word_1_472' title='bbox 1731 4992 1857 5051; x_wconf 89' lang='lat' dir='ltr'><strong>licentis</strong></span> <span class='ocrx_word' id='word_1_473' title='bbox 1877 4995 2046 5072; x_wconf 87' lang='lat' dir='ltr'><strong>unicuique,</strong></span> 
     </span>
     <span class='ocr_line' id='line_1_47' title="bbox 165 5072 2155 5171; baseline -0.007 -23"><span class='ocrx_word' id='word_1_474' title='bbox 165 5082 259 5171; x_wconf 77' lang='grc' dir='ltr'><strong><em>ίτίρῳ</em></strong></span> <span class='ocrx_word' id='word_1_475' title='bbox 280 5086 431 5167; x_wconf 80' lang='grc' dir='ltr'><strong><em>φροντίδα</em></strong></span> <span class='ocrx_word' id='word_1_476' title='bbox 447 5081 548 5164; x_wconf 74' lang='grc' dir='ltr'><strong><em>ίτερος</em></strong></span> <span class='ocrx_word' id='word_1_477' title='bbox 571 5079 792 5165; x_wconf 78' lang='grc' dir='ltr'><strong><em>μεσολαβῆση·</em></strong></span> <span class='ocrx_word' id='word_1_478' title='bbox 816 5081 981 5162; x_wconf 84' lang='grc' dir='ltr'><strong><em>διδομίνης</em></strong></span> <span class='ocrx_word' id='word_1_479' title='bbox 997 5080 1083 5155; x_wconf 82' lang='grc' dir='ltr'><strong><em>ίξοο-</em></strong></span> <span class='ocrx_word' id='word_1_480' title='bbox 1120 5081 1155 5136; x_wconf 90' lang='lat' dir='ltr'><strong>ab</strong></span> <span class='ocrx_word' id='word_1_481' title='bbox 1180 5079 1271 5134; x_wconf 86' lang='lat' dir='ltr'><strong>altero</strong></span> <span class='ocrx_word' id='word_1_482' title='bbox 1302 5072 1473 5136; x_wconf 87' lang='lat' dir='ltr'><strong>inchoatum</strong></span> <span class='ocrx_word' id='word_1_483' title='bbox 1500 5085 1532 5134; x_wconf 90' lang='lat' dir='ltr'><strong>et</strong></span> <span class='ocrx_word' id='word_1_484' title='bbox 1559 5075 1730 5134; x_wconf 85' lang='lat' dir='ltr'><strong>derelictum</strong></span> <span class='ocrx_word' id='word_1_485' title='bbox 1754 5095 1828 5153; x_wconf 89' lang='lat' dir='ltr'><strong>opus</strong></span> <span class='ocrx_word' id='word_1_486' title='bbox 1852 5081 1914 5136; x_wconf 87' lang='lat' dir='ltr'><strong>siue</strong></span> <span class='ocrx_word' id='word_1_487' title='bbox 1942 5081 2044 5157; x_wconf 84' lang='lat' dir='ltr'><strong>aliquo</strong></span> <span class='ocrx_word' id='word_1_488' title='bbox 2153 5102 2155 5105; x_wconf 94' lang='lat'>·</span> 
     </span>
     <span class='ocr_line' id='line_1_48' title="bbox 166 5159 2045 5254; baseline -0.007 -20"><span class='ocrx_word' id='word_1_489' title='bbox 166 5172 235 5243; x_wconf 86' lang='grc' dir='ltr'><strong><em>σίας</em></strong></span> <span class='ocrx_word' id='word_1_490' title='bbox 256 5167 299 5233; x_wconf 73' lang='lat' dir='ltr'><strong>tu</strong></span> <span class='ocrx_word' id='word_1_491' title='bbox 320 5164 459 5254; x_wconf 71' lang='grc' dir='ltr'><strong><em>ἑκάστην,</em></strong></span> <span class='ocrx_word' id='word_1_492' title='bbox 494 5167 528 5232; x_wconf 84' lang='grc' dir='ltr'><strong><em>τὸ</em></strong></span> <span class='ocrx_word' id='word_1_493' title='bbox 554 5166 633 5251; x_wconf 81' lang='grc' dir='ltr'><strong><em>παρ’</em></strong></span> <span class='ocrx_word' id='word_1_494' title='bbox 649 5166 753 5248; x_wconf 72' lang='grc' dir='ltr'><strong><em>ἑτέρου</em></strong></span> <span class='ocrx_word' id='word_1_495' title='bbox 781 5163 898 5247; x_wconf 81' lang='grc' dir='ltr'><strong><em>ἀρχθίν</em></strong></span> <span class='ocrx_word' id='word_1_496' title='bbox 921 5164 1010 5247; x_wconf 82' lang='grc' dir='ltr'><strong><em>ίργον</em></strong></span> <span class='ocrx_word' id='word_1_497' title='bbox 1033 5167 1084 5228; x_wconf 75' lang='grc' dir='ltr'><strong>ναί</strong></span> <span class='ocrx_word' id='word_1_498' title='bbox 1120 5165 1227 5221; x_wconf 89' lang='lat' dir='ltr'><strong>timore</strong></span> <span class='ocrx_word' id='word_1_499' title='bbox 1253 5171 1283 5218; x_wconf 86' lang='lat' dir='ltr'><strong>et</strong></span> <span class='ocrx_word' id='word_1_500' title='bbox 1304 5160 1458 5235; x_wconf 84' lang='lat' dir='ltr'><strong>dispendio</strong></span> <span class='ocrx_word' id='word_1_501' title='bbox 1479 5160 1637 5239; x_wconf 84' lang='lat' dir='ltr'><strong>implendi:</strong></span> <span class='ocrx_word' id='word_1_502' title='bbox 1665 5170 1696 5218; x_wconf 87' lang='lat' dir='ltr'><strong>et</strong></span> <span class='ocrx_word' id='word_1_503' title='bbox 1717 5159 1883 5221; x_wconf 81' lang='lat' dir='ltr'><strong>huiusmodi</strong></span> <span class='ocrx_word' id='word_1_504' title='bbox 1911 5163 2045 5223; x_wconf 79' lang='lat' dir='ltr'><strong>facinora</strong></span> 
     </span>
     <span class='ocr_line' id='line_1_49' title="bbox 165 5243 2044 5338; baseline -0.006 -16"><span class='ocrx_word' id='word_1_505' title='bbox 165 5254 376 5338; x_wconf 71' lang='grc' dir='ltr'><strong><em>καταλειφθὲν</em></strong></span> <span class='ocrx_word' id='word_1_506' title='bbox 393 5255 488 5337; x_wconf 80' lang='grc' dir='ltr'><strong><em>χωρίς</em></strong></span> <span class='ocrx_word' id='word_1_507' title='bbox 508 5262 590 5327; x_wconf 83' lang='grc' dir='ltr'><strong><em>τινος</em></strong></span> <span class='ocrx_word' id='word_1_508' title='bbox 607 5249 717 5338; x_wconf 72' lang='grc' dir='ltr'><strong><em>φόβον</em></strong></span> <span class='ocrx_word' id='word_1_509' title='bbox 736 5248 755 5333; x_wconf 80' lang='grc' dir='ltr'><em>ἢ</em></span> <span class='ocrx_word' id='word_1_510' title='bbox 772 5251 881 5330; x_wconf 82' lang='grc' dir='ltr'><strong><em>ζημίας</em></strong></span> <span class='ocrx_word' id='word_1_511' title='bbox 895 5252 1082 5332; x_wconf 71' lang='grc' dir='ltr'><strong><em>ἐκπληροῦν·</em></strong></span> <span class='ocrx_word' id='word_1_512' title='bbox 1119 5248 1213 5306; x_wconf 79' lang='lat' dir='ltr'><strong>cuivis</strong></span> <span class='ocrx_word' id='word_1_513' title='bbox 1237 5243 1430 5305; x_wconf 84' lang='lat' dir='ltr'><strong>denuntiandi</strong></span> <span class='ocrx_word' id='word_1_514' title='bbox 1450 5249 1513 5308; x_wconf 89' lang='lat' dir='ltr'><strong>sius</strong></span> <span class='ocrx_word' id='word_1_515' title='bbox 1533 5248 1594 5311; x_wconf 82' lang='lat' dir='ltr'><strong>uls</strong></span> <span class='ocrx_word' id='word_1_516' title='bbox 1618 5244 1785 5336; x_wconf 67' lang='grc' dir='ltr'><strong><em>λῠωλδίλλτ,</em></strong></span> <span class='ocrx_word' id='word_1_517' title='bbox 1805 5256 1836 5314; x_wconf 75' lang='lat' dir='ltr'><strong>ct</strong></span> <span class='ocrx_word' id='word_1_518' title='bbox 1855 5251 1919 5319; x_wconf 77' lang='lat' dir='ltr'><strong>slus</strong></span> <span class='ocrx_word' id='word_1_519' title='bbox 1940 5250 2044 5314; x_wconf 73' lang='lat' dir='ltr'><strong>sumtis</strong></span> 
     </span>
     <span class='ocr_line' id='line_1_50' title="bbox 165 5330 1372 5419; baseline -0.008 -15"><span class='ocrx_word' id='word_1_520' title='bbox 165 5340 215 5404; x_wconf 78' lang='grc' dir='ltr'><strong>καί</strong></span> <span class='ocrx_word' id='word_1_521' title='bbox 244 5341 334 5402; x_wconf 79' lang='grc' dir='ltr'><strong><em>παντί</em></strong></span> <span class='ocrx_word' id='word_1_522' title='bbox 364 5337 405 5402; x_wconf 89' lang='grc' dir='ltr'><strong><em>τά</em></strong></span> <span class='ocrx_word' id='word_1_523' title='bbox 432 5343 559 5402; x_wconf 86' lang='grc' dir='ltr'><strong><em>τοιαῦτα</em></strong></span> <span class='ocrx_word' id='word_1_524' title='bbox 587 5334 733 5419; x_wconf 90' lang='grc' dir='ltr'><strong><em>δράματα</em></strong></span> <span class='ocrx_word' id='word_1_525' title='bbox 758 5330 961 5417; x_wconf 71' lang='grc' dir='ltr'><strong><em>καταμηνύειν</em></strong></span> <span class='ocrx_word' id='word_1_526' title='bbox 988 5334 1085 5418; x_wconf 78' lang='grc' dir='ltr'><strong><em>χωρίς</em></strong></span> <span class='ocrx_word' id='word_1_527' title='bbox 1119 5333 1173 5392; x_wconf 77' lang='lat' dir='ltr'><strong>bus</strong></span> <span class='ocrx_word' id='word_1_528' title='bbox 1195 5333 1227 5392; x_wconf 79' lang='lat' dir='ltr'><strong>ia</strong></span> <span class='ocrx_word' id='word_1_529' title='bbox 1249 5330 1372 5393; x_wconf 75' lang='lat' dir='ltr'><strong>iuditio·</strong></span> 
     </span>
    </p>

    <p class='ocr_par' dir='ltr' id='par_1_21' title="bbox 98 5422 1085 5589">
     <span class='ocr_line' id='line_1_51' title="bbox 98 5422 1085 5531; baseline -0.007 -41"><span class='ocrx_word' id='word_1_530' title='bbox 98 5504 100 5509; x_wconf 46' lang='lat'><strong>.</strong></span> <span class='ocrx_word' id='word_1_531' title='bbox 165 5449 246 5531; x_wconf 73' lang='grc' dir='ltr'><strong><em>τιηος</em></strong></span> <span class='ocrx_word' id='word_1_532' title='bbox 269 5423 390 5510; x_wconf 78' lang='grc' dir='ltr'><strong><em>φόβον,</em></strong></span> <span class='ocrx_word' id='word_1_533' title='bbox 413 5424 464 5487; x_wconf 78' lang='grc' dir='ltr'><strong>ναί</strong></span> <span class='ocrx_word' id='word_1_534' title='bbox 479 5424 576 5506; x_wconf 82' lang='grc' dir='ltr'><strong><em>χωρίς</em></strong></span> <span class='ocrx_word' id='word_1_535' title='bbox 597 5431 661 5488; x_wconf 76' lang='grc' dir='ltr'><strong>τῶν</strong></span> <span class='ocrx_word' id='word_1_536' title='bbox 682 5422 714 5485; x_wconf 74' lang='grc' dir='ltr'><strong>ἓν</strong></span> <span class='ocrx_word' id='word_1_537' title='bbox 736 5422 924 5508; x_wconf 79' lang='grc' dir='ltr'><strong><em>δικαστηρίῳ</em></strong></span> <span class='ocrx_word' id='word_1_538' title='bbox 946 5422 1085 5503; x_wconf 88' lang='grc' dir='ltr'><strong><em>δαπανη-</em></strong></span> 
     </span>
     <span class='ocr_line' id='line_1_52' title="bbox 164 5535 283 5589; baseline 0 -16"><span class='ocrx_word' id='word_1_539' title='bbox 164 5535 283 5589; x_wconf 85' lang='grc' dir='ltr'><strong><em>μπτων.</em></strong></span> 
     </span>
    </p>
   </div>
   <div class='ocr_carea' id='block_1_19' title="bbox 165 5672 2043 6090">
    <p class='ocr_par' dir='ltr' id='par_1_22' title="bbox 165 5672 2043 6090">
     <span class='ocr_line' id='line_1_53' title="bbox 230 5672 1522 5744; baseline -0.003 -15"><span class='ocrx_word' id='word_1_540' title='bbox 230 5683 294 5744; x_wconf 78' lang='lat' dir='ltr'><strong>sto)</strong></span> <span class='ocrx_word' id='word_1_541' title='bbox 312 5682 355 5731; x_wconf 80' lang='lat' dir='ltr'><strong>Sic</strong></span> <span class='ocrx_word' id='word_1_542' title='bbox 370 5681 521 5732; x_wconf 81' lang='lat' dir='ltr'><strong>inscribitur</strong></span> <span class='ocrx_word' id='word_1_543' title='bbox 533 5681 591 5730; x_wconf 83' lang='lat' dir='ltr'><strong>huie</strong></span> <span class='ocrx_word' id='word_1_544' title='bbox 609 5681 686 5729; x_wconf 85' lang='lat' dir='ltr'><strong>titulo</strong></span> <span class='ocrx_word' id='word_1_545' title='bbox 702 5680 730 5728; x_wconf 91' lang='lat' dir='ltr'><strong>in</strong></span> <span class='ocrx_word' id='word_1_546' title='bbox 745 5679 829 5729; x_wconf 76' lang='lat' dir='ltr'><strong>indice</strong></span> <span class='ocrx_word' id='word_1_547' title='bbox 845 5679 1006 5728; x_wconf 85' lang='lat' dir='ltr'><strong>coislinisno</strong></span> <span class='ocrx_word' id='word_1_548' title='bbox 1019 5679 1087 5728; x_wconf 90' lang='lat' dir='ltr'><strong>teste</strong></span> <span class='ocrx_word' id='word_1_549' title='bbox 1189 5678 1254 5740; x_wconf 73' lang='lat' dir='ltr'><strong>toi)</strong></span> <span class='ocrx_word' id='word_1_550' title='bbox 1271 5677 1339 5736; x_wconf 77' lang='lat' dir='ltr'><strong>Lege</strong></span> <span class='ocrx_word' id='word_1_551' title='bbox 1357 5679 1449 5738; x_wconf 71' lang='grc' dir='ltr'><strong><em>τέχνης</em></strong></span> <span class='ocrx_word' id='word_1_552' title='bbox 1464 5672 1522 5725; x_wconf 75' lang='grc' dir='ltr'><strong><em>τῶν.</em></strong></span> 
     </span>
     <span class='ocr_line' id='line_1_54' title="bbox 166 5738 1786 5815; baseline -0.001 -15"><span class='ocrx_word' id='word_1_553' title='bbox 166 5753 272 5801; x_wconf 69' lang='lat' dir='ltr'><strong>uerno.</strong></span> <span class='ocrx_word' id='word_1_554' title='bbox 1190 5749 1254 5809; x_wconf 71' lang='lat' dir='ltr'><strong>sot)</strong></span> <span class='ocrx_word' id='word_1_555' title='bbox 1273 5745 1363 5794; x_wconf 82' lang='lat' dir='ltr'><strong>Malim</strong></span> <span class='ocrx_word' id='word_1_556' title='bbox 1380 5759 1436 5792; x_wconf 87' lang='lat' dir='ltr'><strong>cum</strong></span> <span class='ocrx_word' id='word_1_557' title='bbox 1454 5745 1565 5794; x_wconf 77' lang='lat' dir='ltr'><strong>Heissb:</strong></span> <span class='ocrx_word' id='word_1_558' title='bbox 1583 5743 1626 5795; x_wconf 84' lang='grc' dir='ltr'><strong>ναί</strong></span> <span class='ocrx_word' id='word_1_559' title='bbox 1642 5738 1786 5815; x_wconf 75' lang='grc' dir='ltr'><strong><em>ἀθεμίτων.</em></strong></span> 
     </span>
     <span class='ocr_line' id='line_1_55' title="bbox 232 5814 2002 5885; baseline -0.001 -16"><span class='ocrx_word' id='word_1_560' title='bbox 232 5818 297 5885; x_wconf 80' lang='lat' dir='ltr'><strong>too)</strong></span> <span class='ocrx_word' id='word_1_561' title='bbox 314 5819 377 5879; x_wconf 83' lang='lat' dir='ltr'><strong>Syn.</strong></span> <span class='ocrx_word' id='word_1_562' title='bbox 393 5821 487 5879; x_wconf 76' lang='lat' dir='ltr'><strong>p.2l⁵.</strong></span> <span class='ocrx_word' id='word_1_563' title='bbox 1188 5819 1253 5880; x_wconf 76' lang='lat' dir='ltr'><strong>tob)</strong></span> <span class='ocrx_word' id='word_1_564' title='bbox 1270 5816 1403 5864; x_wconf 81' lang='lat' dir='ltr'><strong>Rubricam</strong></span> <span class='ocrx_word' id='word_1_565' title='bbox 1422 5814 1523 5865; x_wconf 74' lang='lat' dir='ltr'><strong>Heimb.</strong></span> <span class='ocrx_word' id='word_1_566' title='bbox 1542 5815 1657 5864; x_wconf 86' lang='lat' dir='ltr'><strong>restituit</strong></span> <span class='ocrx_word' id='word_1_567' title='bbox 1675 5831 1710 5866; x_wconf 80' lang='lat' dir='ltr'><strong>ex</strong></span> <span class='ocrx_word' id='word_1_568' title='bbox 1730 5816 1816 5866; x_wconf 86' lang='lat' dir='ltr'><strong>indice</strong></span> <span class='ocrx_word' id='word_1_569' title='bbox 1835 5816 2002 5867; x_wconf 79' lang='lat' dir='ltr'><strong>coislinlaao.</strong></span> 
     </span>
     <span class='ocr_line' id='line_1_56' title="bbox 233 5885 2042 5952; baseline -0.001 -13"><span class='ocrx_word' id='word_1_570' title='bbox 233 5887 298 5952; x_wconf 77' lang='lat' dir='ltr'><strong>iot)</strong></span> <span class='ocrx_word' id='word_1_571' title='bbox 321 5890 455 5938; x_wconf 80' lang='lat' dir='ltr'><strong>Rubriesm</strong></span> <span class='ocrx_word' id='word_1_572' title='bbox 477 5889 581 5940; x_wconf 74' lang='lat' dir='ltr'><strong>Heiutb.</strong></span> <span class='ocrx_word' id='word_1_573' title='bbox 608 5889 679 5938; x_wconf 81' lang='lat' dir='ltr'><strong>dedit</strong></span> <span class='ocrx_word' id='word_1_574' title='bbox 707 5904 743 5939; x_wconf 85' lang='lat' dir='ltr'><strong>ex</strong></span> <span class='ocrx_word' id='word_1_575' title='bbox 769 5887 852 5938; x_wconf 83' lang='lat' dir='ltr'><strong>indice</strong></span> <span class='ocrx_word' id='word_1_576' title='bbox 876 5886 1035 5940; x_wconf 85' lang='lat' dir='ltr'><strong>coisliuisuo</strong></span> <span class='ocrx_word' id='word_1_577' title='bbox 1061 5894 1087 5939; x_wconf 88' lang='lat' dir='ltr'><strong>et</strong></span> <span class='ocrx_word' id='word_1_578' title='bbox 1189 5885 1254 5950; x_wconf 77' lang='lat'>407)</span> <span class='ocrx_word' id='word_1_579' title='bbox 1272 5887 1333 5947; x_wconf 79' lang='lat' dir='ltr'><strong>Syn.</strong></span> <span class='ocrx_word' id='word_1_580' title='bbox 1353 5888 1447 5946; x_wconf 66' lang='lat' dir='ltr'><strong>otto.</strong></span> <span class='ocrx_word' id='word_1_581' title='bbox 1484 5886 1673 5935; x_wconf 80' lang='lat' dir='ltr'><strong>stts1.ut.12</strong></span> <span class='ocrx_word' id='word_1_582' title='bbox 1697 5888 1726 5934; x_wconf 87' lang='lat' dir='ltr'><strong>in</strong></span> <span class='ocrx_word' id='word_1_583' title='bbox 1749 5889 1798 5936; x_wconf 85' lang='lat' dir='ltr'><strong>bne</strong></span> <span class='ocrx_word' id='word_1_584' title='bbox 1818 5888 1947 5949; x_wconf 81' lang='lat' dir='ltr'><strong>epitomen</strong></span> <span class='ocrx_word' id='word_1_585' title='bbox 1967 5887 2042 5939; x_wconf 83' lang='lat' dir='ltr'><strong>holus</strong></span> 
     </span>
     <span class='ocr_line' id='line_1_57' title="bbox 165 5954 2043 6026; baseline 0.001 -21"><span class='ocrx_word' id='word_1_586' title='bbox 165 5963 292 6026; x_wconf 75' lang='lat' dir='ltr'><strong>Tipuciso.</strong></span> <span class='ocrx_word' id='word_1_587' title='bbox 1121 5956 1314 6006; x_wconf 85' lang='lat' dir='ltr'><strong>constitutionis</strong></span> <span class='ocrx_word' id='word_1_588' title='bbox 1332 5959 1461 6019; x_wconf 82' lang='lat' dir='ltr'><strong>praestat,</strong></span> <span class='ocrx_word' id='word_1_589' title='bbox 1486 5970 1550 6017; x_wconf 83' lang='lat' dir='ltr'><strong>quse</strong></span> <span class='ocrx_word' id='word_1_590' title='bbox 1567 5955 1694 6004; x_wconf 77' lang='lat' dir='ltr'><strong>Theodori</strong></span> <span class='ocrx_word' id='word_1_591' title='bbox 1714 5954 1844 6024; x_wconf 73' lang='grc' dir='ltr'><strong><em>σύννομον</em></strong></span> <span class='ocrx_word' id='word_1_592' title='bbox 1860 5954 1955 6013; x_wconf 67' lang='lat' dir='ltr'><strong>abbaso</strong></span> <span class='ocrx_word' id='word_1_593' title='bbox 1975 5960 2043 6026; x_wconf 83' lang='lat' dir='ltr'><strong>sapit</strong></span> 
     </span>
     <span class='ocr_line' id='line_1_58' title="bbox 233 6026 1807 6090; baseline -0.001 -10"><span class='ocrx_word' id='word_1_594' title='bbox 233 6032 296 6090; x_wconf 73' lang='lat' dir='ltr'><strong>loo)</strong></span> <span class='ocrx_word' id='word_1_595' title='bbox 313 6028 355 6077; x_wconf 83' lang='lat' dir='ltr'><strong>Ex</strong></span> <span class='ocrx_word' id='word_1_596' title='bbox 372 6028 457 6077; x_wconf 76' lang='lat' dir='ltr'><strong>inulae</strong></span> <span class='ocrx_word' id='word_1_597' title='bbox 475 6029 636 6079; x_wconf 81' lang='lat' dir='ltr'><strong>coislinloua</strong></span> <span class='ocrx_word' id='word_1_598' title='bbox 653 6029 727 6080; x_wconf 79' lang='lat' dir='ltr'><strong>babet</strong></span> <span class='ocrx_word' id='word_1_599' title='bbox 744 6029 843 6082; x_wconf 81' lang='lat' dir='ltr'><strong>Hetmb.</strong></span> <span class='ocrx_word' id='word_1_600' title='bbox 1121 6032 1148 6079; x_wconf 87' lang='lat' dir='ltr'><strong>et</strong></span> <span class='ocrx_word' id='word_1_601' title='bbox 1164 6027 1275 6080; x_wconf 85' lang='lat' dir='ltr'><strong>torsltsa</strong></span> <span class='ocrx_word' id='word_1_602' title='bbox 1293 6042 1328 6078; x_wconf 85' lang='lat' dir='ltr'><strong>ex</strong></span> <span class='ocrx_word' id='word_1_603' title='bbox 1347 6027 1450 6078; x_wconf 86' lang='lat' dir='ltr'><strong>scholiis</strong></span> <span class='ocrx_word' id='word_1_604' title='bbox 1468 6027 1635 6080; x_wconf 74' lang='lat' dir='ltr'><strong>uuuteorum</strong></span> <span class='ocrx_word' id='word_1_605' title='bbox 1651 6026 1743 6079; x_wconf 86' lang='lat' dir='ltr'><strong>hsusts</strong></span> <span class='ocrx_word' id='word_1_606' title='bbox 1758 6029 1807 6079; x_wconf 80' lang='lat' dir='ltr'><strong>est·</strong></span> 
     </span>
    </p>
   </div>
   <div class='ocr_carea' id='block_1_20' title="bbox 235 6098 617 6171">
    <p class='ocr_par' dir='ltr' id='par_1_23' title="bbox 235 6098 617 6171">
     <span class='ocr_line' id='line_1_59' title="bbox 235 6098 617 6171; baseline 0.005 -19"><span class='ocrx_word' id='word_1_607' title='bbox 235 6103 299 6166; x_wconf 73' lang='lat' dir='ltr'><strong>tot)</strong></span> <span class='ocrx_word' id='word_1_608' title='bbox 317 6103 387 6162; x_wconf 75' lang='lat' dir='ltr'><strong>hege</strong></span> <span class='ocrx_word' id='word_1_609' title='bbox 404 6098 617 6171; x_wconf 78' lang='grc' dir='ltr'><strong><em>πραγματεντάν.</em></strong></span> 
     </span>
    </p>
   </div>
   <div class='ocr_carea' id='block_1_21' title="bbox 0 0 2505 7012">
    <p class='ocr_par' dir='ltr' id='par_1_24' title="bbox 0 0 2505 7012">
     <span class='ocr_line' id='line_1_60' title="bbox 0 0 2505 7012; baseline 0 0"><span class='ocrx_word' id='word_1_610' title='bbox 0 0 2505 7012; x_wconf 95' lang='lat' dir='ltr'><strong> </strong></span> 
     </span>
    </p>
   </div>
  </div>
 </body>
</html>
