4842 7018
414 471 457 534 80
1066 468 1219 535 LIBER
1241 467 1360 534 XLIV.
1404 468 1495 533 TIT.
1518 467 1579 533 ΠΙ.

480 649 521 712 Εἰ
549 647 582 711 δέ
610 649 742 734 έχράφη
770 649 836 730 μέν,
865 650 1010 737 άρραφα
1038 649 1072 712 δέ
1100 653 1180 723 τέως
1207 647 1269 712 eloi
1297 648 1316 727 ή
1412 648 1446 711 si
1477 669 1549 712 vero
1585 647 1689 729 scripti
1721 656 1803 721 sunt,
1836 647 1890 709 sed
1921 647 2021 710 adhue
2052 650 2168 711 consuti
2202 649 2250 712 vel

414 756 647 840 άναμφιάστα,
664 759 886 839 περιέχονται·
901 754 958 820 καὶ
974 757 1124 833 έσθητος
1141 754 1316 841 χάρληχα-
1345 757 1445 819 ornati
1471 776 1532 818 non
1554 762 1637 830 sunt,
1665 754 1868 829 continentur;
1896 772 1969 817 nam
1991 763 2022 816 et
2042 765 2127 817 veste
2147 756 2251 836 legata

413 866 586 945 τενομένης
609 858 652 926 τά
674 863 770 945 μήπω
786 862 990 949 ὑφανθέντα
1006 864 1046 927 ού
1061 865 1257 948 περιέχεταιε
1275 900 1314 911 -
1345 884 1423 945 quae
1444 862 1579 924 nondum
1602 869 1687 924 texta
1709 871 1789 935 sunt,
1811 882 1873 923 non
1895 862 2095 925 continentur.

1010 971 1317 1048 assecula.
1944 969 1979 1029 fr.
1997 970 2127 1045 5255.
2142 969 2183 1032 Ι).
2200 972 2251 1032 42.

486 1076 540 1156 Τῷ
563 1076 695 1157 ληχάτῳ
719 1086 945 1159 retexuerunt
968 1079 1043 1141 odra
1065 1079 1085 1154 ή
1109 1078 1318 1163 πάπεροςέξ
1413 1076 1598 1138 Chattorum
1628 1074 1728 1155 legato
1755 1096 1852 1156 nsque
1878 1095 2027 1156 papyrus,
2058 1075 2140 1138 unde
2166 1076 2252 1151 fiunt,

414 1178 452 1259 ής
479 1183 603 1264 γίνεται
628 1183 704 1247 ούτε
727 1185 745 1245 ὁ
769 1181 813 1264 μή
837 1182 1040 1268 περαιωθεὶς
1062 1188 1259 1271 περιέχεταιι
1275 1221 1316 1231 -
1346 1204 1443 1266 neque
1465 1182 1600 1245 nondum
1622 1180 1757 1264 perfecta
1778 1182 1885 1245 charta
1907 1182 2107 1245 continentur.

1135 1294 1318 1370 aeneo.
2064 1290 2100 1352 n.
2118 1293 2169 1351 ει.
2188 1297 2205 1367 ς
2223 1294 2251 1352 ε.

480 1394 714 1480 Βιβλιοθήκης
729 1398 999 1478 ληγατειιθεέσης,
1017 1396 1100 1483 πρὸς
1114 1395 1176 1475 τήν
1190 1400 1320 1461 έννοιαν
1413 1395 1604 1459 Bibliotheca
1625 1395 1736 1476 legata,
1760 1394 1847 1479 [quid
1869 1394 2073 1481 contineatur]
2098 1417 2137 1459 ex
2152 1406 2253 1459 mente

414 1512 475 1567 τοῦ
502 1503 706 1584 διαθεμένου
732 1503 959 1588 έρμηνεύομεν,
987 1508 1050 1568 aits
1077 1506 1165 1587 μόνα
1192 1501 1236 1568 τά
1262 1506 1319 1590 ἀρ·
1347 1504 1500 1567 testatoris
1523 1504 1767 1584 interpretamur,
1792 1510 1895 1564 utrum
1918 1510 2037 1565 annm
2057 1503 2192 1566 armaria
2214 1524 2253 1565 an

412 1610 520 1692 pulpae
547 1607 646 1685 ήκαλ
671 1606 715 1673 τά
736 1608 854 1694 βιβλία
881 1614 1078 1695 περιέχεται·
1105 1610 1162 1675 καλ
1182 1613 1200 1674 ὀ
1217 1612 1319 1685 τόπος
1346 1611 1438 1674 etiam
1469 1609 1541 1672 libri
1572 1610 1795 1683 contineantur;
1834 1629 1906 1670 nam
1944 1618 1976 1671 et
2002 1608 2088 1671 locus
2126 1619 2254 1671 vocatur

413 1713 479 1799 χάρ
502 1715 652 1779 καλεῖται
674 1715 900 1801 βιβλιοθήκης
917 1754 959 1765 -
1134 1720 1170 1781 fr.
1187 1722 1238 1781 52.
1255 1726 1271 1796 ξ
1291 1724 1318 1782 7.
1346 1716 1539 1779 bibliotheca
2068 1716 2104 1777 fr.
2121 1719 2173 1778 52.
2191 1723 2207 1793 ξ
2226 1721 2252 1778 7.

478 1821 575 1886 Ἑσθ’
588 1819 643 1886 ὅτε
659 1827 707 1905 τῷ
716 1822 850 1905 ληχάτῳ
860 1834 927 1887 τῶν
942 1822 1082 1910 βιβλίων
1091 1823 1147 1889 καὶ
1159 1822 1203 1888 τά
1212 1826 1318 1908 άρμά-
1413 1823 1571 1886 Interdum
1593 1823 1695 1903 legato
1718 1822 1863 1885 librorum
1891 1832 1922 1885 et
1945 1823 2078 1885 armaris
2099 1824 2253 1885 continen-

414 1951 473 2013 ρια
491 1932 684 2012 περιέχεται,
700 1933 727 1993 ελ
740 1928 784 2012 μή
799 1940 869 2004 τοῖς
884 1934 988 2006 οἴκοις
1002 1929 1160 2009 ήνωνταιε
1173 1970 1212 1980 -
1246 1932 1318 1996 ibid.
1346 1941 1404 2004 tur,
1432 1930 1490 1991 nisi
1514 1930 1641 1993 aedibus
1665 1930 1759 1993 affixa
1781 1932 1850 1992 sint
2181 1929 2253 1992 ibid.

482 2036 762 2114 Δακτνλιοθήκης
780 2036 1043 2118 ληχατενθείσης
1065 2037 1122 2103 καὶ
1142 2041 1176 2102 οἱ
1198 2037 1319 2102 δακτύ-
1413 2037 1646 2118 Dactyliotheca
1673 2037 1783 2119 legata,
1810 2037 1902 2100 etiam
1930 2035 2036 2099 annuli
2059 2037 2253 2098 continentur

414 2143 478 2206 λιοι
495 2146 714 2226 περιέχονται,
730 2142 788 2207 καλ
805 2148 846 2229 τῇ
864 2144 956 2231 κλίνη
972 2143 1029 2209 καλ
1046 2142 1090 2209 τά
1105 2145 1319 2227 ἐπιτιθέμενα
1346 2153 1377 2206 et
1398 2143 1476 2206 lecto
1501 2143 1626 2227 [legato]
1652 2145 1743 2208 etiam
1766 2144 1865 2206 fulcra
1884 2144 2034 2224 imposita,
2058 2151 2090 2205 et
2113 2143 2253 2204 armariis

415 2249 683 2336 προσκεφάλαια,
707 2249 764 2313 καὶ
789 2260 859 2325 τοῖς
874 2253 1053 2337 ἀρμαριόις
1068 2250 1126 2316 καλ
1142 2261 1212 2326 τοῖς
1228 2273 1318 2315 σκευ-
1346 2260 1376 2314 et
1397 2250 1505 2313 loculis
1528 2251 1661 2313 claustra
1683 2260 1713 2313 et
1734 2252 1845 2313 claves.
2002 2249 2037 2311 fr.
2054 2253 2105 2312 52.
2123 2256 2139 2327 ξ
2157 2253 2252 2311 8-9.

416 2358 500 2440 ριόις
515 2353 560 2420 τά
575 2355 785 2438 κλειδάματα
799 2356 854 2420 καλ
870 2360 908 2422 αἱ
920 2360 1017 2432 κλεῖς;
1029 2396 1071 2406 -
1098 2359 1318 2436 treuge-9.

323 2470 378 2543 W·
479 2460 554 2527 Ὲάν
575 2462 767 2543 ληχατεύσω
791 2468 832 2550 τῇ
855 2467 989 2546 χνναικί
1008 2487 1073 2548 μου
1091 2463 1136 2529 τά
1154 2464 1196 2529 δι’
1215 2464 1320 2542 αὐτήν
1413 2465 1447 2528 Si
1479 2465 1623 2545 legavero
1650 2466 1737 2527 uxori
1764 2485 1851 2526 meae
1881 2464 1964 2539 „eius
1991 2484 2085 2526 causa
2116 2471 2253 2545 parata“,

414 2569 687 2653 εὐτρεπισθέντα,
710 2579 768 2633 καὶ
791 2573 810 2647 ή
834 2572 984 2650 ἀλλαχοῦ
1005 2574 1063 2655 μέν
1078 2574 1320 2657 ἀχορασθεῖσα
1347 2572 1439 2635 etiam
1462 2573 1535 2634 alibi
1558 2583 1640 2635 emta
1660 2592 1798 2653 purpura
1820 2581 1852 2634 et
1873 2571 2009 2647 nondum¹
2031 2571 2161 2633 advecta
2186 2590 2253 2632 con·

415 2675 577 2762 πορφύρα
591 2677 688 2757 μήπω
704 2675 738 2740 δέ
753 2678 933 2755 ἐνεχθεῖσα
948 2682 1144 2764 περιέχεταιε
1155 2717 1196 2726 -
1225 2681 1318 2742 free.
1347 2681 1466 2743 tinetiu.
2148 2676 2187 2740 fr.
2203 2679 2252 2738 58.

324 2788 377 2861 μῦ.
477 2782 511 2847 ‘0
545 2784 778 2870 χειρόγραφον
796 2804 799 2809 ·
815 2784 933 2849 πωλιῦν
970 2785 989 2862 i>
1030 2785 1219 2867 ληχατεύων
1259 2783 1320 2860 τάς
1414 2787 1477 2864 Qui
1508 2786 1742 2867 chirographum
1773 2785 1880 2849 vendit
1908 2793 1962 2846 aut
1992 2783 2087 2864 legat,
2120 2784 2253 2846 actiones

415 2887 551 2971 ἀχωχάς
573 2889 668 2971 λέχειε
685 2928 726 2938 -
1215 2894 1251 2955 fr.
1269 2897 1319 2956 59.
1347 2893 1503 2974 intellegit
1985 2882 1989 2893 ¹
2149 2890 2187 2951 fr.
2203 2893 2252 2952 59.

325 3005 377 3075 με’.
487 2998 541 3080 Τῷ
564 2998 698 3079 ληχάτῳ
722 3010 789 3062 τῶν
807 3002 919 3083 ἀρνῶν
935 3002 968 3063 σι’
982 2999 1077 3081 μήπω
1094 2997 1154 3063 τὸν
1169 2997 1321 3064 ένιαιιτδν
1413 3000 1572 3081 Agnorum
1598 2999 1701 3081 legato
1728 2999 1758 3074 ii,
1785 3000 1837 3080 qui
1864 2999 1997 3061 nondum
2029 3017 2142 3059 annum
2176 3019 2253 3060 oom-

415 3104 648 3186 πληρώσαντες
672 3104 862 3181 δηλοῦνταιε
879 3104 944 3153 —¹
1163 3107 1199 3168 ir.
1217 3111 1258 3170 60
1275 3129 1319 3188 pr.
1348 3108 1507 3189 pleverint,
1531 3106 1747 3187 significantur.
2098 3104 2133 3166 fr.
2151 3104 2194 3168 60
2210 3126 2252 3185 pr.

480 3207 555 3273 Ἐάν
571 3210 762 3292 ληχατεύσω
777 3224 888 3294 κτῆμα
902 3209 986 3293 μετά
1001 3224 1069 3277 των
1084 3210 1141 3276 διά
1156 3215 1321 3298 χεωρχιάν
1415 3214 1448 3276 Si
1470 3213 1610 3295 legavero
1633 3214 1789 3294 praedium
1805 3234 1874 3275 cum
1889 3212 1939 3286 iis,
1962 3231 2041 3292 quae
2055 3211 2121 3274 eius
2136 3211 2253 3273 colendi

415 3318 521 3382 αὐτοῦ
543 3318 813 3401 άχορασθέντων
835 3319 855 3397 ή
878 3321 1178 3404 εὐτρεπισθέντων,
1203 3321 1320 3383 ούτεύ
1348 3342 1443 3383 causa
1471 3331 1553 3383 emta
1584 3329 1731 3402 paratave
1763 3327 1876 3393 ament,
1907 3339 2004 3399 neque
2037 3317 2169 3401 [servus]
2203 3319 2253 3399 qui

416 3432 477 3488 τοῦ
498 3425 627 3505 κόσμον
654 3425 900 3508 ἐπιμελούμενος
927 3435 990 3490 τοῦ
1010 3426 1179 3508 κτήματος
1202 3427 1320 3490 ούτεὸ
1349 3428 1484 3491 ornando
1516 3427 1640 3508 praedio
1668 3426 1769 3488 studet
1795 3446 1893 3507 neque
1919 3427 1972 3507 qui
1999 3426 2029 3486 id
2059 3433 2162 3486 uretur
2187 3446 2253 3487 con·

416 3531 597 3618 φυλάττων
620 3530 704 3596 αὐτὸ
728 3537 925 3617 περιέχεται·
949 3534 990 3596 ού
1008 3529 1074 3617 γάρ
1091 3532 1140 3597 ἐπὶ
1157 3538 1204 3614 τῷ
1220 3554 1320 3617 χεωρ-
1347 3535 1496 3608 tinentur;
1517 3554 1579 3596 non
1600 3533 1680 3594 enim
1700 3532 1817 3595 colendi
1832 3553 1925 3594 causa
1940 3542 2023 3606 sunt;
2044 3542 2252 3594 verumtamen

416 3646 484 3719 χεῖν
511 3639 602 3700 εἰσίν.
649 3640 668 3701 ὁ
691 3643 801 3721 μέντοι
830 3651 889 3716 τῆς
915 3651 1063 3722 μηχανῆς
1086 3642 1164 3714 ὄνος
1192 3637 1248 3703 καὶ
1277 3636 1321 3704 τά
1348 3641 1552 3704 machinarius
1576 3640 1679 3701 asinus
1702 3648 1734 3701 et
1755 3660 1827 3702 oves
1849 3639 1889 3701 ad
1916 3639 2141 3701 stercorandum
2165 3659 2253 3720 para·

417 3740 474 3807 διά
508 3745 675 3828 κοπρίζειν
706 3746 865 3832 πρόβατα
895 3745 953 3810 καὶ
994 3749 1013 3809 ὁ
1051 3744 1172 3829 ποιμήν
1210 3748 1321 3811 αὐτων
1347 3758 1398 3811 tae
1419 3757 1451 3811 et
1472 3755 1577 3829 pastor
1599 3767 1705 3808 aarum
1728 3747 1925 3809 continentur.
2069 3745 2105 3806 fr.
2121 3747 2173 3807 60.
2192 3752 2208 3822 ξ
2225 3748 2252 3807 3.

417 3853 637 3936 περιέχονται;
654 3890 696 3899 -
1136 3855 1170 3917 fr.
1189 3858 1239 3916 60.
1257 3861 1273 3931 ξ
1292 3859 1320 3918 3.

363 3965 379 4019 ’.
480 3955 556 4020 ‘Eds
583 3955 661 4033 τούς
688 3963 722 4022 έν
752 3962 860 4044 καιρῷ
893 3959 1040 4037 τελευτῆς
1071 3981 1136 4042 μον
1168 3960 1321 4047 ὑφάντας
1414 3962 1449 4025 Si
1480 3970 1611 4024 textores
1642 3961 1706 4041 [qui
1734 3959 1835 4043 erunt]
1867 3967 2002 4040 tempore
2034 3960 2138 4021 mortis
2169 3980 2253 4020 meae

417 4063 608 4145 ληγατεύσω
636 4068 698 4129 καί
722 4088 816 4141 τινας
846 4066 881 4149 ἐξ
908 4067 1020 4129 αύτιῦν
1047 4067 1175 4143 ποιήσω
1208 4068 1321 4153 θυρω-
1348 4071 1488 4150 legavero
1516 4077 1546 4129 et
1573 4068 1720 4148 quosdam
1748 4086 1850 4126 eorum
1879 4066 2019 4128 ostiarios
2046 4066 2157 4140 fecero,
2186 4087 2252 4127 eon·

417 4167 506 4255 ρούς,
539 4176 760 4256 περιέχονται·
797 4174 836 4236 ού
870 4168 936 4258 χάρ
969 4170 1029 4250 τήν
1061 4178 1178 4252 τέχνην
1210 4176 1322 4239 αὐτῶν
1349 4177 1483 4239 tinentur
1510 4174 1555 4257 [et
1581 4173 1640 4257 hi];
1672 4194 1734 4235 non
1766 4172 1845 4234 enim
1874 4172 2046 4247 artificium,
2078 4172 2131 4234 sed
2163 4193 2251 4233 uisum

417 4274 504 4342 ἀλλά
527 4276 587 4355 τήν
606 4289 729 4361 χρῆσιν
752 4280 925 4363 ένήλλαξαε
943 4318 984 4328 -
1216 4282 1252 4344 fr.
1271 4285 1320 4346 61.
1349 4303 1452 4345 eorum
1475 4282 1599 4343 mutavi.
2148 4279 2185 4340 fr.
2204 4281 2251 4340 6l.

353 4394 380 4446 ⁹.
490 4386 544 4466 Τῷ
566 4386 700 4467 ληγάτηι
729 4396 796 4450 τῶν
821 4385 997 4472 βορδόνων
1025 4391 1062 4451 αἱ
1088 4388 1206 4471 μοῦλαι
1236 4410 1322 4471 περι·
1415 4390 1532 4468 Legato
1558 4388 1708 4449 mulorum
1736 4395 1768 4448 et
1793 4384 1894 4447 mulae
1920 4386 2112 4449 eontinentur
2138 4396 2170 4449 et
2197 4407 2252 4448 ser·

417 4494 561 4572 έχονται,
584 4491 642 4556 καὶ
665 4504 733 4557 τῶν
756 4492 883 4557 δούλοιν
906 4496 950 4567 ὡς
973 4493 1022 4558 ἐπὶ
1047 4493 1086 4559 τὸ
1110 4496 1264 4559 πλεῖστον
1287 4498 1323 4558 αἱ
1350 4517 1456 4559 vorum
1485 4493 1613 4578 [legato]
1641 4493 1818 4575 plerumque
1843 4492 1993 4566 ‘ancillae3
2026 4513 2144 4575 semper
2173 4493 2251 4555 enim

418 4598 546 4663 δοῦλαι·
579 4598 630 4663 ἀελ
662 4596 728 4682 χάρ
761 4597 800 4663 td
833 4598 1009 4685 ἀρρενικὸν
1036 4602 1143 4684 ὄνομα
1173 4601 1230 4666 καὶ
1263 4611 1324 4666 τοῦ
1351 4602 1552 4666 masculinum
1575 4620 1684 4663 nomen
1707 4609 1738 4662 et
1759 4599 1936 4661 femininum
1953 4599 2111 4681 significat
2150 4599 2185 4661 fr.
2204 4599 2250 4661 62.

419 4706 550 4782 θήλεως
573 4711 642 4770 ἐστι
668 4706 862 4783 δηλωτικόνε
879 4705 943 4754 —2
1219 4709 1254 4770 fr.
1272 4712 1322 4771 62.

366 4822 380 4876 ‘.
483 4812 533 4874 Ἐν
556 4822 630 4887 ταῖς
653 4824 720 4877 τῶν
746 4815 900 4895 ληχάτων
922 4815 1109 4902 ἀναλήφεσι
1134 4811 1196 4889 τάς
1218 4812 1323 4888 αύτάς
1417 4816 1456 4877 In
1478 4815 1646 4897 legatorum
1669 4812 1897 4894 repetitionibus
1921 4812 2040 4875 easdem
2064 4813 2251 4875 condiciones

419 4921 561 5003 αἱρέσεις
583 4919 640 4983 καλ
664 4921 877 5006 προθεσμίας
900 4930 1047 5003 νοοῦμεν,
1071 4921 1129 5009 ὑφ’
1149 4918 1189 4995 ἀς
1206 4920 1263 4985 καὶ
1283 4918 1322 4985 τδ
1350 4933 1381 4985 et
1403 4923 1467 4985 dies
1489 4921 1700 5002 intellegimus,
1723 4918 1780 4981 eub
1796 4939 1873 5000 quas
1892 4927 1923 4981 et
1940 4920 2074 4981 anterius
2091 4919 2249 5001 [legatum]

420 5037 554 5110 πρῶτον
576 5027 842 5092 καταλέλειπταιε
860 5066 900 5075 -
1219 5030 1254 5093 fr.
1272 5033 1322 5093 66.
1349 5030 1489 5091 relictum
1512 5036 1565 5090 est
2148 5025 2184 5087 fr.
2202 5028 2250 5087 63.

366 5144 382 5198 ’.
485 5130 559 5197 Ἐάν
568 5133 774 5215 ληχατεύσας
783 5132 861 5209 τοὺς
871 5134 1009 5209 δούλους
1018 5157 1082 5217 μου
1092 5135 1231 5219 ύπεξέλω
1246 5131 1323 5209 τοὺς
1417 5136 1450 5199 Si
1476 5136 1616 5215 legavero
1643 5154 1746 5196 servos
1772 5154 1855 5195 meos
1883 5141 1914 5194 et
1944 5151 2089 5214 excepero
2120 5133 2250 5213 negotia·

419 5244 707 5325 ὲμπορευομένονς,
725 5243 758 5305 σι’
772 5240 852 5326 [ἐπὶ]
868 5243 1010 5326 ἐμπορία
1028 5244 1178 5323 μένοντες
1194 5242 1322 5325 ύπεξαι-
1350 5253 1438 5317 tores,
1460 5243 1512 5323 qui
1534 5241 1727 5322 negotiantur
1747 5239 1947 5320 excipiuntur,
1969 5239 2064 5302 veluti
2086 5238 2250 5301 vendentes

419 5356 565 5431 ροῦνται,
588 5343 661 5411 οἷον
677 5351 709 5412 οἱ
724 5349 907 5422 πωλοῦντες
921 5347 978 5412 καλ
995 5349 1227 5433 ἀγοράζοντες,
1243 5352 1323 5413 ἀνα·
1349 5359 1381 5412 et
1402 5351 1545 5423 ementes,
1568 5347 1768 5410 conducentes
1791 5356 1823 5408 et
1836 5345 1985 5408 locantes:
2009 5367 2067 5408 non
2084 5366 2155 5409 vero
2171 5344 2250 5408 cubi·

418 5453 1322 5539 λοῦντεςκαὶμισθούμενοι·ούμήνοὶκονβικοολάριοιή
1350 5455 1458 5518 cularii
1479 5466 1511 5517 et
1532 5456 1726 5517 obsonatores
1747 5462 1780 5515 et
1800 5453 2003 5533 piscatoribus
2025 5452 2198 5534 praepositi.

419 5563 638 5648 ὀφωνάτορες
648 5562 783 5639 ήοὶτοΐς
791 5563 936 5626 άλιεῦσιν
944 5563 1271 5648 ἐφεστῶτες-665
1277 5586 1322 5646 pr.
2098 5558 2133 5619 fr.
2150 5562 2191 5620 65
2207 5579 2248 5639 pr.

483 5665 558 5732 Ἐἀν
590 5668 829 5755 ὀφφικιαλιόνς
861 5668 999 5742 δούλους
1035 5667 1227 5749 ληχατεύσω
1264 5668 1321 5733 καὶ
1416 5668 1447 5731 Si
1481 5668 1626 5730 officiales
1658 5688 1762 5729 servos
1792 5666 1934 5747 legavero
1966 5686 2078 5747 eosque
2109 5666 2151 5727 ad
2181 5665 2249 5726 arti·

417 5777 596 5857 μεταχάχω
620 5772 742 5850 αύτούς
765 5781 809 5850 εἰς
833 5779 950 5853 τέχνην
1136 5776 1172 5837 fr.
1190 5780 1241 5838 65.
1258 5783 1275 5853 ᾗ
1295 5780 1322 5836 l.
1349 5775 1449 5837 ficium
1472 5768 1682 5838 transduxero'
1952 5755 1954 5760 ’
2067 5772 2104 5835 fr.
2122 5775 2173 5835 65.
2188 5778 2205 5848 ᾗ
2223 5773 2247 5831 1.

491 5917 499 5949 ¹
519 5917 601 5971 simil.
620 5917 699 5988 Syn:
719 5916 780 5971 cod.
797 5933 943 5987 perperam
967 5915 1004 5969 Τὸ
1023 5917 1113 5970 λ-σν.
1209 5915 1324 5970 'hahet

419 6004 499 6076 Syn:
518 6005 579 6061 cod.
599 6004 772 6060 nidoclem
