4978 7018
873 442 1027 510 LIBER
1049 443 1186 508 XXXV.
1231 443 1320 510 TIT.
1342 443 1499 511 IV—VI.
2059 449 2101 513 43
2228 508 2233 519 .

274 625 515 711 κληρονομήση,
539 627 733 712 ἀφαιρεῖται
753 625 845 706 αύτῷ
863 625 1110 711 ήκληρονομία.
1149 628 1176 688 εἰ
1203 637 1253 686 tur
1284 626 1312 686 ei
1337 625 1493 688 hereditas.
1538 646 1610 688 nam
1636 636 1668 687 et
1693 627 1719 688 si
1745 628 1818 708 quid
1844 628 1936 690 fuerit
1965 628 2102 691 relictum

275 729 341 817 γὰρ
368 733 429 796 καί
454 755 485 796 τι
513 732 739 796 κατελέλειπτο
768 741 838 806 τοῖς
866 730 961 797 παισὶ
987 741 1050 797 τού
1074 731 1175 796 κωλύ-
1203 732 1303 795 liberis
1318 734 1511 814 prohibentis,
1534 733 1612 795 foret
1626 742 1661 795 ut
1679 733 1809 819 [relicto]
1826 735 1975 809 cederent,
1998 756 2102 816 quam·

275 860 408 917 σαντος,
431 840 603 922 ἐξέπιπτον
625 839 730 903 αὐτοῦ
744 836 809 902 κᾶν
823 837 866 921 μή
882 836 970 917 ήσαν
993 840 1045 904 ὑπ’
1071 840 1177 904 αὐτοῦ
1201 840 1248 903 vis
1271 841 1335 902 eius
1350 860 1412 902 non
1434 839 1561 902 fuissent
1576 841 1608 902 in
1626 849 1785 922 potestate.
1822 841 2102 919 fr.1.§1.D.29,6.

274 944 486 1029 ύπεξούσιοι.1
845 946 880 1009 fr.
898 950 925 1009 1.
943 954 959 1024 ξ
979 951 1006 1009 1.
1020 947 1060 1009 Ι).
1079 950 1128 1023 29,
1146 949 1174 1009 6.

203 1058 236 1131 β’.
338 1050 371 1118 ‘O
393 1049 483 1116 κατὰ
510 1051 610 1115 δόλον
635 1050 788 1127 κωλύσας
814 1049 892 1127 τοὺς
918 1055 1091 1137 μάρτυρας
1118 1057 1175 1127 είς·
1269 1053 1331 1130 Qui
1363 1052 1433 1115 dolo
1465 1053 1536 1114 fecit
1567 1053 1727 1135 quominus
1754 1062 1845 1117 testes
1876 1056 2103 1137 ingrederentur

274 1158 387 1222 ελθεῖν
402 1160 545 1222 ἐκπίπτει
563 1168 624 1223 τοῦ
637 1159 770 1242 κλήρου,
795 1161 835 1223 ού
853 1158 917 1242 μήν
932 1157 990 1224 ἐὰν
1004 1159 1047 1242 μή
1064 1158 1174 1241 αὐτὸς,
1202 1160 1284 1222 cadit
1305 1159 1483 1235 hereditate,
1516 1181 1577 1222 non
1599 1180 1670 1224 vero
1693 1161 1718 1223 ei
1740 1182 1801 1223 non
1824 1163 1902 1244 ipse,
1935 1164 1988 1225 sed
2010 1163 2104 1225 frater
2187 1190 2191 1197 ·

274 1264 347 1330 ἀλλ’
374 1267 393 1329 δ
416 1263 561 1353 ἀδελφὸς
584 1267 689 1331 αὐτοῦ
710 1264 871 1353 nolletis
936 1268 972 1329 fr.
989 1272 1017 1330 2.
1035 1275 1051 1346 5
1070 1272 1086 1330 1
1104 1269 1174 1331 ibid.
1202 1267 1267 1328 eius
1289 1267 1484 1347 prohibuerit
1940 1269 1976 1331 fr.
1994 1273 2022 1333 2.
2039 1276 2055 1346 ξ
2075 1273 2102 1333 1.

203 1381 236 1454 γ.
338 1369 413 1435 Ἐὰν
435 1369 520 1456 ἀνήρ
544 1370 607 1438 ύπδ
631 1384 689 1450 τής
715 1370 872 1455 γυναικὸς
894 1373 1035 1462 γραφείς
1057 1375 1175 1460 κληρο-
1269 1373 1303 1435 si
1331 1374 1379 1435 vir
1405 1374 1445 1435 ab
1474 1394 1568 1436 uxore
1593 1374 1679 1436 heres
1711 1375 1840 1456 scriptus
1867 1396 1928 1438 non
1955 1377 2026 1439 dolo
2049 1386 2104 1438 aut

274 1479 374 1560 νόμος
383 1476 427 1560 μή
436 1476 526 1543 κατίι
536 1479 754 1565 δόλονήβιάν
763 1478 849 1545 ἀλλὰ
857 1481 1035 1545 κολακείαν
1044 1481 1175 1568 κωλύση
1202 1480 1233 1542 vi
1260 1480 1312 1541 sed
1340 1479 1495 1543 blanditiis
1524 1482 1654 1543 vetuerit
1681 1482 1745 1544 fieri
1771 1482 1925 1544 codicillos
1957 1484 1989 1543 in
2019 1482 2103 1544 dem·

274 1586 434 1666 γενέσθαι
450 1586 647 1650 κωδίκελλον
670 1591 713 1662 είς
731 1586 863 1672 βλάβην
883 1588 996 1667 αὐτοῦ,
1021 1589 1060 1651 οὐ
1076 1588 1175 1670 πλημ-
1202 1608 1275 1649 num
1302 1587 1371 1662 sibi,
1400 1608 1462 1649 non
1489 1587 1648 1669 delinquit,
1675 1607 1771 1670 neque
1801 1590 1829 1650 ei
1859 1589 1995 1652 aufertur
2021 1588 2103 1652 here

273 1692 367 1774 μελεῖ,
384 1694 459 1757 ούτε
475 1695 670 1780 ἀφαιρεῖται
687 1695 1035 1780 atterentem-⁸
1093 1695 1129 1759 fr.
1146 1697 1174 1759 3.
1202 1694 1289 1756 dites.
2021 1694 2056 1757 fr.
2073 1698 2102 1758 3.

222 1807 237 1861 ‘.
338 1798 371 1864 Ὁ
401 1799 554 1874 κωλύσας
585 1797 662 1864 τινὰ
693 1802 887 1866 διαθέσθαι
915 1800 972 1865 καί
1000 1799 1102 1876 αὐτὸς
1132 1805 1176 1877 ὡς
1269 1801 1331 1878 Qui
1353 1820 1443 1881 quem
1465 1804 1569 1863 testari
1591 1802 1780 1882 prohibuerit
1802 1802 1913 1883 etipse
1935 1812 2041 1884 utpote
2063 1802 2104 1864 ab

274 1907 309 1990 ἐξ
339 1905 529 1971 σἰδιαθέτου
559 1907 763 1993 κληρονόμος
795 1917 856 1972 τοῦ
885 1908 1022 1993 κέρδους
1059 1908 1175 1994 trepidi·
1203 1909 1345 1969 intestato
1368 1908 1454 1969 heres
1477 1907 1561 1969 lucro
1582 1909 1722 1971 reiicitur.
1869 1930 1894 1971 c.
1912 1912 1940 1971 2.
1956 1909 1989 1972 Ο.
2007 1914 2035 1985 6,
2052 1912 2103 1973 34.

273 2013 376 2076 λεταιε
393 2011 452 2060 -4
913 2036 938 2077 c.
956 2018 984 2077 2.
1000 2014 1034 2077 G.
1049 2017 1107 2090 VI,
1124 2018 1174 2078 34.

338 2119 413 2184 ’Eeb
434 2141 485 2194 τις
500 2118 631 2206 κωλύσῃ
647 2118 723 2185 τινὰ
743 2120 936 2186 διαθέσθαι
953 2121 972 2198 l>
989 2122 1176 2207 ἀρξάμενον
1269 2121 1302 2184 si
1333 2124 1400 2202 quis
1431 2122 1599 2203 impedierit
1630 2122 1782 2203 quendam
1818 2125 1923 2185 testari
1953 2124 2002 2186 vel
2034 2144 2104 2185 eum

274 2224 378 2291 αὐτὸν
404 2225 631 2291 διατίθεσθαι
658 2227 790 2313 κωλύσῃ
817 2228 989 2313 πληρῶσαι
1017 2227 1078 2306 τήν
1105 2228 1174 2293 δια·
1203 2229 1349 2310 coepisset
1372 2230 1483 2303 testari,
1512 2229 1662 2309 complere
1689 2230 1859 2311 impedierit
1880 2239 2103 2305 testamentum,

275 2334 399 2413 θήκην,
428 2337 604 2411 κατέχεται
631 2334 689 2416 μέν
715 2333 771 2398 καί
801 2339 848 2416 τῷ
871 2336 1071 2417 ζημιωθέντι
1095 2357 1174 2418 προ·
1203 2345 1322 2397 tenetur
1352 2336 1474 2416 quidem
1505 2345 1536 2396 et
1562 2336 1589 2396 ei
1621 2337 1674 2416 qui
1704 2345 1828 2417 propter
1858 2337 2104 2417 impedimentum

274 2440 375 2526 φύσει
392 2451 450 2517 της
464 2440 635 2515 κωλύσεως
651 2445 698 2522 τῷ
713 2442 861 2523 μέλλοντι
882 2443 1085 2529 γράφεσθαι
1101 2444 1174 2520 κλη-
1203 2443 1314 2504 damno
1347 2442 1483 2504 adfectus
1515 2453 1574 2519 est,
1608 2442 1661 2522 qui
1687 2463 1796 2523 nempe
1827 2443 1912 2505 heres
1940 2464 1993 2506 seu
2023 2443 2104 2523 lega

274 2546 405 2631 ρονόμῳ
429 2545 448 2623 b
471 2547 672 2629 ληγαταρίῳ,
696 2553 722 2611 εί
745 2546 788 2628 μή
805 2541 903 2622 οὗτος
919 2549 1094 2612 ἐκώλυσεν·
1117 2549 1174 2613 καλ
1203 2549 1297 2610 tarius
1320 2548 1495 2611 scribendus
1518 2548 1619 2610 fuerat
1640 2550 1697 2611 nisi
1721 2549 1773 2611 ille
1794 2550 2009 2630 prohibuisset:
2033 2559 2064 2612 et
2079 2552 2104 2612 si

273 2657 304 2717 ελ
323 2677 354 2717 τι
386 2653 420 2717 δὲ
450 2653 532 2718 ἄλλο
563 2652 781 2738 περισσεύσει,
809 2654 969 2736 δημόσιον
996 2659 1089 2719 ἔσται
1117 2656 1174 2720 καλ
1202 2656 1275 2736 quid
1302 2655 1383 2717 ultra
1405 2666 1574 2735 exsuperat,
1597 2655 1753 2736 publicum
1768 2657 1824 2718 erit
1839 2667 1870 2718 et
1888 2658 1953 2737 ipse
1968 2659 1999 2718 in
2015 2658 2104 2720 exilio

274 2758 375 2834 αὐτὸς
402 2765 436 2824 ἐν
467 2762 581 2843 έξορίρι
618 2759 678 2826 τδν
714 2757 831 2825 λοιπὸν
867 2759 944 2847 βίον
975 2761 1175 2827 διατελέσειῦ
1202 2773 1332 2824 ceteram
1359 2763 1455 2825 vitem
1482 2762 1589 2841 exiget
1641 2797 2102 2812 ------

273 2904 317 2916 -
332 2904 374 2914 —
390 2864 549 2950 μετίιτήν
565 2868 792 2945 διαθήκην-
806 2904 845 2915 -
863 2869 1173 2956 παραλειφθειήε-
1203 2902 1936 2917 ---------
2033 2892 2058 2934 c.
2074 2876 2103 2933 4.

973 2997 998 3038 ο.
1013 2980 1034 3039 4
1051 2976 1174 3059 (restit).

521 3212 641 3267 ΤΙΤΛΟ(
660 3215 700 3282 ξ’,
719 3214 852 3268 ΒΙΒΛΙΟΥ
869 3214 924 3267 A?
1414 3211 1580 3269 TITULUS
1598 3211 1633 3279 V,
1651 3212 1757 3268 LIBRI
1775 3213 1888 3270 XXXV
2122 3224 2139 3277 l.
2154 3228 2196 3278 43.
2210 3228 2228 3278 ί.
2244 3229 2270 3277 b.

502 3339 565 3410 περὶ
582 3335 722 3406 διαθηκῶν
739 3339 945 3411 παραστάσεων.
1392 3336 1427 3392 de
1444 3342 1672 3392 testamentorum
1691 3338 1915 3394 exhibitionibus.

339 3464 380 3527 El
404 3465 423 3527 δ
446 3466 531 3540 έχων
558 3462 619 3542 τήν
647 3463 818 3542 διαθήκην
840 3466 938 3547 έτὲρῳ
962 3464 1175 3549 παροίθηται,
1270 3464 1302 3527 Si
1334 3465 1401 3545 quis
1433 3464 1549 3526 habens
1580 3473 1796 3528 testamentum
1832 3465 1919 3528 elteri
1954 3486 2104 3528 commen·

273 3571 427 3655 έκοίτερος
442 3571 593 3651 ένοίγεται
609 3568 674 3634 κᾶν
691 3572 855 3656 νεωκόρος
871 3570 890 3648 ή
906 3569 1131 3657 ταβουλιίριος
1145 3565 1174 3658 ᾖ,
1203 3571 1329 3646 daverit,
1352 3580 1479 3652 uterque
1495 3573 1680 3645 convenitur,
1697 3572 1761 3634 sive
1778 3593 1921 3635 neocorus
1940 3574 2003 3636 sive
2017 3573 2104 3636 tabu·

273 3668 299 3759 ᾦ
313 3677 499 3761 παρετέθη·
515 3681 541 3741 sl
552 3677 586 3741 δὲ
596 3677 722 3758 δοῦλος,
739 3677 1174 3756 ὀδεσπότηςκατέγεταιτ-
1202 3680 1296 3741 lenius
1312 3681 1359 3753 sit,
1381 3699 1474 3760 penes
1490 3699 1578 3759 quem
1603 3680 1642 3739 sit
1657 3679 1839 3758 depositum
1862 3681 1887 3741 si
1905 3700 1977 3742 vero
1993 3701 2104 3755 servus,

777 3786 813 3848 fr.
831 3788 859 3847 3.
877 3792 893 3862 ξ
911 3789 1006 3847 2-4.
1021 3785 1061 3846 D.
1077 3789 1130 3859 43,
1146 3789 1175 3847 ὅ.
1203 3787 1342 3848 dominus
1365 3794 1493 3847 tenetur.
1705 3785 1741 3848 fr.
1759 3790 1787 3848 3.
1805 3792 1821 3863 ξ
1840 3789 1934 3847 2-4.
1950 3787 1990 3847 D.
2006 3789 2058 3862 43,
2075 3792 2104 3851 5.

339 3891 608 3975 Παραστατικόν
630 3896 700 3955 ἐστι
723 3889 763 3956 τὸ
782 3893 921 3974 νόμιμον
944 3890 1175 3976 παράγγελμα·
1269 3892 1495 3954 Exhibitorium
1528 3899 1576 3952 est
1606 3891 1686 3971 (hoc)
1717 3892 1918 3954 interdictum.
1971 3893 2106 3956 Exhibet

273 4001 423 4080 παριστᾷ
447 3997 481 4061 δέ
505 3999 523 4061 ὁ
546 4002 581 4061 ἐν
600 4000 701 4083 χερσί
721 4021 785 4062 τινι
810 3995 920 4071 διδούς
942 4001 1093 4075 κατέχειν
1116 3997 1176 4077 τήν
1203 4008 1304 4060 autem
1320 4000 1345 4060 is
1361 3999 1412 4080 qui
1428 3998 1518 4060 elicui
1533 4000 1651 4078 copiam
1667 4000 1839 4060 testamenti
1859 3999 2105 4080 apprehendendi

274 4104 458 4181 διαθήκην·
475 4101 569 4187 παρὰ
584 4107 725 4190 ἄρχοντι
743 4105 833 4169 δεῖδὲ
844 4114 1014 4190 παριστᾶν
1029 4102 1109 4179 tion
1118 4104 1174 4169 καί
1202 4106 1284 4168 facit
1328 4105 1422 4187 Apud
1446 4106 1657 4185 magistratum
1685 4114 1788 4167 autem
1815 4105 1955 4167 exhibere
1978 4115 2104 4186 oportet,

272 4209 351 4286 τοὺς
367 4209 583 4298 σφραγιστίις
598 4216 772 4293 ἐπιγνῶναι
789 4209 850 4286 τὰς
866 4211 1058 4298 σφραγίδας
1075 4210 1133 4275 καὶ
1149 4217 1174 4275 εἰ
1203 4223 1237 4274 ut
1259 4213 1425 4293 signatores
1449 4213 1536 4291 signa
1558 4220 1726 4292 agnoscant
1752 4219 1783 4272 st
1809 4212 1836 4272 si
1857 4212 1885 4273 ei
1907 4233 2013 4292 parere
2036 4233 2105 4274 oon-

272 4316 336 4399 μήν
345 4319 475 4383 πείθειν
490 4320 581 4400 αὐτῷ
596 4329 838 4406 καταφρονῶσι
855 4355 950 4366 --
973 4319 1043 4381 ind.
1055 4322 1174 4396 §7-9.
1202 4328 1339 4382 temnant
1361 4354 1403 4365 -
1426 4354 1469 4365 -
1876 4319 1912 4379 fr.
1929 4323 1957 4379 3.
1975 4324 1991 4395 ξ
2010 4322 2104 4382 7-9.

339 4425 379 4489 ΕΙ
404 4425 437 4489 δέ
460 4447 511 4500 τις
533 4428 711 4511 ἐπίτροπος
730 4425 776 4487 ὢν
790 4426 1007 4512 καταφθαρῇ
1031 4424 1091 4503 τήν
1106 4424 1175 4489 δια·
1269 4426 1393 4506 Siquis
1416 4446 1485 4487 cum
1508 4433 1590 4486 tutor
1611 4433 1690 4486 esset
1716 4424 1859 4486 deleverit
1881 4434 2104 4500 testamentum,

273 4532 394 4614 θήκην,
418 4530 519 4607 αὐτὸς
542 4533 604 4610 οὐχ
628 4533 677 4618 [d]
700 4534 851 4619 ύρφανος
874 4532 1033 4613 ὲνιίγεται.
1094 4532 1129 4595 ir.
1146 4537 1174 4596 4.
1202 4535 1268 4615 ipse
1289 4553 1352 4595 non
1374 4531 1509 4614 pupillus
1533 4531 1719 4594 convenitur.
2022 4530 2057 4593 ir.
2073 4534 2103 4593 4.

524 4789 644 4844 ΤΙΤΛΟ(
663 4790 698 4857 ζ,
718 4789 850 4843 ΒΙΒΛΙΟΥ
868 4789 922 4843 ΛΕ’
1408 4786 1575 4845 TITULUS
1593 4787 1642 4854 VI,
1662 4786 1768 4841 LIBRI
1786 4786 1898 4842 XXXV

272 4915 305 4968 αί
319 4911 450 4983 διαθῆκαι
468 4914 536 4969 κατὰ
553 4922 634 4969 ποῖον
652 4913 751 4988 τρόπον
770 4915 925 4987 ἀνοίγονται
941 4918 986 4967 καὶ
1005 4917 1175 4987 θεωροῦνται
1243 4930 1299 4985 quo
1317 4912 1398 4968 modo
1416 4875 1584 4968 testamenta
1601 4914 1763 4983 aperiuntur
1781 4918 1810 4966 et
1827 4913 2013 4982 inspiciuntur
2031 4915 2060 4966 et

577 5008 622 5057 καὶ
639 5004 867 5078 μεταγράφονται.
1538 5000 1767 5057 transcribantur.

337 5129 412 5193 Ἐιίν
434 5152 485 5204 τις
512 5131 662 5215 ἀρνεῖται
686 5127 746 5206 τήν
773 5128 862 5192 ἰδίαν
885 5128 1069 5215 σφραγῖδα,
1096 5126 1174 5193 ύπο-
1268 5129 1301 5192 Bi
1324 5131 1390 5210 quis
1412 5129 1557 5190 infitietur
1579 5149 1668 5190 suum
1691 5127 1782 5212 [esse]
1798 5128 1940 5209 sigillum,
1963 5128 1995 5188 in
2009 5122 2112 5209 suspi?

272 5257 355 5310 πτος
377 5239 435 5317 μέν
457 5241 548 5300 ἐστιν
570 5239 590 5314 ή
614 5236 779 5313 διαθήκη·
802 5237 971 5315 ἀνοίγεται
996 5235 1055 5299 δέ.Θ
1201 5238 1287 5298 cione
1309 5237 1432 5317 quidem
1454 5245 1500 5298 est
1521 5245 1744 5310 testamentum,
1768 5235 1821 5297 sed
1845 5236 1985 5315 aperitur.

841 5341 878 5404 fr.
897 5344 1004 5419 εει.
1019 5343 1059 5405 D.
1077 5346 1127 5419 aa,
1144 5346 1173 5405 e.
1428 5396 1431 5406 .
1769 5340 1806 5402 fr.
1824 5344 1932 5418 nee.
1947 5341 1988 5402 D.
2005 5343 2055 5415 νο,
2073 5343 2102 5402 3.

344 5538 413 5592 ¹Ex
432 5537 500 5594 eod.
519 5556 577 5609 par.
592 5542 660 5593 laet
679 5537 715 5592 Η.
788 5535 1173 5608 ¹ExSyn.F.exeod.per.

270 5626 384 5683 laudato
403 5627 439 5683 H.
512 5626 523 5659 ⁸
542 5626 585 5683 cf.
606 5626 674 5683 θοὰ.
692 5643 751 5696 par.
771 5628 817 5680 cit
832 5625 881 5680 H.:
901 5625 962 5680 cod
981 5624 1062 5687 αὐτὸς
1080 5623 1095 5679 δ
1113 5626 1173 5692 κλη-

272 5716 394 5789 ρονόμος.
453 5716 465 5749 ⁴
483 5716 526 5773 cf.
538 5715 605 5772 cod
617 5718 662 5771 cit
673 5716 709 5770 H.
774 5714 785 5747 ⁵
802 5713 866 5769 hab.
877 5713 943 5785 Syn.
953 5713 1003 5768 sed
1013 5713 1073 5769 cod.
1086 5713 1172 5768 ambr.

270 5804 352 5875 plura
374 5805 465 5867 addit,
489 5822 560 5877 ques
579 5803 693 5878 inSyn.
712 5808 827 5875 propter
842 5803 1084 5858 homoeoteleuton
1103 5805 1173 5856 exci-

271 5894 379 5963 derunt,
399 5911 526 5966 quaeque
546 5897 658 5949 maximi
677 5901 744 5949 sunt
761 5892 903 5947 facienda:
926 5894 1019 5963 agibrr
1041 5893 1115 5946 enim
1139 5891 1173 5945 de

270 5982 333 6054 lege
350 5985 487 6038 restituta
560 5982 653 6038 ⁸hsb.
673 5982 739 6054 Syn.
