<?xml version="1.0" encoding="UTF-8"?>
<!DOCTYPE html PUBLIC "-//W3C//DTD XHTML 1.0 Transitional//EN"
    "http://www.w3.org/TR/xhtml1/DTD/xhtml1-transitional.dtd">
<html xmlns="http://www.w3.org/1999/xhtml" xml:lang="en" lang="en">
 <head>
  <title>
</title>
<meta http-equiv="Content-Type" content="text/html;charset=utf-8" />
  <meta name='ocr-system' content='tesseract 3.04.00' />
  <meta name='ocr-capabilities' content='ocr_page ocr_carea ocr_par ocr_line ocrx_word'/>
</head>
<body>
  <div class='ocr_page' id='page_1' title='image "./supplementumedi00linggoog_0447.png"; bbox 0 0 4842 7018; ppageno 0'>
   <div class='ocr_carea' id='block_1_1' title="bbox 102 553 225 846">
    <p class='ocr_par' dir='ltr' id='par_1_1' title="bbox 102 553 225 846">
     <span class='ocr_line' id='line_1_1' title="bbox 102 553 223 623; baseline -0.008 -16"><span class='ocrx_word' id='word_1_1' title='bbox 102 553 158 623; x_wconf 80' lang='lat' dir='ltr'>fol.</span> <span class='ocrx_word' id='word_1_2' title='bbox 171 559 223 607; x_wconf 76' lang='lat'>66¹.</span> 
     </span>
     <span class='ocr_line' id='line_1_2' title="bbox 107 633 225 703; baseline 0.025 -18"><span class='ocrx_word' id='word_1_3' title='bbox 107 633 225 703; x_wconf 68' lang='lat' dir='ltr'>[solium</span> 
     </span>
     <span class='ocr_line' id='line_1_3' title="bbox 119 721 215 759; baseline 0 0"><span class='ocrx_word' id='word_1_4' title='bbox 119 721 215 759; x_wconf 80' lang='grc' dir='ltr'><strong><em>αωεαπ</em></strong></span> 
     </span>
     <span class='ocr_line' id='line_1_4' title="bbox 114 775 219 846; baseline 0 0"><span class='ocrx_word' id='word_1_5' title='bbox 114 775 219 846; x_wconf 64' lang='lat' dir='ltr'>pereo]</span> 
     </span>
    </p>
   </div>
   <div class='ocr_carea' id='block_1_2' title="bbox 65 950 232 1136">
    <p class='ocr_par' dir='ltr' id='par_1_2' title="bbox 65 950 232 1136">
     <span class='ocr_line' id='line_1_5' title="bbox 82 950 232 1047; baseline 0 -21"><span class='ocrx_word' id='word_1_6' title='bbox 82 972 126 1027; x_wconf 75' lang='lat' dir='ltr'>n.</span> <span class='ocrx_word' id='word_1_7' title='bbox 142 973 192 1047; x_wconf 82' lang='grc' dir='ltr'>ιγ.</span> <span class='ocrx_word' id='word_1_8' title='bbox 210 950 232 1026; x_wconf 70' lang='lat' dir='ltr'>t&#39;</span> 
     </span>
     <span class='ocr_line' id='line_1_6' title="bbox 65 1043 178 1136; baseline -0.027 0"><span class='ocrx_word' id='word_1_9' title='bbox 65 1043 155 1136; x_wconf 67' lang='grc' dir='ltr'>Δνί</span> <span class='ocrx_word' id='word_1_10' title='bbox 170 1045 178 1066; x_wconf 86' lang='grc'><em>’</em></span> 
     </span>
    </p>
   </div>
   <div class='ocr_carea' id='block_1_3' title="bbox 184 1321 220 1375">
    <p class='ocr_par' dir='ltr' id='par_1_3' title="bbox 184 1321 220 1375">
     <span class='ocr_line' id='line_1_7' title="bbox 184 1321 220 1375; baseline 0.028 -1"><span class='ocrx_word' id='word_1_11' title='bbox 184 1321 220 1375; x_wconf 89' lang='grc' dir='ltr'><strong><em>α’.</em></strong></span> 
     </span>
    </p>
   </div>
   <div class='ocr_carea' id='block_1_4' title="bbox 166 1059 234 1133">
    <p class='ocr_par' dir='ltr' id='par_1_4' title="bbox 166 1059 234 1133">
     <span class='ocr_line' id='line_1_8' title="bbox 166 1059 234 1133; baseline 0 -17"><span class='ocrx_word' id='word_1_12' title='bbox 166 1082 188 1116; x_wconf 69' lang='lat'>1.</span> <span class='ocrx_word' id='word_1_13' title='bbox 201 1059 234 1133; x_wconf 76' lang='grc' dir='ltr'><strong><em>γ.</em></strong></span> 
     </span>
    </p>
   </div>
   <div class='ocr_carea' id='block_1_5' title="bbox 838 365 2087 434">
    <p class='ocr_par' dir='ltr' id='par_1_5' title="bbox 838 365 2087 434">
     <span class='ocr_line' id='line_1_9' title="bbox 838 365 2087 434; baseline -0.001 -1"><span class='ocrx_word' id='word_1_14' title='bbox 838 366 991 433; x_wconf 80' lang='lat' dir='ltr'>LIBER</span> <span class='ocrx_word' id='word_1_15' title='bbox 1013 366 1132 433; x_wconf 88' lang='lat' dir='ltr'>XLIV.</span> <span class='ocrx_word' id='word_1_16' title='bbox 1177 365 1267 431; x_wconf 83' lang='grc' dir='ltr'><strong>ΤΙΤ.</strong></span> <span class='ocrx_word' id='word_1_17' title='bbox 1290 365 1345 430; x_wconf 86' lang='lat' dir='ltr'>IV.</span> <span class='ocrx_word' id='word_1_18' title='bbox 1368 365 1406 431; x_wconf 89' lang='lat' dir='ltr'>V.</span> <span class='ocrx_word' id='word_1_19' title='bbox 1428 365 1502 433; x_wconf 86' lang='lat' dir='ltr'><strong>VII.</strong></span> <span class='ocrx_word' id='word_1_20' title='bbox 2049 370 2087 434; x_wconf 87' lang='grc'>81</span> 
     </span>
    </p>
   </div>
   <div class='ocr_carea' id='block_1_6' title="bbox 260 543 2093 847">
    <p class='ocr_par' dir='ltr' id='par_1_6' title="bbox 260 543 2093 847">
     <span class='ocr_line' id='line_1_10' title="bbox 260 543 2092 632; baseline 0 -23"><span class='ocrx_word' id='word_1_21' title='bbox 260 547 454 632; x_wconf 81' lang='grc' dir='ltr'><strong><em>κληρονόμῳ</em></strong></span> <span class='ocrx_word' id='word_1_22' title='bbox 477 550 521 621; x_wconf 79' lang='grc' dir='ltr'><strong><em>ὡς</em></strong></span> <span class='ocrx_word' id='word_1_23' title='bbox 543 545 586 629; x_wconf 82' lang='grc' dir='ltr'>μὴ</span> <span class='ocrx_word' id='word_1_24' title='bbox 610 551 843 631; x_wconf 69' lang='grc' dir='ltr'>γεγραμμένον,</span> <span class='ocrx_word' id='word_1_25' title='bbox 867 546 922 611; x_wconf 79' lang='grc' dir='ltr'>ἵνα</span> <span class='ocrx_word' id='word_1_26' title='bbox 945 543 1038 621; x_wconf 82' lang='grc' dir='ltr'><strong><em>ὅστις</em></strong></span> <span class='ocrx_word' id='word_1_27' title='bbox 1061 548 1163 612; x_wconf 86' lang='grc' dir='ltr'><strong><em>ἀλλον</em></strong></span> <span class='ocrx_word' id='word_1_28' title='bbox 1190 546 1294 609; x_wconf 90' lang='lat' dir='ltr'>heredi</span> <span class='ocrx_word' id='word_1_29' title='bbox 1315 555 1463 628; x_wconf 78' lang='lat' dir='ltr'>tanquam</span> <span class='ocrx_word' id='word_1_30' title='bbox 1485 568 1546 609; x_wconf 91' lang='lat' dir='ltr'>non</span> <span class='ocrx_word' id='word_1_31' title='bbox 1563 548 1715 629; x_wconf 84' lang='lat' dir='ltr'>scriptum,</span> <span class='ocrx_word' id='word_1_32' title='bbox 1739 558 1773 611; x_wconf 90' lang='lat' dir='ltr'>ut</span> <span class='ocrx_word' id='word_1_33' title='bbox 1787 550 1969 630; x_wconf 79' lang='lat' dir='ltr'>quicumque</span> <span class='ocrx_word' id='word_1_34' title='bbox 1983 568 2092 610; x_wconf 88' lang='lat' dir='ltr'>nocen-</span> 
     </span>
     <span class='ocr_line' id='line_1_11' title="bbox 261 652 2093 740; baseline 0.001 -24"><span class='ocrx_word' id='word_1_35' title='bbox 261 652 404 739; x_wconf 80' lang='grc' dir='ltr'><strong><em>όφείλιιν</em></strong></span> <span class='ocrx_word' id='word_1_36' title='bbox 417 654 578 740; x_wconf 73' lang='grc' dir='ltr'>βλάπτειν</span> <span class='ocrx_word' id='word_1_37' title='bbox 592 655 740 737; x_wconf 73' lang='grc' dir='ltr'>ἐνόμισεν</span> <span class='ocrx_word' id='word_1_38' title='bbox 755 652 857 729; x_wconf 79' lang='grc' dir='ltr'><strong><em>αὐτὸς</em></strong></span> <span class='ocrx_word' id='word_1_39' title='bbox 871 664 930 732; x_wconf 79' lang='grc' dir='ltr'>τῆς</span> <span class='ocrx_word' id='word_1_40' title='bbox 945 653 1032 728; x_wconf 76' lang='grc' dir='ltr'><strong><em>ἰδίας</em></strong></span> <span class='ocrx_word' id='word_1_41' title='bbox 1047 655 1163 737; x_wconf 82' lang='grc' dir='ltr'><strong><em>ζημίας</em></strong></span> <span class='ocrx_word' id='word_1_42' title='bbox 1190 654 1263 715; x_wconf 90' lang='lat' dir='ltr'>dum</span> <span class='ocrx_word' id='word_1_43' title='bbox 1295 654 1450 735; x_wconf 87' lang='lat' dir='ltr'>putaverit</span> <span class='ocrx_word' id='word_1_44' title='bbox 1480 654 1569 717; x_wconf 84' lang='lat' dir='ltr'>alteri</span> <span class='ocrx_word' id='word_1_45' title='bbox 1604 656 1669 735; x_wconf 90' lang='lat' dir='ltr'>ipse</span> <span class='ocrx_word' id='word_1_46' title='bbox 1699 655 1813 737; x_wconf 87' lang='lat' dir='ltr'>proprii</span> <span class='ocrx_word' id='word_1_47' title='bbox 1845 656 1948 717; x_wconf 81' lang='lat' dir='ltr'>damni</span> <span class='ocrx_word' id='word_1_48' title='bbox 1980 656 2093 718; x_wconf 85' lang='lat' dir='ltr'>sentiat</span> 
     </span>
     <span class='ocr_line' id='line_1_12' title="bbox 260 758 2092 847; baseline 0.001 -23"><span class='ocrx_word' id='word_1_49' title='bbox 260 760 428 837; x_wconf 71' lang='grc' dir='ltr'><strong><em>αἴσθηται</em></strong></span> <span class='ocrx_word' id='word_1_50' title='bbox 453 758 513 825; x_wconf 85' lang='grc' dir='ltr'>τόν</span> <span class='ocrx_word' id='word_1_51' title='bbox 535 759 685 847; x_wconf 86' lang='grc' dir='ltr'>τρόπον.1</span> <span class='ocrx_word' id='word_1_52' title='bbox 876 783 902 824; x_wconf 87' lang='lat' dir='ltr'>e.</span> <span class='ocrx_word' id='word_1_53' title='bbox 918 765 970 825; x_wconf 83' lang='lat'>25.</span> <span class='ocrx_word' id='word_1_54' title='bbox 985 762 1020 826; x_wconf 86' lang='lat'>0.</span> <span class='ocrx_word' id='word_1_55' title='bbox 1034 761 1093 837; x_wconf 86' lang='lat' dir='ltr'>VI,</span> <span class='ocrx_word' id='word_1_56' title='bbox 1110 765 1161 825; x_wconf 88' lang='grc'><strong>37.</strong></span> <span class='ocrx_word' id='word_1_57' title='bbox 1189 761 1320 823; x_wconf 89' lang='lat' dir='ltr'>modum.</span> <span class='ocrx_word' id='word_1_58' title='bbox 1835 783 1860 824; x_wconf 90' lang='lat' dir='ltr'>c.</span> <span class='ocrx_word' id='word_1_59' title='bbox 1878 764 1928 825; x_wconf 83' lang='lat'>25.</span> <span class='ocrx_word' id='word_1_60' title='bbox 1944 763 1978 827; x_wconf 86' lang='lat'>0.</span> <span class='ocrx_word' id='word_1_61' title='bbox 1995 766 2024 838; x_wconf 88' lang='grc'>6,</span> <span class='ocrx_word' id='word_1_62' title='bbox 2041 765 2092 826; x_wconf 87' lang='grc'><strong>37.</strong></span> 
     </span>
    </p>
   </div>
   <div class='ocr_carea' id='block_1_7' title="bbox 505 971 1869 1043">
    <p class='ocr_par' dir='ltr' id='par_1_7' title="bbox 505 971 1869 1043">
     <span class='ocr_line' id='line_1_13' title="bbox 505 971 1869 1043; baseline 0.001 -17"><span class='ocrx_word' id='word_1_63' title='bbox 505 973 625 1028; x_wconf 73' lang='lat' dir='ltr'>urso(</span> <span class='ocrx_word' id='word_1_64' title='bbox 644 973 684 1042; x_wconf 74' lang='grc' dir='ltr'><strong><em>ε’,</em></strong></span> <span class='ocrx_word' id='word_1_65' title='bbox 704 973 837 1028; x_wconf 70' lang='lat' dir='ltr'>erector</span> <span class='ocrx_word' id='word_1_66' title='bbox 854 973 919 1027; x_wconf 74' lang='grc' dir='ltr'><strong><em>αι’</em></strong></span> <span class='ocrx_word' id='word_1_67' title='bbox 1413 971 1580 1030; x_wconf 72' lang='lat' dir='ltr'>susumus</span> <span class='ocrx_word' id='word_1_68' title='bbox 1598 972 1633 1043; x_wconf 88' lang='lat' dir='ltr'>v,</span> <span class='ocrx_word' id='word_1_69' title='bbox 1651 972 1756 1028; x_wconf 77' lang='lat' dir='ltr'>muru</span> <span class='ocrx_word' id='word_1_70' title='bbox 1774 971 1869 1028; x_wconf 78' lang='lat' dir='ltr'>mv</span> 
     </span>
    </p>
   </div>
   <div class='ocr_carea' id='block_1_8' title="bbox 256 1059 2216 1173">
    <p class='ocr_par' dir='ltr' id='par_1_8' title="bbox 256 1059 2216 1173">
     <span class='ocr_line' id='line_1_14' title="bbox 256 1059 2216 1173; baseline 0 -21"><span class='ocrx_word' id='word_1_71' title='bbox 256 1059 408 1171; x_wconf 70' lang='grc' dir='ltr'><strong><em>πχρὴσεως</em></strong></span> <span class='ocrx_word' id='word_1_72' title='bbox 419 1096 542 1171; x_wconf 87' lang='grc' dir='ltr'><strong><em>παρόδου</em></strong></span> <span class='ocrx_word' id='word_1_73' title='bbox 554 1101 599 1151; x_wconf 81' lang='grc' dir='ltr'>καὶ</span> <span class='ocrx_word' id='word_1_74' title='bbox 611 1098 739 1167; x_wconf 75' lang='grc' dir='ltr'><strong><em>οἰκήσεως</em></strong></span> <span class='ocrx_word' id='word_1_75' title='bbox 750 1103 795 1152; x_wconf 78' lang='grc' dir='ltr'>καί</span> <span class='ocrx_word' id='word_1_76' title='bbox 805 1097 955 1172; x_wconf 72' lang='grc' dir='ltr'><strong><em>ὑπουργίας</em></strong></span> <span class='ocrx_word' id='word_1_77' title='bbox 965 1098 1033 1152; x_wconf 84' lang='grc' dir='ltr'><strong><em>κατὰ</em></strong></span> <span class='ocrx_word' id='word_1_78' title='bbox 1046 1099 1162 1173; x_wconf 79' lang='grc' dir='ltr'><strong><em>ληγάτον</em></strong></span> <span class='ocrx_word' id='word_1_79' title='bbox 1189 1096 1224 1152; x_wconf 92' lang='lat' dir='ltr'>de</span> <span class='ocrx_word' id='word_1_80' title='bbox 1241 1095 1388 1152; x_wconf 76' lang='lat' dir='ltr'>usufructu</span> <span class='ocrx_word' id='word_1_81' title='bbox 1406 1103 1485 1153; x_wconf 77' lang='lat' dir='ltr'>uotum</span> <span class='ocrx_word' id='word_1_82' title='bbox 1503 1103 1533 1154; x_wconf 85' lang='lat' dir='ltr'>et</span> <span class='ocrx_word' id='word_1_83' title='bbox 1549 1097 1722 1153; x_wconf 70' lang='lat' dir='ltr'><strong>habitatione</strong></span> <span class='ocrx_word' id='word_1_84' title='bbox 1740 1102 1769 1153; x_wconf 87' lang='lat' dir='ltr'>et</span> <span class='ocrx_word' id='word_1_85' title='bbox 1792 1099 1883 1168; x_wconf 86' lang='lat' dir='ltr'>operis</span> <span class='ocrx_word' id='word_1_86' title='bbox 1901 1114 1952 1169; x_wconf 88' lang='lat' dir='ltr'>per</span> <span class='ocrx_word' id='word_1_87' title='bbox 1970 1098 2092 1170; x_wconf 82' lang='lat' dir='ltr'>legatum</span> <span class='ocrx_word' id='word_1_88' title='bbox 2209 1084 2216 1098; x_wconf 67' lang='lat'><em>⁰</em></span> 
     </span>
    </p>
   </div>
   <div class='ocr_carea' id='block_1_9' title="bbox 422 1184 1852 1258">
    <p class='ocr_par' dir='ltr' id='par_1_9' title="bbox 422 1184 1852 1258">
     <span class='ocr_line' id='line_1_15' title="bbox 422 1184 1852 1258; baseline 0 -17"><span class='ocrx_word' id='word_1_89' title='bbox 422 1184 545 1256; x_wconf 75' lang='grc' dir='ltr'><strong><em>ἢπίστει</em></strong></span> <span class='ocrx_word' id='word_1_90' title='bbox 563 1186 830 1258; x_wconf 75' lang='grc' dir='ltr'><strong><em>καταλιμπανόμενον</em></strong></span> <span class='ocrx_word' id='word_1_91' title='bbox 848 1185 995 1242; x_wconf 68' lang='lat' dir='ltr'>lesmor.</span> <span class='ocrx_word' id='word_1_92' title='bbox 1426 1187 1527 1243; x_wconf 83' lang='lat' dir='ltr'>fldeive</span> <span class='ocrx_word' id='word_1_93' title='bbox 1545 1187 1721 1242; x_wconf 83' lang='lat' dir='ltr'>commissum</span> <span class='ocrx_word' id='word_1_94' title='bbox 1739 1185 1852 1241; x_wconf 89' lang='lat' dir='ltr'>relictis.</span> 
     </span>
    </p>
   </div>
   <div class='ocr_carea' id='block_1_10' title="bbox 256 1311 2092 2137">
    <p class='ocr_par' dir='ltr' id='par_1_10' title="bbox 256 1311 2092 2137">
     <span class='ocr_line' id='line_1_16' title="bbox 326 1311 2092 1399; baseline 0 -24"><span class='ocrx_word' id='word_1_95' title='bbox 326 1312 458 1399; x_wconf 80' lang='grc' dir='ltr'><strong><em>Χρησις</em></strong></span> <span class='ocrx_word' id='word_1_96' title='bbox 489 1311 641 1398; x_wconf 78' lang='grc' dir='ltr'><strong><em>παρόδου</em></strong></span> <span class='ocrx_word' id='word_1_97' title='bbox 670 1311 690 1390; x_wconf 72' lang='grc' dir='ltr'>ἢ</span> <span class='ocrx_word' id='word_1_98' title='bbox 717 1313 878 1395; x_wconf 82' lang='grc' dir='ltr'><strong><em>δημοσίας</em></strong></span> <span class='ocrx_word' id='word_1_99' title='bbox 905 1312 988 1377; x_wconf 82' lang='grc' dir='ltr'><strong><em>ὁδοῦ</em></strong></span> <span class='ocrx_word' id='word_1_100' title='bbox 1013 1312 1033 1391; x_wconf 78' lang='lat' dir='ltr'>l)</span> <span class='ocrx_word' id='word_1_101' title='bbox 1064 1334 1161 1395; x_wconf 87' lang='grc' dir='ltr'><strong><em>μονο-</em></strong></span> <span class='ocrx_word' id='word_1_102' title='bbox 1254 1312 1441 1376; x_wconf 80' lang='lat' dir='ltr'>Usufruetus</span> <span class='ocrx_word' id='word_1_103' title='bbox 1457 1323 1555 1387; x_wconf 83' lang='lat' dir='ltr'>ectus,</span> <span class='ocrx_word' id='word_1_104' title='bbox 1570 1312 1620 1376; x_wconf 91' lang='lat' dir='ltr'>vel</span> <span class='ocrx_word' id='word_1_105' title='bbox 1635 1313 1704 1376; x_wconf 90' lang='lat' dir='ltr'>viae</span> <span class='ocrx_word' id='word_1_106' title='bbox 1719 1312 1768 1374; x_wconf 91' lang='lat' dir='ltr'>vel</span> <span class='ocrx_word' id='word_1_107' title='bbox 1782 1313 1897 1375; x_wconf 87' lang='lat' dir='ltr'>itineris</span> <span class='ocrx_word' id='word_1_108' title='bbox 1912 1312 1963 1376; x_wconf 91' lang='lat' dir='ltr'>vel</span> <span class='ocrx_word' id='word_1_109' title='bbox 1982 1333 2092 1394; x_wconf 85' lang='lat' dir='ltr'>equae·</span> 
     </span>
     <span class='ocr_line' id='line_1_17' title="bbox 257 1418 2092 1504; baseline -0.001 -21"><span class='ocrx_word' id='word_1_110' title='bbox 257 1421 379 1484; x_wconf 88' lang='grc' dir='ltr'><strong><em>πατιόυ</em></strong></span> <span class='ocrx_word' id='word_1_111' title='bbox 406 1418 426 1496; x_wconf 75' lang='grc' dir='ltr'>ἢ</span> <span class='ocrx_word' id='word_1_112' title='bbox 449 1418 660 1504; x_wconf 82' lang='grc' dir='ltr'><strong><em>ὑδραγωγίου</em></strong></span> <span class='ocrx_word' id='word_1_113' title='bbox 687 1420 727 1483; x_wconf 83' lang='grc' dir='ltr'>οὐ</span> <span class='ocrx_word' id='word_1_114' title='bbox 757 1419 984 1501; x_wconf 83' lang='grc' dir='ltr'><strong><em>ληγωτεάεται·</em></strong></span> <span class='ocrx_word' id='word_1_115' title='bbox 1012 1418 1161 1494; x_wconf 76' lang='grc' dir='ltr'><strong><em>δουλείας</em></strong></span> <span class='ocrx_word' id='word_1_116' title='bbox 1189 1419 1299 1482; x_wconf 88' lang='lat' dir='ltr'>ductus</span> <span class='ocrx_word' id='word_1_117' title='bbox 1325 1440 1386 1482; x_wconf 92' lang='lat' dir='ltr'>non</span> <span class='ocrx_word' id='word_1_118' title='bbox 1413 1429 1512 1501; x_wconf 87' lang='lat' dir='ltr'>potest</span> <span class='ocrx_word' id='word_1_119' title='bbox 1534 1418 1641 1498; x_wconf 86' lang='lat' dir='ltr'>legari:</span> <span class='ocrx_word' id='word_1_120' title='bbox 1674 1419 1827 1482; x_wconf 87' lang='lat' dir='ltr'>servitutis</span> <span class='ocrx_word' id='word_1_121' title='bbox 1854 1420 1936 1482; x_wconf 90' lang='lat' dir='ltr'>enim</span> <span class='ocrx_word' id='word_1_122' title='bbox 1962 1441 2023 1483; x_wconf 90' lang='lat' dir='ltr'>non</span> <span class='ocrx_word' id='word_1_123' title='bbox 2046 1430 2092 1482; x_wconf 91' lang='lat' dir='ltr'>est</span> 
     </span>
     <span class='ocr_line' id='line_1_18' title="bbox 257 1523 2092 1611; baseline 0 -21"><span class='ocrx_word' id='word_1_124' title='bbox 257 1523 323 1611; x_wconf 91' lang='grc' dir='ltr'>γάρ</span> <span class='ocrx_word' id='word_1_125' title='bbox 340 1525 485 1590; x_wconf 67' lang='lat' dir='ltr'>educturi</span> <span class='ocrx_word' id='word_1_126' title='bbox 503 1524 647 1589; x_wconf 88' lang='grc' dir='ltr'><strong><em>δουλεία·</em></strong></span> <span class='ocrx_word' id='word_1_127' title='bbox 671 1523 758 1608; x_wconf 85' lang='grc' dir='ltr'><strong><em>ὅμως</em></strong></span> <span class='ocrx_word' id='word_1_128' title='bbox 780 1530 890 1607; x_wconf 79' lang='grc' dir='ltr'><strong><em>μέντοι</em></strong></span> <span class='ocrx_word' id='word_1_129' title='bbox 915 1528 934 1589; x_wconf 90' lang='grc' dir='ltr'><strong><em>ό</em></strong></span> <span class='ocrx_word' id='word_1_130' title='bbox 956 1525 1161 1611; x_wconf 79' lang='grc' dir='ltr'><strong><em>κληρονόμος</em></strong></span> <span class='ocrx_word' id='word_1_131' title='bbox 1188 1527 1330 1590; x_wconf 87' lang='lat' dir='ltr'>servitus:</span> <span class='ocrx_word' id='word_1_132' title='bbox 1353 1535 1454 1589; x_wconf 87' lang='lat' dir='ltr'>tamen</span> <span class='ocrx_word' id='word_1_133' title='bbox 1477 1526 1563 1588; x_wconf 86' lang='lat' dir='ltr'>heres</span> <span class='ocrx_word' id='word_1_134' title='bbox 1578 1526 1670 1588; x_wconf 87' lang='lat' dir='ltr'>debet</span> <span class='ocrx_word' id='word_1_135' title='bbox 1691 1526 1747 1588; x_wconf 81' lang='lat' dir='ltr'>tuli</span> <span class='ocrx_word' id='word_1_136' title='bbox 1768 1526 1915 1607; x_wconf 88' lang='lat' dir='ltr'>legatario</span> <span class='ocrx_word' id='word_1_137' title='bbox 1930 1526 2092 1590; x_wconf 91' lang='lat' dir='ltr'>oonoedere</span> 
     </span>
     <span class='ocr_line' id='line_1_19' title="bbox 258 1631 2091 1720; baseline 0 -24"><span class='ocrx_word' id='word_1_138' title='bbox 258 1634 380 1720; x_wconf 76' lang='grc' dir='ltr'><strong><em>ὀφείλει</em></strong></span> <span class='ocrx_word' id='word_1_139' title='bbox 396 1637 444 1715; x_wconf 76' lang='grc' dir='ltr'><strong><em>τῷ</em></strong></span> <span class='ocrx_word' id='word_1_140' title='bbox 460 1631 602 1714; x_wconf 82' lang='grc' dir='ltr'><strong><em>τοιούτῳ</em></strong></span> <span class='ocrx_word' id='word_1_141' title='bbox 617 1632 809 1716; x_wconf 86' lang='grc' dir='ltr'><strong><em>ληγαταρίῳ</em></strong></span> <span class='ocrx_word' id='word_1_142' title='bbox 819 1642 1033 1718; x_wconf 76' lang='grc' dir='ltr'><strong><em>παραχωρεῖν</em></strong></span> <span class='ocrx_word' id='word_1_143' title='bbox 1047 1632 1161 1717; x_wconf 85' lang='grc' dir='ltr'><strong><em>πορεύ-</em></strong></span> <span class='ocrx_word' id='word_1_144' title='bbox 1187 1634 1315 1695; x_wconf 74' lang='lat' dir='ltr'>mosim</span> <span class='ocrx_word' id='word_1_145' title='bbox 1337 1641 1368 1695; x_wconf 92' lang='lat' dir='ltr'>et</span> <span class='ocrx_word' id='word_1_146' title='bbox 1389 1653 1479 1713; x_wconf 78' lang='lat' dir='ltr'>egere</span> <span class='ocrx_word' id='word_1_147' title='bbox 1501 1642 1533 1695; x_wconf 92' lang='lat' dir='ltr'>et</span> <span class='ocrx_word' id='word_1_148' title='bbox 1555 1653 1666 1713; x_wconf 88' lang='lat' dir='ltr'>aquam</span> <span class='ocrx_word' id='word_1_149' title='bbox 1681 1633 1804 1706; x_wconf 88' lang='lat' dir='ltr'>ducere;</span> <span class='ocrx_word' id='word_1_150' title='bbox 1828 1634 2000 1696; x_wconf 89' lang='lat' dir='ltr'>cautionem</span> <span class='ocrx_word' id='word_1_151' title='bbox 2015 1634 2091 1696; x_wconf 83' lang='lat' dir='ltr'>scci-</span> 
     </span>
     <span class='ocr_line' id='line_1_20' title="bbox 257 1736 2090 1828; baseline -0.001 -25"><span class='ocrx_word' id='word_1_152' title='bbox 257 1739 362 1803; x_wconf 89' lang='grc' dir='ltr'><strong><em>εσθαι</em></strong></span> <span class='ocrx_word' id='word_1_153' title='bbox 388 1737 447 1803; x_wconf 79' lang='grc' dir='ltr'>καί</span> <span class='ocrx_word' id='word_1_154' title='bbox 474 1738 618 1802; x_wconf 74' lang='grc' dir='ltr'><strong><em>ἐλαύνειν</em></strong></span> <span class='ocrx_word' id='word_1_155' title='bbox 644 1737 702 1804; x_wconf 80' lang='grc' dir='ltr'>καί</span> <span class='ocrx_word' id='word_1_156' title='bbox 729 1736 818 1823; x_wconf 76' lang='grc' dir='ltr'><strong><em>ὕδωρ</em></strong></span> <span class='ocrx_word' id='word_1_157' title='bbox 846 1740 948 1804; x_wconf 73' lang='grc' dir='ltr'><strong><em>ἕλκειν</em></strong></span> <span class='ocrx_word' id='word_1_158' title='bbox 970 1741 1161 1828; x_wconf 88' lang='grc' dir='ltr'><strong><em>ἀσφάλειαν</em></strong></span> <span class='ocrx_word' id='word_1_159' title='bbox 1187 1740 1283 1821; x_wconf 90' lang='lat' dir='ltr'>piens,</span> <span class='ocrx_word' id='word_1_160' title='bbox 1306 1748 1349 1816; x_wconf 76' lang='lat' dir='ltr'>ut,</span> <span class='ocrx_word' id='word_1_161' title='bbox 1376 1741 1402 1801; x_wconf 91' lang='lat' dir='ltr'>si</span> <span class='ocrx_word' id='word_1_162' title='bbox 1429 1741 1575 1801; x_wconf 88' lang='lat' dir='ltr'>moriatur</span> <span class='ocrx_word' id='word_1_163' title='bbox 1596 1749 1651 1802; x_wconf 88' lang='lat' dir='ltr'>aut</span> <span class='ocrx_word' id='word_1_164' title='bbox 1672 1759 1711 1801; x_wconf 85' lang='lat' dir='ltr'>ex</span> <span class='ocrx_word' id='word_1_165' title='bbox 1732 1760 1845 1820; x_wconf 84' lang='lat' dir='ltr'>magna</span> <span class='ocrx_word' id='word_1_166' title='bbox 1867 1761 1961 1802; x_wconf 84' lang='lat' dir='ltr'>eausa</span> <span class='ocrx_word' id='word_1_167' title='bbox 1983 1741 2090 1822; x_wconf 88' lang='lat' dir='ltr'>capitis</span> 
     </span>
     <span class='ocr_line' id='line_1_21' title="bbox 256 1843 1947 1933; baseline 0 -24"><span class='ocrx_word' id='word_1_168' title='bbox 256 1846 445 1931; x_wconf 79' lang='grc' dir='ltr'><strong><em>λαμβάνων,</em></strong></span> <span class='ocrx_word' id='word_1_169' title='bbox 462 1848 507 1920; x_wconf 78' lang='grc' dir='ltr'><strong><em>ὡς</em></strong></span> <span class='ocrx_word' id='word_1_170' title='bbox 522 1843 580 1910; x_wconf 84' lang='grc' dir='ltr'>έάν</span> <span class='ocrx_word' id='word_1_171' title='bbox 595 1846 759 1933; x_wconf 83' lang='grc' dir='ltr'><strong><em>ἀποθάνῃ</em></strong></span> <span class='ocrx_word' id='word_1_172' title='bbox 775 1845 795 1923; x_wconf 75' lang='grc' dir='ltr'><strong><em>λ</em></strong></span> <span class='ocrx_word' id='word_1_173' title='bbox 810 1843 877 1911; x_wconf 82' lang='grc' dir='ltr'>ἀπὸ</span> <span class='ocrx_word' id='word_1_174' title='bbox 893 1848 1034 1928; x_wconf 79' lang='grc' dir='ltr'><strong><em>μεγάλης</em></strong></span> <span class='ocrx_word' id='word_1_175' title='bbox 1050 1848 1161 1921; x_wconf 88' lang='grc' dir='ltr'><strong><em>αίτιάς</em></strong></span> <span class='ocrx_word' id='word_1_176' title='bbox 1188 1847 1423 1908; x_wconf 80' lang='lat' dir='ltr'>deminutionem</span> <span class='ocrx_word' id='word_1_177' title='bbox 1446 1848 1589 1928; x_wconf 81' lang='lat' dir='ltr'>patietur,</span> <span class='ocrx_word' id='word_1_178' title='bbox 1611 1848 1788 1910; x_wconf 88' lang='lat' dir='ltr'>restituatur</span> <span class='ocrx_word' id='word_1_179' title='bbox 1810 1847 1947 1909; x_wconf 85' lang='lat' dir='ltr'>servitus.</span> 
     </span>
     <span class='ocr_line' id='line_1_22' title="bbox 256 1951 2089 2039; baseline -0.001 -24"><span class='ocrx_word' id='word_1_180' title='bbox 256 1954 497 2027; x_wconf 78' lang='grc' dir='ltr'><strong><em>καταστάσεως</em></strong></span> <span class='ocrx_word' id='word_1_181' title='bbox 524 1951 705 2034; x_wconf 79' lang='grc' dir='ltr'><strong><em>ἐναλλαγὴν</em></strong></span> <span class='ocrx_word' id='word_1_182' title='bbox 733 1953 846 2039; x_wconf 85' lang='grc' dir='ltr'><strong><em>πάθη,</em></strong></span> <span class='ocrx_word' id='word_1_183' title='bbox 877 1954 1159 2018; x_wconf 74' lang='grc' dir='ltr'><strong><em>ἀποκαθίσταται</em></strong></span> <span class='ocrx_word' id='word_1_184' title='bbox 1839 1953 1875 2016; x_wconf 86' lang='lat' dir='ltr'>fr.</span> <span class='ocrx_word' id='word_1_185' title='bbox 1893 1958 1920 2017; x_wconf 90' lang='lat'>1.</span> <span class='ocrx_word' id='word_1_186' title='bbox 1936 1955 1976 2017; x_wconf 91' lang='lat' dir='ltr'>D.</span> <span class='ocrx_word' id='word_1_187' title='bbox 1993 1958 2044 2028; x_wconf 85' lang='lat'>33,</span> <span class='ocrx_word' id='word_1_188' title='bbox 2061 1957 2089 2015; x_wconf 94' lang='grc'><strong>2.</strong></span> 
     </span>
     <span class='ocr_line' id='line_1_23' title="bbox 256 2059 1159 2137; baseline 0.001 -15"><span class='ocrx_word' id='word_1_189' title='bbox 256 2062 276 2135; x_wconf 77' lang='grc' dir='ltr'>ἡ</span> <span class='ocrx_word' id='word_1_190' title='bbox 300 2059 445 2123; x_wconf 68' lang='grc' dir='ltr'><strong><em>δουλείας</em></strong></span> <span class='ocrx_word' id='word_1_191' title='bbox 461 2096 503 2107; x_wconf 95' lang='grc'><strong>-</strong></span> <span class='ocrx_word' id='word_1_192' title='bbox 908 2061 944 2123; x_wconf 86' lang='lat' dir='ltr'>fr.</span> <span class='ocrx_word' id='word_1_193' title='bbox 963 2065 990 2122; x_wconf 92' lang='lat'>1.</span> <span class='ocrx_word' id='word_1_194' title='bbox 1006 2061 1045 2123; x_wconf 89' lang='grc' dir='ltr'>Ι).</span> <span class='ocrx_word' id='word_1_195' title='bbox 1062 2067 1113 2137; x_wconf 86' lang='grc'>33,</span> <span class='ocrx_word' id='word_1_196' title='bbox 1132 2067 1159 2124; x_wconf 90' lang='grc'><strong>2.</strong></span> 
     </span>
    </p>
   </div>
   <div class='ocr_carea' id='block_1_11' title="bbox 201 2152 2089 2255">
    <p class='ocr_par' dir='ltr' id='par_1_11' title="bbox 201 2152 2089 2255">
     <span class='ocr_line' id='line_1_24' title="bbox 201 2152 2089 2255; baseline 0 -27"><span class='ocrx_word' id='word_1_197' title='bbox 201 2174 217 2228; x_wconf 85' lang='grc'><strong>’.</strong></span> <span class='ocrx_word' id='word_1_198' title='bbox 321 2163 395 2229; x_wconf 75' lang='lat' dir='ltr'>’Eric</span> <span class='ocrx_word' id='word_1_199' title='bbox 417 2162 557 2240; x_wconf 85' lang='grc' dir='ltr'><strong><em>πολλοὺς</em></strong></span> <span class='ocrx_word' id='word_1_200' title='bbox 579 2170 664 2243; x_wconf 77' lang='grc' dir='ltr'><strong><em>ἔχων</em></strong></span> <span class='ocrx_word' id='word_1_201' title='bbox 686 2152 931 2249; x_wconf 78' lang='grc' dir='ltr'><strong><em>ἀπελευθέρους</em></strong></span> <span class='ocrx_word' id='word_1_202' title='bbox 957 2171 1035 2231; x_wconf 84' lang='grc' dir='ltr'><strong><em>είπω</em></strong></span> <span class='ocrx_word' id='word_1_203' title='bbox 1063 2173 1097 2232; x_wconf 77' lang='grc' dir='ltr'>ἐν</span> <span class='ocrx_word' id='word_1_204' title='bbox 1119 2172 1161 2255; x_wconf 81' lang='grc' dir='ltr'><strong><em>τῇ</em></strong></span> <span class='ocrx_word' id='word_1_205' title='bbox 1254 2168 1286 2230; x_wconf 85' lang='lat' dir='ltr'>Si</span> <span class='ocrx_word' id='word_1_206' title='bbox 1308 2167 1410 2249; x_wconf 89' lang='lat' dir='ltr'>plures</span> <span class='ocrx_word' id='word_1_207' title='bbox 1432 2167 1548 2230; x_wconf 84' lang='lat' dir='ltr'>hebens</span> <span class='ocrx_word' id='word_1_208' title='bbox 1570 2165 1694 2228; x_wconf 88' lang='lat' dir='ltr'>libertos</span> <span class='ocrx_word' id='word_1_209' title='bbox 1717 2167 1820 2229; x_wconf 88' lang='lat' dir='ltr'>dixero</span> <span class='ocrx_word' id='word_1_210' title='bbox 1842 2168 1874 2228; x_wconf 90' lang='lat' dir='ltr'>in</span> <span class='ocrx_word' id='word_1_211' title='bbox 1896 2175 2089 2231; x_wconf 80' lang='lat' dir='ltr'>testamento:</span> 
     </span>
    </p>
   </div>
   <div class='ocr_carea' id='block_1_12' title="bbox 169 2600 218 2673">
    <p class='ocr_par' dir='ltr' id='par_1_12' title="bbox 169 2600 218 2673">
     <span class='ocr_line' id='line_1_25' title="bbox 169 2600 218 2673; baseline 0.041 -20"><span class='ocrx_word' id='word_1_212' title='bbox 169 2600 218 2673; x_wconf 74' lang='grc' dir='ltr'><strong><em>ιμ.</em></strong></span> 
     </span>
    </p>
   </div>
   <div class='ocr_carea' id='block_1_13' title="bbox 169 3031 215 3093">
    <p class='ocr_par' dir='ltr' id='par_1_13' title="bbox 169 3031 215 3093">
     <span class='ocr_line' id='line_1_26' title="bbox 169 3031 215 3093; baseline 0.043 -11"><span class='ocrx_word' id='word_1_213' title='bbox 169 3031 215 3093; x_wconf 82' lang='grc' dir='ltr'><strong><em>κζ’.</em></strong></span> 
     </span>
    </p>
   </div>
   <div class='ocr_carea' id='block_1_14' title="bbox 184 3351 216 3405">
    <p class='ocr_par' dir='ltr' id='par_1_14' title="bbox 184 3351 216 3405">
     <span class='ocr_line' id='line_1_27' title="bbox 184 3351 216 3405; baseline 0.063 -2"><span class='ocrx_word' id='word_1_214' title='bbox 184 3351 216 3405; x_wconf 84' lang='grc' dir='ltr'>λ’.</span> 
     </span>
    </p>
   </div>
   <div class='ocr_carea' id='block_1_15' title="bbox 249 2271 2089 5028">
    <p class='ocr_par' dir='ltr' id='par_1_15' title="bbox 255 2271 2089 2572">
     <span class='ocr_line' id='line_1_28' title="bbox 255 2271 2089 2358; baseline 0 -22"><span class='ocrx_word' id='word_1_215' title='bbox 255 2271 1160 2358; x_wconf 77' lang='grc' dir='ltr'><strong><em>διαθήκη·καταλιμπάνωοἴκησινἑκείνοιςοῦς</em></strong></span> <span class='ocrx_word' id='word_1_216' title='bbox 1187 2276 1356 2356; x_wconf 90' lang='lat' dir='ltr'>relinquo</span> <span class='ocrx_word' id='word_1_217' title='bbox 1394 2274 1666 2336; x_wconf 77' lang='lat' dir='ltr'>habitationem</span> <span class='ocrx_word' id='word_1_218' title='bbox 1699 2274 1763 2349; x_wconf 88' lang='lat' dir='ltr'>eis,</span> <span class='ocrx_word' id='word_1_219' title='bbox 1802 2296 1892 2356; x_wconf 90' lang='lat' dir='ltr'>quos</span> <span class='ocrx_word' id='word_1_220' title='bbox 1923 2275 1961 2336; x_wconf 93' lang='lat' dir='ltr'>in</span> <span class='ocrx_word' id='word_1_221' title='bbox 1992 2275 2089 2337; x_wconf 90' lang='lat' dir='ltr'>codi-</span> 
     </span>
     <span class='ocr_line' id='line_1_29' title="bbox 255 2378 2089 2463; baseline 0 -21"><span class='ocrx_word' id='word_1_222' title='bbox 255 2378 302 2442; x_wconf 85' lang='grc' dir='ltr'>ἀν</span> <span class='ocrx_word' id='word_1_223' title='bbox 320 2384 358 2443; x_wconf 80' lang='grc' dir='ltr'>ὲν</span> <span class='ocrx_word' id='word_1_224' title='bbox 376 2389 460 2454; x_wconf 87' lang='grc' dir='ltr'><strong><em>τοῖς</em></strong></span> <span class='ocrx_word' id='word_1_225' title='bbox 478 2379 727 2454; x_wconf 78' lang='grc' dir='ltr'><strong><em>κωδικέλλοις</em></strong></span> <span class='ocrx_word' id='word_1_226' title='bbox 743 2380 940 2462; x_wconf 86' lang='grc' dir='ltr'><strong><em>ὀνομάσω,</em></strong></span> <span class='ocrx_word' id='word_1_227' title='bbox 963 2378 1021 2445; x_wconf 78' lang='grc' dir='ltr'>καί</span> <span class='ocrx_word' id='word_1_228' title='bbox 1035 2380 1160 2463; x_wconf 85' lang='grc' dir='ltr'><strong><em>μηδένα</em></strong></span> <span class='ocrx_word' id='word_1_229' title='bbox 1186 2382 1286 2444; x_wconf 88' lang='lat' dir='ltr'>cillis</span> <span class='ocrx_word' id='word_1_230' title='bbox 1314 2382 1550 2443; x_wconf 82' lang='lat' dir='ltr'>nominavero</span> <span class='ocrx_word' id='word_1_231' title='bbox 1577 2389 1608 2443; x_wconf 87' lang='lat' dir='ltr'>et</span> <span class='ocrx_word' id='word_1_232' title='bbox 1634 2382 1782 2444; x_wconf 89' lang='lat' dir='ltr'>neminem</span> <span class='ocrx_word' id='word_1_233' title='bbox 1809 2383 2019 2455; x_wconf 82' lang='lat' dir='ltr'>nominavero,</span> <span class='ocrx_word' id='word_1_234' title='bbox 2046 2381 2089 2442; x_wconf 89' lang='lat' dir='ltr'>in·</span> 
     </span>
     <span class='ocr_line' id='line_1_30' title="bbox 256 2483 2089 2572; baseline -0.001 -21"><span class='ocrx_word' id='word_1_235' title='bbox 256 2487 424 2568; x_wconf 88' lang='grc' dir='ltr'><strong><em>ὀνομάσω,</em></strong></span> <span class='ocrx_word' id='word_1_236' title='bbox 449 2488 622 2572; x_wconf 83' lang='grc' dir='ltr'><strong><em>ἀγρηστον</em></strong></span> <span class='ocrx_word' id='word_1_237' title='bbox 644 2483 684 2550; x_wconf 87' lang='grc' dir='ltr'><strong><em>τό</em></strong></span> <span class='ocrx_word' id='word_1_238' title='bbox 707 2486 862 2568; x_wconf 89' lang='grc' dir='ltr'><strong><em>ληγάτον.</em></strong></span> <span class='ocrx_word' id='word_1_239' title='bbox 1008 2490 1043 2550; x_wconf 89' lang='lat' dir='ltr'>fr.</span> <span class='ocrx_word' id='word_1_240' title='bbox 1062 2493 1101 2552; x_wconf 81' lang='lat'>18</span> <span class='ocrx_word' id='word_1_241' title='bbox 1118 2490 1158 2552; x_wconf 91' lang='lat' dir='ltr'>ib.</span> <span class='ocrx_word' id='word_1_242' title='bbox 1186 2488 1260 2550; x_wconf 82' lang='lat' dir='ltr'>utile</span> <span class='ocrx_word' id='word_1_243' title='bbox 1284 2486 1358 2572; x_wconf 86' lang='lat' dir='ltr'>[est]</span> <span class='ocrx_word' id='word_1_244' title='bbox 1382 2488 1523 2567; x_wconf 89' lang='lat' dir='ltr'>legatum.</span> <span class='ocrx_word' id='word_1_245' title='bbox 1985 2489 2020 2550; x_wconf 87' lang='lat' dir='ltr'>fr.</span> <span class='ocrx_word' id='word_1_246' title='bbox 2040 2490 2089 2551; x_wconf 79' lang='lat'>18.</span> 
     </span>
    </p>

    <p class='ocr_par' dir='ltr' id='par_1_16' title="bbox 252 2591 2089 2894">
     <span class='ocr_line' id='line_1_31' title="bbox 320 2591 2089 2679; baseline 0.001 -23"><span class='ocrx_word' id='word_1_247' title='bbox 320 2591 394 2657; x_wconf 80' lang='grc' dir='ltr'>Ἐὰν</span> <span class='ocrx_word' id='word_1_248' title='bbox 421 2592 612 2673; x_wconf 83' lang='grc' dir='ltr'><strong><em>ληγατεόσω</em></strong></span> <span class='ocrx_word' id='word_1_249' title='bbox 640 2597 681 2679; x_wconf 87' lang='grc' dir='ltr'><strong><em>τῇ</em></strong></span> <span class='ocrx_word' id='word_1_250' title='bbox 704 2596 838 2673; x_wconf 87' lang='grc' dir='ltr'><strong><em>γυναικί</em></strong></span> <span class='ocrx_word' id='word_1_251' title='bbox 861 2615 926 2676; x_wconf 92' lang='grc' dir='ltr'>μου</span> <span class='ocrx_word' id='word_1_252' title='bbox 952 2593 1014 2669; x_wconf 88' lang='grc' dir='ltr'><strong><em>τάς</em></strong></span> <span class='ocrx_word' id='word_1_253' title='bbox 1037 2596 1158 2679; x_wconf 87' lang='grc' dir='ltr'><strong><em>προσό-</em></strong></span> <span class='ocrx_word' id='word_1_254' title='bbox 1253 2594 1286 2657; x_wconf 86' lang='lat' dir='ltr'>Si</span> <span class='ocrx_word' id='word_1_255' title='bbox 1318 2595 1457 2675; x_wconf 82' lang='lat' dir='ltr'>legavero</span> <span class='ocrx_word' id='word_1_256' title='bbox 1489 2596 1577 2657; x_wconf 85' lang='lat' dir='ltr'>uxori</span> <span class='ocrx_word' id='word_1_257' title='bbox 1608 2615 1693 2657; x_wconf 88' lang='lat' dir='ltr'>meae</span> <span class='ocrx_word' id='word_1_258' title='bbox 1723 2595 1838 2658; x_wconf 86' lang='lat' dir='ltr'>reditus</span> <span class='ocrx_word' id='word_1_259' title='bbox 1866 2596 1973 2659; x_wconf 88' lang='lat' dir='ltr'>domus</span> <span class='ocrx_word' id='word_1_260' title='bbox 2004 2616 2089 2658; x_wconf 86' lang='lat' dir='ltr'>meae</span> 
     </span>
     <span class='ocr_line' id='line_1_32' title="bbox 255 2697 2088 2784; baseline 0.001 -20"><span class='ocrx_word' id='word_1_261' title='bbox 255 2701 332 2775; x_wconf 87' lang='grc' dir='ltr'><strong><em>δους</em></strong></span> <span class='ocrx_word' id='word_1_262' title='bbox 355 2712 413 2777; x_wconf 79' lang='grc' dir='ltr'>τῆς</span> <span class='ocrx_word' id='word_1_263' title='bbox 436 2700 552 2774; x_wconf 84' lang='grc' dir='ltr'><strong><em>οὐσίας</em></strong></span> <span class='ocrx_word' id='word_1_264' title='bbox 573 2722 638 2783; x_wconf 93' lang='grc' dir='ltr'>μου</span> <span class='ocrx_word' id='word_1_265' title='bbox 654 2697 740 2764; x_wconf 82' lang='grc' dir='ltr'><strong><em>ὅλων</em></strong></span> <span class='ocrx_word' id='word_1_266' title='bbox 760 2711 826 2763; x_wconf 83' lang='grc' dir='ltr'>των</span> <span class='ocrx_word' id='word_1_267' title='bbox 842 2705 1009 2781; x_wconf 76' lang='grc' dir='ltr'><strong><em>ἐνιαυτῶν,</em></strong></span> <span class='ocrx_word' id='word_1_268' title='bbox 1033 2703 1072 2765; x_wconf 83' lang='grc' dir='ltr'>οὐ</span> <span class='ocrx_word' id='word_1_269' title='bbox 1088 2702 1157 2766; x_wconf 86' lang='grc' dir='ltr'><strong><em>δια·</em></strong></span> <span class='ocrx_word' id='word_1_270' title='bbox 1185 2703 1320 2765; x_wconf 90' lang='lat' dir='ltr'>omnium</span> <span class='ocrx_word' id='word_1_271' title='bbox 1347 2722 1508 2777; x_wconf 89' lang='lat' dir='ltr'>annorum,</span> <span class='ocrx_word' id='word_1_272' title='bbox 1536 2722 1596 2763; x_wconf 91' lang='lat' dir='ltr'>non</span> <span class='ocrx_word' id='word_1_273' title='bbox 1619 2703 1729 2764; x_wconf 76' lang='lat' dir='ltr'>transit</span> <span class='ocrx_word' id='word_1_274' title='bbox 1754 2701 1888 2784; x_wconf 88' lang='lat' dir='ltr'>legatum</span> <span class='ocrx_word' id='word_1_275' title='bbox 1910 2703 1942 2764; x_wconf 93' lang='lat' dir='ltr'>in</span> <span class='ocrx_word' id='word_1_276' title='bbox 1965 2703 2088 2766; x_wconf 89' lang='lat' dir='ltr'>heredes</span> 
     </span>
     <span class='ocr_line' id='line_1_33' title="bbox 252 2805 2087 2894; baseline 0.001 -23"><span class='ocrx_word' id='word_1_277' title='bbox 252 2809 360 2894; x_wconf 77' lang='grc' dir='ltr'><strong><em>βαίνει</em></strong></span> <span class='ocrx_word' id='word_1_278' title='bbox 384 2805 423 2871; x_wconf 85' lang='grc' dir='ltr'><strong><em>τό</em></strong></span> <span class='ocrx_word' id='word_1_279' title='bbox 446 2806 593 2887; x_wconf 89' lang='grc' dir='ltr'><strong><em>ληγάτον</em></strong></span> <span class='ocrx_word' id='word_1_280' title='bbox 616 2811 660 2880; x_wconf 82' lang='grc' dir='ltr'>είς</span> <span class='ocrx_word' id='word_1_281' title='bbox 682 2806 907 2891; x_wconf 83' lang='grc' dir='ltr'><strong><em>κληρονόμους</em></strong></span> <span class='ocrx_word' id='word_1_282' title='bbox 929 2808 1040 2885; x_wconf 74' lang='grc' dir='ltr'><strong><em>αὐτῆς.</em></strong></span> <span class='ocrx_word' id='word_1_283' title='bbox 1185 2810 1258 2873; x_wconf 89' lang='lat' dir='ltr'>eius.</span> <span class='ocrx_word' id='word_1_284' title='bbox 1984 2810 2019 2870; x_wconf 82' lang='lat' dir='ltr'>fr.</span> <span class='ocrx_word' id='word_1_285' title='bbox 2036 2812 2087 2872; x_wconf 88' lang='grc'><strong>22.</strong></span> 
     </span>
    </p>

    <p class='ocr_par' dir='ltr' id='par_1_17' title="bbox 1005 2914 1156 2978">
     <span class='ocr_line' id='line_1_34' title="bbox 1005 2914 1156 2978; baseline 0.013 -2"><span class='ocrx_word' id='word_1_286' title='bbox 1005 2914 1041 2977; x_wconf 79' lang='lat' dir='ltr'>fr.</span> <span class='ocrx_word' id='word_1_287' title='bbox 1059 2918 1100 2978; x_wconf 89' lang='grc'>22</span> <span class='ocrx_word' id='word_1_288' title='bbox 1116 2917 1156 2978; x_wconf 90' lang='lat' dir='ltr'>ib.</span> 
     </span>
    </p>

    <p class='ocr_par' dir='ltr' id='par_1_18' title="bbox 252 3017 2086 3319">
     <span class='ocr_line' id='line_1_35' title="bbox 318 3017 2086 3108; baseline 0.001 -24"><span class='ocrx_word' id='word_1_289' title='bbox 318 3017 392 3084; x_wconf 83' lang='grc' dir='ltr'>Ἐἀν</span> <span class='ocrx_word' id='word_1_290' title='bbox 418 3018 610 3100; x_wconf 84' lang='grc' dir='ltr'><strong><em>ληγατεόσω</em></strong></span> <span class='ocrx_word' id='word_1_291' title='bbox 638 3024 679 3106; x_wconf 82' lang='grc' dir='ltr'><strong><em>τῇ</em></strong></span> <span class='ocrx_word' id='word_1_292' title='bbox 706 3024 831 3107; x_wconf 78' lang='grc' dir='ltr'><strong><em>γαμετῇ</em></strong></span> <span class='ocrx_word' id='word_1_293' title='bbox 857 3042 922 3103; x_wconf 93' lang='grc' dir='ltr'>μου</span> <span class='ocrx_word' id='word_1_294' title='bbox 949 3032 1073 3108; x_wconf 81' lang='grc' dir='ltr'><strong><em>χρῆσιν</em></strong></span> <span class='ocrx_word' id='word_1_295' title='bbox 1099 3022 1156 3087; x_wconf 80' lang='grc' dir='ltr'>καὶ</span> <span class='ocrx_word' id='word_1_296' title='bbox 1250 3023 1284 3085; x_wconf 80' lang='lat' dir='ltr'>si</span> <span class='ocrx_word' id='word_1_297' title='bbox 1314 3022 1456 3104; x_wconf 84' lang='lat' dir='ltr'>legavero</span> <span class='ocrx_word' id='word_1_298' title='bbox 1483 3022 1570 3084; x_wconf 85' lang='lat' dir='ltr'>uxori</span> <span class='ocrx_word' id='word_1_299' title='bbox 1598 3042 1683 3084; x_wconf 86' lang='lat' dir='ltr'>meae</span> <span class='ocrx_word' id='word_1_300' title='bbox 1709 3022 1841 3084; x_wconf 84' lang='lat' dir='ltr'>fructum</span> <span class='ocrx_word' id='word_1_301' title='bbox 1868 3032 1899 3085; x_wconf 91' lang='lat' dir='ltr'>et</span> <span class='ocrx_word' id='word_1_302' title='bbox 1924 3031 2086 3104; x_wconf 88' lang='lat' dir='ltr'>postquam</span> 
     </span>
     <span class='ocr_line' id='line_1_36' title="bbox 252 3124 2086 3213; baseline -0.001 -21"><span class='ocrx_word' id='word_1_303' title='bbox 252 3125 335 3210; x_wconf 88' lang='grc' dir='ltr'>μετά</span> <span class='ocrx_word' id='word_1_304' title='bbox 362 3124 402 3191; x_wconf 87' lang='grc' dir='ltr'><strong><em>τό</em></strong></span> <span class='ocrx_word' id='word_1_305' title='bbox 429 3127 610 3209; x_wconf 77' lang='grc' dir='ltr'><strong><em>νεμεθηναι</em></strong></span> <span class='ocrx_word' id='word_1_306' title='bbox 642 3126 767 3213; x_wconf 83' lang='grc' dir='ltr'><strong><em>εὑρεθῇ</em></strong></span> <span class='ocrx_word' id='word_1_307' title='bbox 799 3128 963 3210; x_wconf 82' lang='grc' dir='ltr'><strong><em>ἀθέμιτος</em></strong></span> <span class='ocrx_word' id='word_1_308' title='bbox 993 3131 1012 3192; x_wconf 92' lang='grc' dir='ltr'><strong><em>ό</em></strong></span> <span class='ocrx_word' id='word_1_309' title='bbox 1040 3130 1155 3213; x_wconf 88' lang='grc' dir='ltr'><strong><em>γάμος,</em></strong></span> <span class='ocrx_word' id='word_1_310' title='bbox 1183 3129 1352 3211; x_wconf 84' lang='lat' dir='ltr'>possederit</span> <span class='ocrx_word' id='word_1_311' title='bbox 1383 3129 1538 3192; x_wconf 90' lang='lat' dir='ltr'>inventum</span> <span class='ocrx_word' id='word_1_312' title='bbox 1564 3128 1658 3191; x_wconf 74' lang='lat' dir='ltr'>fuedt</span> <span class='ocrx_word' id='word_1_313' title='bbox 1687 3129 1826 3192; x_wconf 90' lang='lat' dir='ltr'>illicitum</span> <span class='ocrx_word' id='word_1_314' title='bbox 1853 3130 2086 3204; x_wconf 90' lang='lat' dir='ltr'>matrimonium,</span> 
     </span>
     <span class='ocr_line' id='line_1_37' title="bbox 254 3233 2085 3319; baseline -0.001 -21"><span class='ocrx_word' id='word_1_315' title='bbox 254 3234 452 3299; x_wconf 85' lang='grc' dir='ltr'><strong><em>ἀναδίδοται</em></strong></span> <span class='ocrx_word' id='word_1_316' title='bbox 476 3237 506 3296; x_wconf 82' lang='grc' dir='ltr'>εἴ</span> <span class='ocrx_word' id='word_1_317' title='bbox 526 3256 557 3296; x_wconf 97' lang='grc' dir='ltr'>τι</span> <span class='ocrx_word' id='word_1_318' title='bbox 581 3233 710 3319; x_wconf 75' lang='grc' dir='ltr'><strong><em>έλαβενε</em></strong></span> <span class='ocrx_word' id='word_1_319' title='bbox 728 3272 769 3280; x_wconf 89' lang='grc'>-</span> <span class='ocrx_word' id='word_1_320' title='bbox 1004 3236 1040 3299; x_wconf 84' lang='lat' dir='ltr'>fr.</span> <span class='ocrx_word' id='word_1_321' title='bbox 1058 3241 1098 3301; x_wconf 87' lang='grc'>27</span> <span class='ocrx_word' id='word_1_322' title='bbox 1115 3238 1155 3301; x_wconf 91' lang='lat' dir='ltr'>ib.</span> <span class='ocrx_word' id='word_1_323' title='bbox 1183 3236 1351 3299; x_wconf 78' lang='lat' dir='ltr'>restituitur</span> <span class='ocrx_word' id='word_1_324' title='bbox 1372 3234 1519 3317; x_wconf 86' lang='lat' dir='ltr'>quidquid</span> <span class='ocrx_word' id='word_1_325' title='bbox 1542 3237 1662 3316; x_wconf 84' lang='lat' dir='ltr'>ceperit</span> <span class='ocrx_word' id='word_1_326' title='bbox 1981 3236 2017 3300; x_wconf 84' lang='lat' dir='ltr'>fr.</span> <span class='ocrx_word' id='word_1_327' title='bbox 2035 3240 2085 3299; x_wconf 93' lang='grc'><strong>27.</strong></span> 
     </span>
    </p>

    <p class='ocr_par' dir='ltr' id='par_1_19' title="bbox 252 3339 2086 3958">
     <span class='ocr_line' id='line_1_38' title="bbox 317 3339 2086 3426; baseline 0 -21"><span class='ocrx_word' id='word_1_328' title='bbox 317 3339 392 3405; x_wconf 75' lang='lat' dir='ltr'>’uuo</span> <span class='ocrx_word' id='word_1_329' title='bbox 419 3339 610 3422; x_wconf 84' lang='grc' dir='ltr'><strong><em>ληγατεύσω</em></strong></span> <span class='ocrx_word' id='word_1_330' title='bbox 637 3344 678 3426; x_wconf 79' lang='grc' dir='ltr'><strong><em>τῇ</em></strong></span> <span class='ocrx_word' id='word_1_331' title='bbox 706 3342 839 3419; x_wconf 87' lang='grc' dir='ltr'><strong><em>γυναικί</em></strong></span> <span class='ocrx_word' id='word_1_332' title='bbox 858 3363 923 3423; x_wconf 92' lang='grc' dir='ltr'>μου</span> <span class='ocrx_word' id='word_1_333' title='bbox 946 3353 1070 3426; x_wconf 77' lang='grc' dir='ltr'><strong><em>χρῆσιν</em></strong></span> <span class='ocrx_word' id='word_1_334' title='bbox 1096 3348 1156 3418; x_wconf 79' lang='grc' dir='ltr'><strong><em>ἕως</em></strong></span> <span class='ocrx_word' id='word_1_335' title='bbox 1250 3343 1283 3405; x_wconf 83' lang='lat' dir='ltr'>Si</span> <span class='ocrx_word' id='word_1_336' title='bbox 1305 3342 1445 3423; x_wconf 85' lang='lat' dir='ltr'>legavero</span> <span class='ocrx_word' id='word_1_337' title='bbox 1467 3344 1555 3404; x_wconf 85' lang='lat' dir='ltr'>uxori</span> <span class='ocrx_word' id='word_1_338' title='bbox 1576 3363 1662 3405; x_wconf 88' lang='lat' dir='ltr'>meae</span> <span class='ocrx_word' id='word_1_339' title='bbox 1687 3342 1820 3405; x_wconf 85' lang='lat' dir='ltr'>fructum</span> <span class='ocrx_word' id='word_1_340' title='bbox 1842 3343 1939 3405; x_wconf 91' lang='lat' dir='ltr'>donec</span> <span class='ocrx_word' id='word_1_341' title='bbox 1961 3344 2036 3405; x_wconf 87' lang='lat' dir='ltr'>satis</span> <span class='ocrx_word' id='word_1_342' title='bbox 2058 3344 2086 3405; x_wconf 94' lang='lat' dir='ltr'>ei</span> 
     </span>
     <span class='ocr_line' id='line_1_39' title="bbox 253 3440 2085 3535; baseline 0.002 -26"><span class='ocrx_word' id='word_1_343' title='bbox 253 3440 293 3510; x_wconf 80' lang='grc' dir='ltr'>οὗ</span> <span class='ocrx_word' id='word_1_344' title='bbox 320 3445 359 3511; x_wconf 85' lang='grc' dir='ltr'><strong><em>τό</em></strong></span> <span class='ocrx_word' id='word_1_345' title='bbox 388 3444 504 3510; x_wconf 86' lang='grc' dir='ltr'><strong><em>ίκανόν</em></strong></span> <span class='ocrx_word' id='word_1_346' title='bbox 532 3448 616 3533; x_wconf 84' lang='grc' dir='ltr'><strong><em>αὐτῇ</em></strong></span> <span class='ocrx_word' id='word_1_347' title='bbox 643 3450 776 3528; x_wconf 88' lang='grc' dir='ltr'><strong><em>γένηται</em></strong></span> <span class='ocrx_word' id='word_1_348' title='bbox 804 3446 854 3510; x_wconf 81' lang='grc' dir='ltr'>ἐπὶ</span> <span class='ocrx_word' id='word_1_349' title='bbox 883 3452 924 3535; x_wconf 82' lang='grc' dir='ltr'><strong><em>τῇ</em></strong></span> <span class='ocrx_word' id='word_1_350' title='bbox 952 3447 1073 3533; x_wconf 78' lang='grc' dir='ltr'><strong><em>προικὶ,</em></strong></span> <span class='ocrx_word' id='word_1_351' title='bbox 1098 3448 1154 3514; x_wconf 81' lang='grc' dir='ltr'>καί</span> <span class='ocrx_word' id='word_1_352' title='bbox 1181 3450 1236 3512; x_wconf 85' lang='lat' dir='ltr'>fiat</span> <span class='ocrx_word' id='word_1_353' title='bbox 1257 3470 1313 3530; x_wconf 89' lang='lat' dir='ltr'>pro</span> <span class='ocrx_word' id='word_1_354' title='bbox 1335 3450 1405 3511; x_wconf 88' lang='lat' dir='ltr'>dote</span> <span class='ocrx_word' id='word_1_355' title='bbox 1429 3458 1460 3511; x_wconf 86' lang='lat' dir='ltr'>et</span> <span class='ocrx_word' id='word_1_356' title='bbox 1482 3469 1560 3511; x_wconf 89' lang='lat' dir='ltr'>unus</span> <span class='ocrx_word' id='word_1_357' title='bbox 1583 3449 1671 3512; x_wconf 91' lang='lat' dir='ltr'>heres</span> <span class='ocrx_word' id='word_1_358' title='bbox 1693 3470 1748 3531; x_wconf 90' lang='lat' dir='ltr'>pro</span> <span class='ocrx_word' id='word_1_359' title='bbox 1770 3449 1910 3531; x_wconf 86' lang='lat' dir='ltr'>portione</span> <span class='ocrx_word' id='word_1_360' title='bbox 1932 3470 1989 3512; x_wconf 87' lang='lat' dir='ltr'>sua</span> <span class='ocrx_word' id='word_1_361' title='bbox 2010 3450 2085 3512; x_wconf 85' lang='lat' dir='ltr'>satis</span> 
     </span>
     <span class='ocr_line' id='line_1_40' title="bbox 253 3549 2086 3642; baseline 0.002 -26"><span class='ocrx_word' id='word_1_362' title='bbox 253 3555 272 3616; x_wconf 92' lang='grc' dir='ltr'><strong><em>ό</em></strong></span> <span class='ocrx_word' id='word_1_363' title='bbox 295 3549 339 3627; x_wconf 83' lang='grc' dir='ltr'>εἷς</span> <span class='ocrx_word' id='word_1_364' title='bbox 361 3554 566 3639; x_wconf 86' lang='grc' dir='ltr'><strong><em>κληρονόμος</em></strong></span> <span class='ocrx_word' id='word_1_365' title='bbox 585 3551 675 3618; x_wconf 90' lang='grc' dir='ltr'>κατά</span> <span class='ocrx_word' id='word_1_366' title='bbox 694 3550 734 3617; x_wconf 87' lang='grc' dir='ltr'><strong><em>τό</em></strong></span> <span class='ocrx_word' id='word_1_367' title='bbox 758 3552 844 3616; x_wconf 86' lang='grc' dir='ltr'><strong><em>ίδιον</em></strong></span> <span class='ocrx_word' id='word_1_368' title='bbox 858 3558 956 3639; x_wconf 89' lang='grc' dir='ltr'><strong><em>μέρος</em></strong></span> <span class='ocrx_word' id='word_1_369' title='bbox 971 3556 1092 3642; x_wconf 79' lang='grc' dir='ltr'><strong><em>ποιήσῃ</em></strong></span> <span class='ocrx_word' id='word_1_370' title='bbox 1116 3555 1155 3621; x_wconf 85' lang='grc' dir='ltr'><strong><em>τὸ</em></strong></span> <span class='ocrx_word' id='word_1_371' title='bbox 1181 3557 1292 3633; x_wconf 77' lang='lat' dir='ltr'>fecerit,</span> <span class='ocrx_word' id='word_1_372' title='bbox 1315 3577 1370 3638; x_wconf 90' lang='lat' dir='ltr'>pro</span> <span class='ocrx_word' id='word_1_373' title='bbox 1385 3557 1449 3618; x_wconf 85' lang='lat' dir='ltr'>eius</span> <span class='ocrx_word' id='word_1_374' title='bbox 1472 3564 1559 3638; x_wconf 81' lang='lat' dir='ltr'>perte</span> <span class='ocrx_word' id='word_1_375' title='bbox 1581 3556 1696 3619; x_wconf 76' lang='lat' dir='ltr'>fructrrs</span> <span class='ocrx_word' id='word_1_376' title='bbox 1711 3567 1817 3619; x_wconf 85' lang='lat' dir='ltr'>cessat</span> <span class='ocrx_word' id='word_1_377' title='bbox 1854 3556 1935 3618; x_wconf 89' lang='lat' dir='ltr'>idem</span> <span class='ocrx_word' id='word_1_378' title='bbox 1951 3566 1999 3619; x_wconf 93' lang='lat' dir='ltr'>est</span> <span class='ocrx_word' id='word_1_379' title='bbox 2012 3578 2086 3638; x_wconf 90' lang='lat' dir='ltr'>quo·</span> 
     </span>
     <span class='ocr_line' id='line_1_41' title="bbox 253 3658 2084 3749; baseline 0.002 -26"><span class='ocrx_word' id='word_1_380' title='bbox 253 3658 377 3740; x_wconf 77' lang='grc' dir='ltr'><strong><em>ἱκανόν,</em></strong></span> <span class='ocrx_word' id='word_1_381' title='bbox 400 3658 490 3725; x_wconf 86' lang='grc' dir='ltr'><strong><em>κατά</em></strong></span> <span class='ocrx_word' id='word_1_382' title='bbox 512 3670 574 3725; x_wconf 86' lang='grc' dir='ltr'><strong><em>τοῦ</em></strong></span> <span class='ocrx_word' id='word_1_383' title='bbox 596 3661 702 3724; x_wconf 86' lang='grc' dir='ltr'><strong><em>αὐτοῦ</em></strong></span> <span class='ocrx_word' id='word_1_384' title='bbox 715 3660 772 3724; x_wconf 82' lang='grc' dir='ltr'>καὶ</span> <span class='ocrx_word' id='word_1_385' title='bbox 789 3663 808 3737; x_wconf 83' lang='grc' dir='ltr'><em>ὴ</em></span> <span class='ocrx_word' id='word_1_386' title='bbox 820 3672 943 3746; x_wconf 78' lang='grc' dir='ltr'><strong><em>χρῆσις</em></strong></span> <span class='ocrx_word' id='word_1_387' title='bbox 958 3662 1154 3749; x_wconf 79' lang='grc' dir='ltr'><strong><em>φθείρεται·</em></strong></span> <span class='ocrx_word' id='word_1_388' title='bbox 1182 3684 1240 3744; x_wconf 92' lang='lat' dir='ltr'>que</span> <span class='ocrx_word' id='word_1_389' title='bbox 1255 3664 1280 3724; x_wconf 92' lang='lat' dir='ltr'>si</span> <span class='ocrx_word' id='word_1_390' title='bbox 1294 3683 1349 3744; x_wconf 89' lang='lat' dir='ltr'>per</span> <span class='ocrx_word' id='word_1_391' title='bbox 1362 3662 1517 3725; x_wconf 91' lang='lat' dir='ltr'>mulierem</span> <span class='ocrx_word' id='word_1_392' title='bbox 1532 3664 1617 3724; x_wconf 84' lang='lat' dir='ltr'>stetit</span> <span class='ocrx_word' id='word_1_393' title='bbox 1630 3684 1669 3724; x_wconf 92' lang='lat' dir='ltr'>ne</span> <span class='ocrx_word' id='word_1_394' title='bbox 1684 3665 1759 3726; x_wconf 86' lang='lat' dir='ltr'>satis</span> <span class='ocrx_word' id='word_1_395' title='bbox 1775 3665 1905 3725; x_wconf 77' lang='lat' dir='ltr'>duretur.</span> <span class='ocrx_word' id='word_1_396' title='bbox 1945 3664 2029 3726; x_wconf 68' lang='lat' dir='ltr'>free</span> <span class='ocrx_word' id='word_1_397' title='bbox 2040 3684 2084 3745; x_wconf 90' lang='lat' dir='ltr'>pr.</span> 
     </span>
     <span class='ocr_line' id='line_1_42' title="bbox 253 3765 1154 3850; baseline 0.003 -20"><span class='ocrx_word' id='word_1_398' title='bbox 253 3765 292 3831; x_wconf 88' lang='grc' dir='ltr'><strong><em>τό</em></strong></span> <span class='ocrx_word' id='word_1_399' title='bbox 316 3768 400 3831; x_wconf 85' lang='grc' dir='ltr'><strong><em>αὐτό</em></strong></span> <span class='ocrx_word' id='word_1_400' title='bbox 422 3771 492 3831; x_wconf 77' lang='grc' dir='ltr'><strong><em>ἐστι</em></strong></span> <span class='ocrx_word' id='word_1_401' title='bbox 515 3765 580 3831; x_wconf 88' lang='grc' dir='ltr'>κάν</span> <span class='ocrx_word' id='word_1_402' title='bbox 602 3770 622 3845; x_wconf 84' lang='grc' dir='ltr'><em>ἡ</em></span> <span class='ocrx_word' id='word_1_403' title='bbox 645 3765 726 3848; x_wconf 77' lang='grc' dir='ltr'><strong><em>γυνὴ</em></strong></span> <span class='ocrx_word' id='word_1_404' title='bbox 749 3767 913 3832; x_wconf 76' lang='grc' dir='ltr'><strong><em>ἐνεπόδισε</em></strong></span> <span class='ocrx_word' id='word_1_405' title='bbox 935 3769 1095 3850; x_wconf 81' lang='grc' dir='ltr'><strong><em>γενέσθαι</em></strong></span> <span class='ocrx_word' id='word_1_406' title='bbox 1115 3767 1154 3834; x_wconf 87' lang='grc' dir='ltr'><strong><em>τό</em></strong></span> 
     </span>
     <span class='ocr_line' id='line_1_43' title="bbox 252 3875 1153 3958; baseline 0.001 -21"><span class='ocrx_word' id='word_1_407' title='bbox 252 3875 381 3938; x_wconf 66' lang='grc' dir='ltr'><strong><em>ἱκανόν</em></strong></span> <span class='ocrx_word' id='word_1_408' title='bbox 397 3913 439 3923; x_wconf 89' lang='grc'>-</span> <span class='ocrx_word' id='word_1_409' title='bbox 999 3875 1035 3937; x_wconf 83' lang='lat' dir='ltr'>fr.</span> <span class='ocrx_word' id='word_1_410' title='bbox 1051 3879 1093 3938; x_wconf 82' lang='lat'>30</span> <span class='ocrx_word' id='word_1_411' title='bbox 1109 3898 1153 3958; x_wconf 90' lang='lat' dir='ltr'>pr.</span> 
     </span>
    </p>

    <p class='ocr_par' dir='ltr' id='par_1_20' title="bbox 249 3972 2084 4600">
     <span class='ocr_line' id='line_1_44' title="bbox 317 3972 2084 4066; baseline 0.002 -23"><span class='ocrx_word' id='word_1_412' title='bbox 317 3978 391 4045; x_wconf 86' lang='grc' dir='ltr'>Ἐἀν</span> <span class='ocrx_word' id='word_1_413' title='bbox 409 3984 493 4059; x_wconf 72' lang='grc' dir='ltr'><strong><em>ἔχων</em></strong></span> <span class='ocrx_word' id='word_1_414' title='bbox 509 3980 568 4044; x_wconf 85' lang='grc' dir='ltr'>δύο</span> <span class='ocrx_word' id='word_1_415' title='bbox 586 3982 780 4065; x_wconf 78' lang='grc' dir='ltr'><strong><em>θυγατέρας</em></strong></span> <span class='ocrx_word' id='word_1_416' title='bbox 798 3979 854 4045; x_wconf 82' lang='grc' dir='ltr'>καλ</span> <span class='ocrx_word' id='word_1_417' title='bbox 872 3978 943 4044; x_wconf 85' lang='grc' dir='ltr'><strong><em>υἱόν</em></strong></span> <span class='ocrx_word' id='word_1_418' title='bbox 957 3983 1155 4064; x_wconf 88' lang='grc' dir='ltr'><strong><em>μαινόμενον</em></strong></span> <span class='ocrx_word' id='word_1_419' title='bbox 1248 3983 1282 4046; x_wconf 87' lang='lat' dir='ltr'>si</span> <span class='ocrx_word' id='word_1_420' title='bbox 1305 3983 1419 4045; x_wconf 86' lang='lat' dir='ltr'>habens</span> <span class='ocrx_word' id='word_1_421' title='bbox 1435 3972 1511 4044; x_wconf 84' lang='lat' dir='ltr'>duas</span> <span class='ocrx_word' id='word_1_422' title='bbox 1526 3982 1605 4044; x_wconf 80' lang='lat' dir='ltr'>filias</span> <span class='ocrx_word' id='word_1_423' title='bbox 1619 3992 1650 4045; x_wconf 91' lang='lat' dir='ltr'>et</span> <span class='ocrx_word' id='word_1_424' title='bbox 1664 3983 1759 4045; x_wconf 90' lang='lat' dir='ltr'>filium</span> <span class='ocrx_word' id='word_1_425' title='bbox 1778 3983 1923 4046; x_wconf 82' lang='lat' dir='ltr'>firriosnm</span> <span class='ocrx_word' id='word_1_426' title='bbox 1939 3985 2084 4066; x_wconf 86' lang='lat' dir='ltr'>scripsero</span> 
     </span>
     <span class='ocr_line' id='line_1_45' title="bbox 251 4084 2084 4175; baseline 0.001 -25"><span class='ocrx_word' id='word_1_427' title='bbox 251 4089 377 4175; x_wconf 82' lang='grc' dir='ltr'><strong><em>γράψω</em></strong></span> <span class='ocrx_word' id='word_1_428' title='bbox 401 4084 522 4161; x_wconf 84' lang='grc' dir='ltr'><strong><em>αὐτοὺς</em></strong></span> <span class='ocrx_word' id='word_1_429' title='bbox 544 4087 769 4172; x_wconf 89' lang='grc' dir='ltr'><strong><em>κληρονόμους</em></strong></span> <span class='ocrx_word' id='word_1_430' title='bbox 791 4086 848 4151; x_wconf 79' lang='grc' dir='ltr'>καὶ</span> <span class='ocrx_word' id='word_1_431' title='bbox 872 4086 932 4165; x_wconf 75' lang='grc' dir='ltr'>τὴν</span> <span class='ocrx_word' id='word_1_432' title='bbox 951 4100 1075 4173; x_wconf 82' lang='grc' dir='ltr'><strong><em>χρῆσιν</em></strong></span> <span class='ocrx_word' id='word_1_433' title='bbox 1093 4098 1154 4153; x_wconf 80' lang='grc' dir='ltr'><strong><em>τοῦ</em></strong></span> <span class='ocrx_word' id='word_1_434' title='bbox 1180 4111 1232 4153; x_wconf 91' lang='lat' dir='ltr'>eos</span> <span class='ocrx_word' id='word_1_435' title='bbox 1263 4090 1386 4152; x_wconf 90' lang='lat' dir='ltr'>heredes</span> <span class='ocrx_word' id='word_1_436' title='bbox 1413 4100 1444 4152; x_wconf 92' lang='lat' dir='ltr'>et</span> <span class='ocrx_word' id='word_1_437' title='bbox 1470 4090 1691 4152; x_wconf 80' lang='lat' dir='ltr'>usumfructum</span> <span class='ocrx_word' id='word_1_438' title='bbox 1722 4090 1867 4171; x_wconf 86' lang='lat' dir='ltr'>portionis</span> <span class='ocrx_word' id='word_1_439' title='bbox 1898 4090 2003 4153; x_wconf 84' lang='lat' dir='ltr'>furiosi</span> <span class='ocrx_word' id='word_1_440' title='bbox 2030 4091 2084 4152; x_wconf 89' lang='lat' dir='ltr'>uni</span> 
     </span>
     <span class='ocr_line' id='line_1_46' title="bbox 250 4193 2084 4281; baseline 0.001 -22"><span class='ocrx_word' id='word_1_441' title='bbox 250 4198 368 4279; x_wconf 85' lang='grc' dir='ltr'><strong><em>μέρους</em></strong></span> <span class='ocrx_word' id='word_1_442' title='bbox 391 4203 452 4258; x_wconf 85' lang='grc' dir='ltr'><strong><em>τοῦ</em></strong></span> <span class='ocrx_word' id='word_1_443' title='bbox 473 4196 672 4276; x_wconf 91' lang='grc' dir='ltr'><strong><em>μαινομένου</em></strong></span> <span class='ocrx_word' id='word_1_444' title='bbox 694 4193 885 4274; x_wconf 88' lang='grc' dir='ltr'><strong><em>ληγατεύσω</em></strong></span> <span class='ocrx_word' id='word_1_445' title='bbox 909 4199 950 4281; x_wconf 83' lang='grc' dir='ltr'><strong><em>τῇ</em></strong></span> <span class='ocrx_word' id='word_1_446' title='bbox 971 4199 1033 4277; x_wconf 77' lang='grc' dir='ltr'><strong><em>μιᾷ</em></strong></span> <span class='ocrx_word' id='word_1_447' title='bbox 1055 4193 1153 4259; x_wconf 88' lang='grc' dir='ltr'><strong><em>είπὼυ</em></strong></span> <span class='ocrx_word' id='word_1_448' title='bbox 1180 4197 1233 4280; x_wconf 88' lang='lat' dir='ltr'>[ex</span> <span class='ocrx_word' id='word_1_449' title='bbox 1260 4194 1394 4279; x_wconf 88' lang='lat' dir='ltr'>filiabus]</span> <span class='ocrx_word' id='word_1_450' title='bbox 1427 4196 1576 4276; x_wconf 89' lang='lat' dir='ltr'>legavero,</span> <span class='ocrx_word' id='word_1_451' title='bbox 1607 4197 1711 4259; x_wconf 90' lang='lat' dir='ltr'>dicens</span> <span class='ocrx_word' id='word_1_452' title='bbox 1738 4218 1805 4259; x_wconf 84' lang='lat' dir='ltr'>eem</span> <span class='ocrx_word' id='word_1_453' title='bbox 1834 4196 1970 4281; x_wconf 87' lang='lat' dir='ltr'>[debere]</span> <span class='ocrx_word' id='word_1_454' title='bbox 2002 4197 2084 4260; x_wconf 91' lang='lat' dir='ltr'>hunc</span> 
     </span>
     <span class='ocr_line' id='line_1_47' title="bbox 251 4299 2084 4387; baseline 0.002 -24"><span class='ocrx_word' id='word_1_455' title='bbox 251 4300 355 4379; x_wconf 75' lang='grc' dir='ltr'><strong><em>αὐτὴν</em></strong></span> <span class='ocrx_word' id='word_1_456' title='bbox 375 4301 453 4387; x_wconf 79' lang='grc' dir='ltr'><strong><em>ὑπὲρ</em></strong></span> <span class='ocrx_word' id='word_1_457' title='bbox 473 4299 596 4364; x_wconf 85' lang='grc' dir='ltr'><strong><em>τούτου</em></strong></span> <span class='ocrx_word' id='word_1_458' title='bbox 614 4304 748 4386; x_wconf 80' lang='grc' dir='ltr'><strong><em>τρέφειν</em></strong></span> <span class='ocrx_word' id='word_1_459' title='bbox 765 4299 822 4364; x_wconf 83' lang='grc' dir='ltr'>καί</span> <span class='ocrx_word' id='word_1_460' title='bbox 846 4302 1026 4387; x_wconf 83' lang='grc' dir='ltr'><strong><em>φυλάττειν</em></strong></span> <span class='ocrx_word' id='word_1_461' title='bbox 1049 4300 1157 4366; x_wconf 82' lang='grc' dir='ltr'><strong><em>αὐτὸν</em></strong></span> <span class='ocrx_word' id='word_1_462' title='bbox 1180 4305 1262 4366; x_wconf 81' lang='lat' dir='ltr'>alere</span> <span class='ocrx_word' id='word_1_463' title='bbox 1284 4313 1315 4365; x_wconf 89' lang='lat' dir='ltr'>et</span> <span class='ocrx_word' id='word_1_464' title='bbox 1330 4323 1452 4367; x_wconf 84' lang='lat' dir='ltr'>servare</span> <span class='ocrx_word' id='word_1_465' title='bbox 1468 4303 1564 4366; x_wconf 91' lang='lat' dir='ltr'>donee</span> <span class='ocrx_word' id='word_1_466' title='bbox 1578 4303 1779 4378; x_wconf 89' lang='lat' dir='ltr'>convalescet,</span> <span class='ocrx_word' id='word_1_467' title='bbox 1801 4324 1870 4365; x_wconf 92' lang='lat' dir='ltr'>cum</span> <span class='ocrx_word' id='word_1_468' title='bbox 1888 4304 1914 4366; x_wconf 86' lang='lat' dir='ltr'>is</span> <span class='ocrx_word' id='word_1_469' title='bbox 1930 4305 1960 4365; x_wconf 89' lang='lat' dir='ltr'>in</span> <span class='ocrx_word' id='word_1_470' title='bbox 1983 4303 2084 4367; x_wconf 82' lang='lat' dir='ltr'>furore</span> 
     </span>
     <span class='ocr_line' id='line_1_48' title="bbox 250 4402 2081 4494; baseline 0.001 -23"><span class='ocrx_word' id='word_1_471' title='bbox 250 4413 309 4482; x_wconf 75' lang='grc' dir='ltr'><strong><em>ἕως</em></strong></span> <span class='ocrx_word' id='word_1_472' title='bbox 332 4402 372 4472; x_wconf 87' lang='grc' dir='ltr'>οὗ</span> <span class='ocrx_word' id='word_1_473' title='bbox 396 4408 521 4494; x_wconf 80' lang='grc' dir='ltr'><strong><em>ὑγιάνη,</em></strong></span> <span class='ocrx_word' id='word_1_474' title='bbox 545 4407 761 4481; x_wconf 80' lang='grc' dir='ltr'><strong><em>τελευτῶντος</em></strong></span> <span class='ocrx_word' id='word_1_475' title='bbox 788 4409 893 4472; x_wconf 79' lang='grc' dir='ltr'><strong><em>αὐτοῦ</em></strong></span> <span class='ocrx_word' id='word_1_476' title='bbox 919 4413 952 4472; x_wconf 88' lang='grc' dir='ltr'>έν</span> <span class='ocrx_word' id='word_1_477' title='bbox 974 4412 1016 4494; x_wconf 86' lang='grc' dir='ltr'><strong><em>τῇ</em></strong></span> <span class='ocrx_word' id='word_1_478' title='bbox 1037 4412 1151 4491; x_wconf 82' lang='grc' dir='ltr'><strong><em>μανία,</em></strong></span> <span class='ocrx_word' id='word_1_479' title='bbox 1180 4419 1315 4473; x_wconf 87' lang='lat' dir='ltr'>mortuns</span> <span class='ocrx_word' id='word_1_480' title='bbox 1337 4410 1435 4484; x_wconf 79' lang='lat' dir='ltr'>fuerit,</span> <span class='ocrx_word' id='word_1_481' title='bbox 1458 4421 1595 4474; x_wconf 88' lang='lat' dir='ltr'>remanet</span> <span class='ocrx_word' id='word_1_482' title='bbox 1621 4410 1812 4473; x_wconf 74' lang='lat' dir='ltr'>ususfructus</span> <span class='ocrx_word' id='word_1_483' title='bbox 1840 4447 1882 4456; x_wconf 88' lang='lat'><em>-</em></span> <span class='ocrx_word' id='word_1_484' title='bbox 1906 4447 1949 4458; x_wconf 88' lang='grc'>-</span> <span class='ocrx_word' id='word_1_485' title='bbox 1972 4446 2015 4456; x_wconf 91' lang='grc'><strong>-</strong></span> <span class='ocrx_word' id='word_1_486' title='bbox 2039 4447 2081 4457; x_wconf 89' lang='grc'>-</span> 
     </span>
     <span class='ocr_line' id='line_1_49' title="bbox 249 4514 2082 4600; baseline 0 -22"><span class='ocrx_word' id='word_1_487' title='bbox 249 4519 333 4598; x_wconf 88' lang='grc' dir='ltr'><strong><em>μένει</em></strong></span> <span class='ocrx_word' id='word_1_488' title='bbox 350 4516 369 4591; x_wconf 80' lang='grc' dir='ltr'><em>ἡ</em></span> <span class='ocrx_word' id='word_1_489' title='bbox 382 4525 503 4600; x_wconf 79' lang='grc' dir='ltr'><strong><em>χρῆσις</em></strong></span> <span class='ocrx_word' id='word_1_490' title='bbox 523 4551 565 4560; x_wconf 92' lang='grc'><strong>-</strong></span> <span class='ocrx_word' id='word_1_491' title='bbox 581 4549 623 4560; x_wconf 92' lang='grc'><strong>-</strong></span> <span class='ocrx_word' id='word_1_492' title='bbox 640 4551 682 4561; x_wconf 89' lang='grc'><strong>-</strong></span> <span class='ocrx_word' id='word_1_493' title='bbox 702 4514 957 4599; x_wconf 74' lang='grc' dir='ltr'><strong><em>ὲβουλὴθηνε-</em></strong></span> <span class='ocrx_word' id='word_1_494' title='bbox 985 4517 1020 4578; x_wconf 88' lang='lat' dir='ltr'>fr.</span> <span class='ocrx_word' id='word_1_495' title='bbox 1032 4520 1150 4594; x_wconf 61' lang='lat'><strong>3256.</strong></span> <span class='ocrx_word' id='word_1_496' title='bbox 1178 4553 1221 4565; x_wconf 90' lang='grc'><strong>-</strong></span> <span class='ocrx_word' id='word_1_497' title='bbox 1245 4552 1287 4564; x_wconf 92' lang='lat'>—·</span> <span class='ocrx_word' id='word_1_498' title='bbox 1310 4551 1352 4563; x_wconf 87' lang='lat'>-·</span> <span class='ocrx_word' id='word_1_499' title='bbox 1899 4517 1934 4578; x_wconf 85' lang='lat' dir='ltr'>fr.</span> <span class='ocrx_word' id='word_1_500' title='bbox 1951 4520 2002 4578; x_wconf 86' lang='lat'>32.</span> <span class='ocrx_word' id='word_1_501' title='bbox 2019 4524 2036 4595; x_wconf 60' lang='grc' dir='ltr'><strong><em>ᾖ</em></strong></span> <span class='ocrx_word' id='word_1_502' title='bbox 2053 4521 2082 4579; x_wconf 90' lang='grc'><strong>6.</strong></span> 
     </span>
    </p>

    <p class='ocr_par' dir='ltr' id='par_1_21' title="bbox 249 4617 2082 5028">
     <span class='ocr_line' id='line_1_50' title="bbox 320 4617 2081 4706; baseline 0.001 -21"><span class='ocrx_word' id='word_1_503' title='bbox 320 4618 433 4694; x_wconf 75' lang='grc' dir='ltr'><strong><em>Οὕτως</em></strong></span> <span class='ocrx_word' id='word_1_504' title='bbox 448 4617 552 4684; x_wconf 85' lang='grc' dir='ltr'><strong><em>είπον·</em></strong></span> <span class='ocrx_word' id='word_1_505' title='bbox 568 4617 658 4695; x_wconf 80' lang='grc' dir='ltr'><strong><em>τοὺς</em></strong></span> <span class='ocrx_word' id='word_1_506' title='bbox 673 4624 864 4706; x_wconf 77' lang='grc' dir='ltr'><strong><em>γέροντας</em></strong></span> <span class='ocrx_word' id='word_1_507' title='bbox 878 4620 942 4686; x_wconf 78' lang='grc' dir='ltr'>καί</span> <span class='ocrx_word' id='word_1_508' title='bbox 963 4622 1151 4697; x_wconf 86' lang='grc' dir='ltr'><strong><em>ἀσθενεῖς</em></strong></span> <span class='ocrx_word' id='word_1_509' title='bbox 1245 4623 1296 4685; x_wconf 86' lang='lat' dir='ltr'>Sic</span> <span class='ocrx_word' id='word_1_510' title='bbox 1318 4623 1394 4685; x_wconf 83' lang='lat' dir='ltr'>dixi:</span> <span class='ocrx_word' id='word_1_511' title='bbox 1417 4643 1539 4698; x_wconf 85' lang='lat' dir='ltr'>„senes</span> <span class='ocrx_word' id='word_1_512' title='bbox 1562 4631 1598 4684; x_wconf 92' lang='lat' dir='ltr'>et</span> <span class='ocrx_word' id='word_1_513' title='bbox 1619 4623 1785 4686; x_wconf 79' lang='lat' dir='ltr'>infirmos</span> <span class='ocrx_word' id='word_1_514' title='bbox 1808 4623 1962 4686; x_wconf 89' lang='lat' dir='ltr'>libertos</span> <span class='ocrx_word' id='word_1_515' title='bbox 1984 4643 2081 4686; x_wconf 89' lang='lat' dir='ltr'>meos</span> 
     </span>
     <span class='ocr_line' id='line_1_51' title="bbox 249 4724 2081 4812; baseline 0.001 -21"><span class='ocrx_word' id='word_1_516' title='bbox 249 4751 322 4811; x_wconf 89' lang='grc' dir='ltr'>μου</span> <span class='ocrx_word' id='word_1_517' title='bbox 345 4727 635 4812; x_wconf 85' lang='grc' dir='ltr'><strong><em>ἀπελευθέρους</em></strong></span> <span class='ocrx_word' id='word_1_518' title='bbox 659 4732 696 4791; x_wconf 77' lang='grc' dir='ltr'>ἐν</span> <span class='ocrx_word' id='word_1_519' title='bbox 715 4737 798 4802; x_wconf 88' lang='grc' dir='ltr'><strong><em>τοῖς</em></strong></span> <span class='ocrx_word' id='word_1_520' title='bbox 817 4730 967 4809; x_wconf 91' lang='grc' dir='ltr'><strong><em>τόποις,</em></strong></span> <span class='ocrx_word' id='word_1_521' title='bbox 991 4724 1049 4803; x_wconf 72' lang='grc' dir='ltr'><strong><em>οἷς</em></strong></span> <span class='ocrx_word' id='word_1_522' title='bbox 1065 4728 1149 4810; x_wconf 76' lang='lat' dir='ltr'>elul,</span> <span class='ocrx_word' id='word_1_523' title='bbox 1178 4732 1214 4791; x_wconf 91' lang='lat' dir='ltr'>in</span> <span class='ocrx_word' id='word_1_524' title='bbox 1246 4729 1351 4803; x_wconf 89' lang='lat' dir='ltr'>locis,</span> <span class='ocrx_word' id='word_1_525' title='bbox 1382 4730 1445 4792; x_wconf 89' lang='lat' dir='ltr'>ubi</span> <span class='ocrx_word' id='word_1_526' title='bbox 1476 4740 1573 4803; x_wconf 87' lang='lat' dir='ltr'>eunt,</span> <span class='ocrx_word' id='word_1_527' title='bbox 1606 4728 1691 4792; x_wconf 88' lang='lat' dir='ltr'>volo</span> <span class='ocrx_word' id='word_1_528' title='bbox 1722 4739 1944 4792; x_wconf 86' lang='lat' dir='ltr'>senescere“:</span> <span class='ocrx_word' id='word_1_529' title='bbox 1982 4730 2081 4793; x_wconf 89' lang='lat' dir='ltr'>dicere</span> 
     </span>
     <span class='ocr_line' id='line_1_52' title="bbox 251 4833 2082 4920; baseline 0 -22"><span class='ocrx_word' id='word_1_530' title='bbox 251 4836 355 4898; x_wconf 88' lang='grc' dir='ltr'><strong><em>θέλω</em></strong></span> <span class='ocrx_word' id='word_1_531' title='bbox 392 4835 729 4918; x_wconf 87' lang='grc' dir='ltr'><strong><em>γηροκομεῑσθαι·</em></strong></span> <span class='ocrx_word' id='word_1_532' title='bbox 775 4834 864 4899; x_wconf 86' lang='grc' dir='ltr'><strong><em>δοκω</em></strong></span> <span class='ocrx_word' id='word_1_533' title='bbox 902 4835 1005 4917; x_wconf 85' lang='grc' dir='ltr'><strong><em>λέγειν</em></strong></span> <span class='ocrx_word' id='word_1_534' title='bbox 1045 4833 1151 4911; x_wconf 79' lang='grc' dir='ltr'><strong><em>οὕτως</em></strong></span> <span class='ocrx_word' id='word_1_535' title='bbox 1178 4837 1283 4900; x_wconf 87' lang='lat' dir='ltr'>videor</span> <span class='ocrx_word' id='word_1_536' title='bbox 1313 4857 1365 4899; x_wconf 91' lang='lat' dir='ltr'>eos</span> <span class='ocrx_word' id='word_1_537' title='bbox 1396 4838 1440 4898; x_wconf 88' lang='lat' dir='ltr'>ita</span> <span class='ocrx_word' id='word_1_538' title='bbox 1471 4838 1573 4899; x_wconf 89' lang='lat' dir='ltr'>vivere</span> <span class='ocrx_word' id='word_1_539' title='bbox 1605 4835 1752 4920; x_wconf 88' lang='lat' dir='ltr'>[debere],</span> <span class='ocrx_word' id='word_1_540' title='bbox 1784 4845 1819 4899; x_wconf 89' lang='lat' dir='ltr'>ut</span> <span class='ocrx_word' id='word_1_541' title='bbox 1849 4838 1881 4898; x_wconf 91' lang='lat' dir='ltr'>in</span> <span class='ocrx_word' id='word_1_542' title='bbox 1912 4838 1976 4899; x_wconf 88' lang='lat' dir='ltr'>vita</span> <span class='ocrx_word' id='word_1_543' title='bbox 2013 4857 2082 4899; x_wconf 89' lang='lat' dir='ltr'>mea</span> 
     </span>
     <span class='ocr_line' id='line_1_53' title="bbox 250 4938 2080 5028; baseline 0.001 -23"><span class='ocrx_word' id='word_1_544' title='bbox 250 4938 371 5016; x_wconf 80' lang='grc' dir='ltr'><strong><em>αὐτοὺς</em></strong></span> <span class='ocrx_word' id='word_1_545' title='bbox 394 4940 520 5021; x_wconf 88' lang='grc' dir='ltr'><strong><em>διάγειν</em></strong></span> <span class='ocrx_word' id='word_1_546' title='bbox 542 4943 586 5014; x_wconf 86' lang='grc' dir='ltr'><strong><em>ὡς</em></strong></span> <span class='ocrx_word' id='word_1_547' title='bbox 604 4945 638 5004; x_wconf 76' lang='grc' dir='ltr'>ἐν</span> <span class='ocrx_word' id='word_1_548' title='bbox 656 4943 723 5028; x_wconf 83' lang='grc' dir='ltr'>ζωῇ</span> <span class='ocrx_word' id='word_1_549' title='bbox 740 4963 804 5024; x_wconf 89' lang='grc' dir='ltr'>μου</span> <span class='ocrx_word' id='word_1_550' title='bbox 823 4941 945 5023; x_wconf 81' lang='grc' dir='ltr'><strong><em>διῆγον.</em></strong></span> <span class='ocrx_word' id='word_1_551' title='bbox 983 4943 1019 5009; x_wconf 85' lang='lat' dir='ltr'>fr.</span> <span class='ocrx_word' id='word_1_552' title='bbox 1031 4948 1081 5007; x_wconf 86' lang='lat'>33.</span> <span class='ocrx_word' id='word_1_553' title='bbox 1093 4951 1109 5022; x_wconf 69' lang='grc' dir='ltr'><strong>ξ</strong></span> <span class='ocrx_word' id='word_1_554' title='bbox 1122 4948 1150 5007; x_wconf 91' lang='grc'><strong>2.</strong></span> <span class='ocrx_word' id='word_1_555' title='bbox 1177 4944 1330 5008; x_wconf 80' lang='lat' dir='ltr'>vivebant</span> <span class='ocrx_word' id='word_1_556' title='bbox 1895 4942 1931 5004; x_wconf 81' lang='lat' dir='ltr'>fr.</span> <span class='ocrx_word' id='word_1_557' title='bbox 1948 4947 2000 5007; x_wconf 82' lang='lat'>33.</span> <span class='ocrx_word' id='word_1_558' title='bbox 2016 4950 2033 5021; x_wconf 64' lang='grc' dir='ltr'><strong>ἕ</strong></span> <span class='ocrx_word' id='word_1_559' title='bbox 2051 4947 2080 5006; x_wconf 92' lang='grc'><strong>2.</strong></span> 
     </span>
    </p>
   </div>
   <div class='ocr_carea' id='block_1_16' title="bbox 452 5118 1868 5351">
    <p class='ocr_par' dir='ltr' id='par_1_22' title="bbox 452 5118 1868 5351">
     <span class='ocr_line' id='line_1_54' title="bbox 490 5118 1868 5223; baseline 0.002 -18"><span class='ocrx_word' id='word_1_560' title='bbox 490 5118 609 5207; x_wconf 76' lang='lat' dir='ltr'>umor</span> <span class='ocrx_word' id='word_1_561' title='bbox 627 5152 672 5221; x_wconf 85' lang='lat'>2¹,</span> <span class='ocrx_word' id='word_1_562' title='bbox 692 5153 824 5208; x_wconf 71' lang='lat' dir='ltr'>eleuet</span> <span class='ocrx_word' id='word_1_563' title='bbox 841 5155 906 5207; x_wconf 77' lang='lat' dir='ltr'>rur</span> <span class='ocrx_word' id='word_1_564' title='bbox 1379 5153 1546 5212; x_wconf 72' lang='lat' dir='ltr'>munus</span> <span class='ocrx_word' id='word_1_565' title='bbox 1563 5154 1632 5223; x_wconf 84' lang='lat' dir='ltr'>vn,</span> <span class='ocrx_word' id='word_1_566' title='bbox 1650 5152 1755 5208; x_wconf 81' lang='lat' dir='ltr'>mum</span> <span class='ocrx_word' id='word_1_567' title='bbox 1773 5153 1868 5208; x_wconf 81' lang='lat' dir='ltr'>xmv</span> 
     </span>
     <span class='ocr_line' id='line_1_55' title="bbox 452 5277 1760 5351; baseline 0.003 -21"><span class='ocrx_word' id='word_1_568' title='bbox 452 5281 515 5350; x_wconf 74' lang='grc' dir='ltr'><strong><em>περὶ</em></strong></span> <span class='ocrx_word' id='word_1_569' title='bbox 532 5277 643 5349; x_wconf 84' lang='grc' dir='ltr'><strong><em>προικὸς</em></strong></span> <span class='ocrx_word' id='word_1_570' title='bbox 660 5277 938 5351; x_wconf 79' lang='grc' dir='ltr'><strong><em>ἀντιληγατευθελοης.</em></strong></span> <span class='ocrx_word' id='word_1_571' title='bbox 1495 5279 1530 5333; x_wconf 93' lang='lat' dir='ltr'>de</span> <span class='ocrx_word' id='word_1_572' title='bbox 1547 5278 1612 5334; x_wconf 85' lang='lat' dir='ltr'>dete</span> <span class='ocrx_word' id='word_1_573' title='bbox 1629 5279 1760 5350; x_wconf 71' lang='lat' dir='ltr'>relegata</span> 
     </span>
    </p>
   </div>
   <div class='ocr_carea' id='block_1_17' title="bbox 176 5401 2078 5490">
    <p class='ocr_par' dir='ltr' id='par_1_23' title="bbox 176 5401 2078 5490">
     <span class='ocr_line' id='line_1_56' title="bbox 176 5401 2078 5490; baseline -0.002 -19"><span class='ocrx_word' id='word_1_574' title='bbox 176 5421 210 5471; x_wconf 79' lang='grc' dir='ltr'>α’.</span> <span class='ocrx_word' id='word_1_575' title='bbox 320 5404 374 5485; x_wconf 78' lang='grc' dir='ltr'>Τῷ</span> <span class='ocrx_word' id='word_1_576' title='bbox 389 5403 523 5485; x_wconf 82' lang='grc' dir='ltr'><strong><em>ληγάτῳ</em></strong></span> <span class='ocrx_word' id='word_1_577' title='bbox 539 5414 597 5480; x_wconf 80' lang='grc' dir='ltr'>τῆς</span> <span class='ocrx_word' id='word_1_578' title='bbox 611 5401 749 5490; x_wconf 87' lang='grc' dir='ltr'><strong><em>προικὸς</em></strong></span> <span class='ocrx_word' id='word_1_579' title='bbox 764 5403 871 5468; x_wconf 76' lang='grc' dir='ltr'><strong><em>ἐκεῖνα</em></strong></span> <span class='ocrx_word' id='word_1_580' title='bbox 886 5408 1067 5489; x_wconf 85' lang='grc' dir='ltr'><strong><em>περιέχεται</em></strong></span> <span class='ocrx_word' id='word_1_581' title='bbox 1084 5402 1151 5469; x_wconf 84' lang='grc' dir='ltr'><strong><em>ὅσα</em></strong></span> <span class='ocrx_word' id='word_1_582' title='bbox 1243 5407 1361 5487; x_wconf 82' lang='lat' dir='ltr'>Legata</span> <span class='ocrx_word' id='word_1_583' title='bbox 1384 5406 1462 5468; x_wconf 85' lang='lat' dir='ltr'>dotis</span> <span class='ocrx_word' id='word_1_584' title='bbox 1485 5426 1522 5468; x_wconf 86' lang='lat' dir='ltr'>ea</span> <span class='ocrx_word' id='word_1_585' title='bbox 1544 5406 1735 5468; x_wconf 88' lang='lat' dir='ltr'>continentur</span> <span class='ocrx_word' id='word_1_586' title='bbox 1756 5427 1836 5488; x_wconf 86' lang='lat' dir='ltr'>qnae</span> <span class='ocrx_word' id='word_1_587' title='bbox 1858 5406 1936 5469; x_wconf 86' lang='lat' dir='ltr'>dotis</span> <span class='ocrx_word' id='word_1_588' title='bbox 1954 5408 2078 5470; x_wconf 90' lang='lat' dir='ltr'>actione.</span> 
     </span>
    </p>
   </div>
   <div class='ocr_carea' id='block_1_18' title="bbox 248 5506 2078 5811">
    <p class='ocr_par' dir='ltr' id='par_1_24' title="bbox 248 5506 2078 5811">
     <span class='ocr_line' id='line_1_57' title="bbox 249 5506 2078 5599; baseline 0.001 -26"><span class='ocrx_word' id='word_1_589' title='bbox 249 5514 289 5596; x_wconf 82' lang='grc' dir='ltr'><strong><em>τῇ</em></strong></span> <span class='ocrx_word' id='word_1_590' title='bbox 305 5509 378 5595; x_wconf 76' lang='grc' dir='ltr'><strong><em>περὶ</em></strong></span> <span class='ocrx_word' id='word_1_591' title='bbox 394 5520 452 5587; x_wconf 82' lang='grc' dir='ltr'>τῆς</span> <span class='ocrx_word' id='word_1_592' title='bbox 468 5506 605 5595; x_wconf 84' lang='grc' dir='ltr'><strong><em>προικός</em></strong></span> <span class='ocrx_word' id='word_1_593' title='bbox 621 5513 744 5599; x_wconf 80' lang='grc' dir='ltr'><strong><em>ἀγωγῇ.</em></strong></span> <span class='ocrx_word' id='word_1_594' title='bbox 762 5511 1149 5597; x_wconf 79' lang='lat' dir='ltr'>[fr.1pr.u.xxxn1,4]</span> <span class='ocrx_word' id='word_1_595' title='bbox 1179 5511 1228 5596; x_wconf 83' lang='lat' dir='ltr'>[fr.</span> <span class='ocrx_word' id='word_1_596' title='bbox 1247 5516 1263 5574; x_wconf 93' lang='lat' dir='ltr'>l</span> <span class='ocrx_word' id='word_1_597' title='bbox 1280 5535 1325 5594; x_wconf 90' lang='lat' dir='ltr'>pr.</span> <span class='ocrx_word' id='word_1_598' title='bbox 1335 5512 1374 5574; x_wconf 89' lang='lat' dir='ltr'>D.</span> <span class='ocrx_word' id='word_1_599' title='bbox 1384 5512 1546 5587; x_wconf 87' lang='lat' dir='ltr'>XXXIII,</span> <span class='ocrx_word' id='word_1_600' title='bbox 1555 5511 1590 5595; x_wconf 85' lang='lat'>4]</span> <span class='ocrx_word' id='word_1_601' title='bbox 1630 5513 1735 5590; x_wconf 77' lang='lat' dir='ltr'>Quare</span> <span class='ocrx_word' id='word_1_602' title='bbox 1756 5513 1782 5574; x_wconf 90' lang='lat' dir='ltr'>si</span> <span class='ocrx_word' id='word_1_603' title='bbox 1806 5514 2012 5588; x_wconf 87' lang='lat' dir='ltr'>conveniatur,</span> <span class='ocrx_word' id='word_1_604' title='bbox 2035 5522 2078 5587; x_wconf 77' lang='lat' dir='ltr'>ut,</span> 
     </span>
     <span class='ocr_line' id='line_1_58' title="bbox 249 5614 2078 5705; baseline 0.001 -26"><span class='ocrx_word' id='word_1_605' title='bbox 249 5614 335 5680; x_wconf 85' lang='grc' dir='ltr'><strong><em>ὅθεν</em></strong></span> <span class='ocrx_word' id='word_1_606' title='bbox 350 5614 408 5681; x_wconf 79' lang='grc' dir='ltr'>ὶάν</span> <span class='ocrx_word' id='word_1_607' title='bbox 431 5618 646 5705; x_wconf 82' lang='grc' dir='ltr'><strong><em>συμφωνηθῇ</em></strong></span> <span class='ocrx_word' id='word_1_608' title='bbox 668 5620 724 5682; x_wconf 76' lang='grc' dir='ltr'>ἵνα</span> <span class='ocrx_word' id='word_1_609' title='bbox 746 5628 807 5682; x_wconf 85' lang='grc' dir='ltr'><strong><em>τοῦ</em></strong></span> <span class='ocrx_word' id='word_1_610' title='bbox 829 5614 952 5702; x_wconf 86' lang='grc' dir='ltr'><strong><em>ἀνδρὸς</em></strong></span> <span class='ocrx_word' id='word_1_611' title='bbox 975 5616 1025 5682; x_wconf 79' lang='grc' dir='ltr'>ἐπὶ</span> <span class='ocrx_word' id='word_1_612' title='bbox 1048 5623 1149 5699; x_wconf 79' lang='grc' dir='ltr'><strong><em>κοινῷ</em></strong></span> <span class='ocrx_word' id='word_1_613' title='bbox 1176 5622 1242 5682; x_wconf 86' lang='lat' dir='ltr'>viro</span> <span class='ocrx_word' id='word_1_614' title='bbox 1252 5620 1404 5683; x_wconf 90' lang='lat' dir='ltr'>communi</span> <span class='ocrx_word' id='word_1_615' title='bbox 1412 5619 1473 5682; x_wconf 91' lang='lat' dir='ltr'>filio</span> <span class='ocrx_word' id='word_1_616' title='bbox 1485 5617 1617 5703; x_wconf 87' lang='lat' dir='ltr'>[relicto]</span> <span class='ocrx_word' id='word_1_617' title='bbox 1627 5620 1853 5701; x_wconf 89' lang='lat' dir='ltr'>praemoriente,</span> <span class='ocrx_word' id='word_1_618' title='bbox 1863 5628 1986 5683; x_wconf 84' lang='lat' dir='ltr'>maneat</span> <span class='ocrx_word' id='word_1_619' title='bbox 1995 5620 2078 5701; x_wconf 85' lang='lat' dir='ltr'>epud</span> 
     </span>
     <span class='ocr_line' id='line_1_59' title="bbox 248 5722 2077 5811; baseline 0 -23"><span class='ocrx_word' id='word_1_620' title='bbox 248 5723 341 5788; x_wconf 81' lang='grc' dir='ltr'><strong><em>παιδί</em></strong></span> <span class='ocrx_word' id='word_1_621' title='bbox 352 5724 734 5811; x_wconf 84' lang='grc' dir='ltr'><strong><em>προτελευτωντοςμείνῃ</em></strong></span> <span class='ocrx_word' id='word_1_622' title='bbox 744 5722 895 5811; x_wconf 80' lang='grc' dir='ltr'><strong><em>παράτῷ</em></strong></span> <span class='ocrx_word' id='word_1_623' title='bbox 904 5723 1001 5810; x_wconf 82' lang='grc' dir='ltr'><strong><em>ἀνδρί</em></strong></span> <span class='ocrx_word' id='word_1_624' title='bbox 1012 5728 1031 5803; x_wconf 85' lang='grc' dir='ltr'><em>ἡ</em></span> <span class='ocrx_word' id='word_1_625' title='bbox 1042 5725 1148 5811; x_wconf 78' lang='grc' dir='ltr'><strong><em>προίξ,</em></strong></span> <span class='ocrx_word' id='word_1_626' title='bbox 1176 5728 1232 5789; x_wconf 86' lang='lat' dir='ltr'>viri</span> <span class='ocrx_word' id='word_1_627' title='bbox 1254 5727 1415 5808; x_wconf 88' lang='lat' dir='ltr'>(heredem)</span> <span class='ocrx_word' id='word_1_628' title='bbox 1433 5727 1495 5800; x_wconf 92' lang='lat' dir='ltr'>dos,</span> <span class='ocrx_word' id='word_1_629' title='bbox 1518 5727 1664 5806; x_wconf 90' lang='lat' dir='ltr'>quoniam</span> <span class='ocrx_word' id='word_1_630' title='bbox 1682 5726 1789 5789; x_wconf 83' lang='lat' dir='ltr'>inutile</span> <span class='ocrx_word' id='word_1_631' title='bbox 1807 5737 1854 5790; x_wconf 89' lang='lat' dir='ltr'>est</span> <span class='ocrx_word' id='word_1_632' title='bbox 1871 5735 1994 5808; x_wconf 82' lang='lat' dir='ltr'>pactum</span> <span class='ocrx_word' id='word_1_633' title='bbox 2009 5747 2077 5789; x_wconf 92' lang='lat' dir='ltr'>oon·</span> 
     </span>
    </p>
   </div>
   <div class='ocr_carea' id='block_1_19' title="bbox 248 5852 460 5860">
    <p class='ocr_par' dir='ltr' id='par_1_25' title="bbox 248 5852 460 5860">
     <span class='ocr_line' id='line_1_60' title="bbox 248 5852 460 5860; baseline -0.005 0"><span class='ocrx_word' id='word_1_634' title='bbox 248 5852 460 5860; x_wconf 73' lang='lat' dir='ltr'>—n——</span> 
     </span>
    </p>
   </div>
   <div class='ocr_carea' id='block_1_20' title="bbox 311 5899 1853 6044">
    <p class='ocr_par' dir='ltr' id='par_1_26' title="bbox 311 5899 1853 6044">
     <span class='ocr_line' id='line_1_61' title="bbox 320 5899 1825 5971; baseline -0.005 -15"><span class='ocrx_word' id='word_1_635' title='bbox 320 5902 328 5932; x_wconf 91' lang='lat'><strong>¹</strong></span> <span class='ocrx_word' id='word_1_636' title='bbox 347 5901 433 5956; x_wconf 87' lang='lat' dir='ltr'>habet</span> <span class='ocrx_word' id='word_1_637' title='bbox 450 5899 515 5971; x_wconf 84' lang='lat' dir='ltr'>Syn.</span> <span class='ocrx_word' id='word_1_638' title='bbox 1822 5944 1825 5949; x_wconf 88' lang='grc'><strong><em>,</em></strong></span> 
     </span>
     <span class='ocr_line' id='line_1_62' title="bbox 311 5997 1853 6044; baseline 0.003 -5"><span class='ocrx_word' id='word_1_639' title='bbox 311 5998 378 6041; x_wconf 66' lang='lat' dir='ltr'>Ball.</span> <span class='ocrx_word' id='word_1_640' title='bbox 401 6000 427 6040; x_wconf 81' lang='grc' dir='ltr'><strong>Τ.</strong></span> <span class='ocrx_word' id='word_1_641' title='bbox 438 5999 490 6040; x_wconf 87' lang='lat' dir='ltr'>vn.</span> <span class='ocrx_word' id='word_1_642' title='bbox 1823 5997 1853 6044; x_wconf 93' lang='lat' dir='ltr'>ll</span> 
     </span>
    </p>
   </div>
   <div class='ocr_carea' id='block_1_21' title="bbox 2111 973 2269 1101">
    <p class='ocr_par' dir='ltr' id='par_1_27' title="bbox 2111 973 2269 1101">
     <span class='ocr_line' id='line_1_63' title="bbox 2111 973 2269 1043; baseline 0.006 -15"><span class='ocrx_word' id='word_1_643' title='bbox 2111 973 2184 1028; x_wconf 84' lang='grc' dir='ltr'><strong><em>ιεε.</em></strong></span> <span class='ocrx_word' id='word_1_644' title='bbox 2206 974 2269 1043; x_wconf 73' lang='grc' dir='ltr'>οη.</span> 
     </span>
     <span class='ocr_line' id='line_1_64' title="bbox 2159 1049 2207 1101; baseline 0.021 -1"><span class='ocrx_word' id='word_1_645' title='bbox 2159 1049 2207 1101; x_wconf 82' lang='grc' dir='ltr'>ιι</span> 
     </span>
    </p>
   </div>
   <div class='ocr_carea' id='block_1_22' title="bbox 0 0 2426 7018">
    <p class='ocr_par' dir='ltr' id='par_1_28' title="bbox 0 0 2426 7018">
     <span class='ocr_line' id='line_1_65' title="bbox 0 0 2426 7018; baseline 0 0"><span class='ocrx_word' id='word_1_646' title='bbox 0 0 2426 7018; x_wconf 95' lang='lat' dir='ltr'> </span> 
     </span>
    </p>
   </div>
  </div>
 </body>
</html>
