4842 7018
853 443 1008 526 MBER
1029 443 1168 525 XXXV.
1212 447 1303 525 mr.
1325 443 1416 525 rut.
2011 440 2053 521 59‘

224 638 443 724 ρονομούντα,
483 630 544 705 ούκ
575 631 798 723 ἀναγκάζεται
835 652 905 715 τοῖς
937 641 1126 714 δανεισταῖς
1152 642 1299 705 adversus
1327 640 1488 703 creditores
1515 659 1547 702 se
1574 626 1746 712 defendere3
1779 646 1850 700 nem
1877 658 1947 701 cum
1973 638 2054 699 filius

224 748 524 830 ἀπολογήσασθαι·
549 746 633 813 ὅταν
655 747 756 832 γάρό
777 744 846 822 vide
862 748 1050 835 ἀφίσταται
1067 758 1126 824 τής
1153 749 1305 812 abstineat
1326 748 1501 822 hereditate,
1523 746 1628 809 ecdem
1650 748 1717 808 iure
1738 745 1832 809 hebet
1847 754 1938 826 atque
1952 765 2054 807 emen·

223 855 453 939 κληρονομίας,
478 852 522 919 τὰ
541 852 629 920 αύτά
647 854 762 919 δίκαια
777 859 842 933 έγει
859 859 906 937 τῷ
923 856 1125 937 αύτεξονσίφ
1153 858 1271 939 cipetus
1295 857 1346 936 qui
1364 854 1512 937 repudiet.
1550 853 1583 916 Si
1598 873 1669 916 vero
1684 852 1861 916 nominatim
1876 852 1939 914 iilic
1955 852 2054 914 iussus

224 964 485 1045 παραιτουμένῳ.
505 966 532 1025 ελ
549 961 583 1025 δέ
598 984 649 1036 τις
664 963 803 1045 ὀνόματι
814 966 861 1044 τῷ
876 964 936 1044 vini
946 961 1126 1038 ἐκελεύσθη
1154 963 1194 1025 sit
1218 961 1403 1046 [statuliber]
1425 970 1580 1043 praestare
1603 970 1633 1022 et
1654 981 1715 1022 non
1737 959 1854 1035 heredi,
1881 959 1928 1021 ilii
1954 959 2055 1021 dendo

224 1076 411 1152 παρασχεῖν
440 1066 497 1133 καλ
527 1067 570 1151 μή
603 1070 861 1150 κληρονομοῦντι
893 1069 984 1150 αύτῷ
1015 1063 1126 1141 διδοὺς
1153 1069 1359 1132 condicionem
1381 1068 1499 1149 implet3
1522 1076 1596 1129 tunc
1613 1067 1734 1130 videtur
1749 1088 1805 1149 prc
1819 1067 1930 1129 herede
1944 1087 2054 1146 gerere,

224 1175 347 1259 πληροῖ
373 1173 433 1253 τήν
464 1174 601 1260 αἵρεσιν,
630 1177 706 1239 τότε
734 1176 827 1239 δοκεῖ
853 1177 1041 1258 έγγειρίζειν
1068 1173 1127 1251 τήν
1154 1197 1223 1239 cum
1238 1176 1358 1239 nonnisi
1377 1174 1467 1237 sicuti
1486 1174 1573 1236 heres
1592 1175 1728 1256 accipere
1746 1175 1853 1255 potuit.
1894 1173 2054 1249 feruet.

223 1283 455 1366 κληρονομίαν,
483 1279 538 1346 ὅτε
561 1286 588 1347 εὶ
610 1281 653 1365 μή
677 1285 721 1357 ὡς
742 1283 948 1367 κληρονόμος
970 1283 1031 1346 οὐκ
1053 1281 1127 1359 ήδύ-

224 1411 307 1453 νατο
330 1388 453 1473 λαβεῖν.
472 1436 476 1445 .
944 1389 979 1453 fr.
997 1391 1047 1452 20.
1064 1396 1080 1467 5
1097 1392 1126 1451 4.

288 1494 321 1560 Ὀ
343 1494 607 1580 παραιτούμενος
632 1497 756 1579 κλήρου
783 1496 802 1573 ή
830 1496 977 1577 ληγοίτον
1004 1495 1125 1581 ὀφείλει
1221 1497 1285 1575 Qui
1307 1495 1449 1577 repudiet
1463 1495 1661 1559 hereditatem
1676 1496 1847 1576 legetumve
1861 1494 1952 1558 dehet
1967 1515 2055 1557 suum

225 1598 264 1665 τό
288 1606 408 1666 οἰκεῖον
431 1602 549 1666 εἰδέναι
573 1602 711 1667 δίκαιον.
1022 1603 1058 1664 ir.
1076 1606 1126 1665 23.
1154 1624 1241 1666 nosse
1262 1604 1318 1667 ius.
1951 1602 1987 1664 fr.
2004 1605 2055 1664 23.

289 1706 363 1773 'Echo
395 1707 460 1793 πρὸ
492 1717 554 1773 τοῦ
583 1711 830 1795 κληρονομῆσαι
861 1710 1075 1795 μεταμεληθῇ
1107 1711 1126 1771 δ
1220 1710 1254 1773 si
1281 1718 1353 1772 ente
1379 1709 1543 1772 editionem
1570 1709 1753 1791 poenituerit
1780 1729 1850 1772 eum
1877 1710 1928 1789 qui
1959 1709 2055 1785 iussit,

224 1814 388 1897 κελεύσας,
412 1816 473 1879 ούκ
492 1819 636 1902 ἔρρωται
655 1819 675 1893 ή
694 1817 919 1896 ύπεισέλευσις,
944 1814 1053 1900 ὥσπερ
1069 1813 1126 1879 καλ
1153 1838 1215 1879 non
1238 1817 1323 1880 velet
1344 1816 1452 1890 editic;
1480 1816 1569 1879 sicuti
1591 1826 1622 1879 et
1644 1817 1670 1879 si
1698 1826 1863 1897 antequam
1887 1816 1995 1878 adierit
2023 1836 2055 1878 se

225 1920 283 1986 ἐάν
305 1921 383 2008 πρὶν
406 1921 426 1999 ή
448 1923 680 2009 κληρονομήση
699 1924 746 2005 op
769 1921 906 2001 ἑαυτήν1
925 1928 970 1997 είς
990 1924 1089 1986 θέσιν
1108 1924 1127 1985 ό
1153 1924 1186 1985 in
1208 1924 1402 2005 adoptionem
1424 1924 1540 1987 dederit
1561 1932 1656 2006 peter,
1684 1924 1842 2004 adquirere
1864 1943 1926 1985 non
1947 1931 2055 2004 potest

225 2014 301 2113 ντηρ,
324 2030 364 2093 ού
387 2027 526 2094 δύναται
551 2032 788 2115 προςπορίζειν.
830 2030 867 2093 ir.
885 2034 935 2093 25.
953 2036 969 2108 5
988 2033 1126 2093 14-15.
1760 2030 1795 2092 fr.
1813 2033 1863 2092 25.
1881 2036 1897 2107 ξ
1917 2029 2054 2092 14-15.

143 2161 188 2214 μ,
290 2133 364 2201 Ἐὰν
391 2134 474 2218 μετά
500 2146 562 2201 τοῦ
588 2136 709 2202 δούλου
735 2160 798 2220 μου
826 2136 845 2214 ή
872 2145 934 2199 τοῦ
961 2138 1034 2200 υἱοῦ
1063 2158 1127 2217 μου
1221 2137 1255 2200 si
1277 2159 1346 2200 cum
1369 2158 1454 2201 servo
1477 2159 1543 2201 meo
1565 2138 1667 2200 filiove
1688 2158 1755 2200 mec
1778 2137 1893 2201 scribsr
1918 2136 2004 2198 heres
2026 2144 2057 2199 et

225 2254 349 2331 γραφω
377 2244 582 2328 κληρονόμος
609 2242 667 2308 καί
689 2243 829 2308 κελεύσω
857 2244 948 2324 αύτῷ
970 2243 1127 2327 κληρονο-
1154 2244 1276 2308 iubeam
1290 2265 1360 2307 eum
1376 2245 1466 2320 edire
1482 2245 1521 2307 fio
1536 2254 1567 2307 et
1582 2265 1621 2306 ex
1635 2252 1723 2325 perte
1737 2264 1806 2306 mee
1820 2243 1912 2306 heres.
1957 2243 1993 2305 fr.
2005 2246 2055 2305 26.

225 2360 337 2433 μήσαι,
365 2352 498 2432 γίνομαι
525 2350 583 2415 καὶ
611 2355 647 2414 ἐκ
674 2359 736 2415 τοῦ
761 2355 841 2432 ἐμοῦ
866 2353 984 2435 μέρους
1010 2349 1127 2433 κληρο-

226 2458 338 2538 νόμοςε
355 2494 397 2503 -
1022 2456 1058 2518 fr.
1076 2459 1126 2518 26.

289 2562 321 2628 Ὁ
344 2565 542 2644 ἐπιζητήσας
569 2564 649 2628 ἰδεῖν
670 2560 715 2628 rt
739 2563 949 2645 δικαιώματα
972 2573 1030 2638 τής
1052 2563 1126 2640 κλη·
1221 2564 1284 2643 Qui
1307 2565 1425 2646 quaerit
1450 2565 1552 2628 videre
1579 2564 1779 2627 instrumento
1806 2564 1994 2640 hereditatis,
2021 2575 2057 2628 ut

227 2671 385 2753 perculere
408 2671 461 2758 ἐφ’
486 2662 513 2753 ᾦ
535 2669 786 2755 βονλεύεσθαι,’
808 2675 835 2734 εἰ
858 2673 1015 2755 συμφέρει
1035 2669 1126 2750 αὐτῷ
1154 2671 1311 2734 consulere
1340 2672 1450 2753 possit,
1478 2672 1574 2734 sibine
1602 2671 1737 2734 conferat
1763 2671 1847 2734 edire
1874 2681 1905 2733 et
1931 2672 2055 2753 impedi·

224 2777 471 2861 κληρονομῆσαι
494 2776 550 2841 καὶ
569 2776 758 2852 κωλυσθελς
780 2775 844 2840 ὑπὸ
863 2785 925 2840 τοῦ
947 2777 1127 2860 συγκληρο·
1154 2787 1205 2840 tur
1227 2800 1246 2841 ε
1268 2798 1323 2841 cuo
1345 2780 1490 2841 coherede
1512 2799 1574 2840 non
1595 2779 1716 2840 videtur
1738 2798 1792 2859 pro
1816 2779 1923 2842 herede
1944 2799 2055 2859 gerere.

224 2886 327 2967 νόμον
355 2885 460 2949 αὐτοῦ
486 2885 526 2948 ού
553 2884 647 2949 δοκεῖ
674 2884 859 2969 ἐγχειρίζειν
887 2882 947 2961 τήν
973 2883 1127 2967 κληρονο
1952 2885 1988 2948 fr.
2005 2889 2055 2949 29.

223 2992 314 3073 μίανι
332 3028 374 3039 -
1021 2991 1058 3052 fr.
1076 2994 1126 3053 29.

288 3097 320 3163 Ὁ
343 3095 536 3180 ὑπεξούσιος
557 3095 622 3162 κάν
645 3099 886 3180 πεπλανημένος
909 3094 1127 3182 ύπολαμβάνη
1221 3100 1319 3163 Heres
1342 3120 1415 3163 suus
1438 3101 1490 3182 qui
1511 3120 1565 3181 per
1586 3120 1714 3162 errorem
1737 3108 1828 3182 putet
1850 3099 2001 3181 quendam
2024 3101 2056 3160 in

223 3202 300 3269 τινά
321 3206 584 3293 κυοφορεῖσθαι,
608 3206 642 3289 ἐξ
661 3205 844 3289 ὁλοκλήρου
866 3205 991 3286 γίνεται
1010 3204 1126 3287 κληρο-
1154 3215 1240 3268 utero
1266 3207 1342 3286 geri,
1369 3208 1402 3268 in
1424 3207 1553 3269 solidum
1580 3206 1666 3268 heres
1693 3207 1740 3281 fit;
1768 3208 1848 3288 quod
1875 3208 1901 3270 si
1923 3228 2002 3268 unus
2024 3208 2057 3268 in

224 3314 336 3395 νόμος·
359 3315 386 3375 εὶ
405 3311 439 3375 δέ
458 3307 502 3386 εἷς
520 3316 753 3395 ἐγκυμονεῖται,
778 3315 822 3385 εἰς
841 3308 880 3374 τό
896 3307 996 3392 ήμισν
1009 3310 1126 3395 κληρο-
1155 3322 1239 3376 utero
1264 3314 1386 3393 geritur,
1418 3335 1457 3376 ex
1484 3314 1606 3376 semisse
1632 3314 1719 3377 heres
1746 3314 1792 3389 fit,
1825 3315 1969 3396 quonism
1996 3335 2057 3376 non

223 3428 322 3500 νομεῖ,
355 3417 462 3495 ἐπειδή
501 3420 608 3483 ούκέτι
647 3418 788 3483 δύναται
825 3421 844 3495 ή
883 3417 985 3504 φύσις
1021 3421 1054 3480 έν
1087 3419 1127 3502 τῇ
1154 3429 1253 3503 potest
1275 3429 1387 3483 ustura
1408 3422 1440 3481 in
1463 3430 1547 3482 utero
1570 3420 1699 3482 alterum
1721 3421 1858 3496 formare,
1881 3421 2056 3502 praesertim

223 3524 345 3611 γαστρὶ
361 3530 473 3612 έτερον
481 3536 662 3613 μορφωσαι
672 3524 730 3589 καὶ
745 3526 892 3607 μάλιστα
904 3521 990 3613 μετὰ
1002 3525 1128 3609 χρόνον
1154 3537 1224 3609 post
1245 3528 1448 3609 conceptionis
1470 3537 1599 3608 tempus.
1874 3528 1910 3589 fr.
1927 3527 1978 3590 30.
1993 3533 2010 3604 5
2027 3531 2055 3589 6.

225 3643 282 3709 τής
305 3633 510 3719 συλλήψεωςε
530 3670 567 3679 -
944 3632 980 3693 fr.
997 3633 1047 3694 30.
1065 3636 1080 3706 5
1099 3634 1126 3693 6.

138 3744 187 3818 νγ).
290 3740 330 3802 Εἰ
353 3738 410 3803 καλ
434 3740 561 3820 λέγεται
584 3742 604 3816 ή
627 3739 778 3816 διαθήκη
802 3740 926 3823 ἄκυρος
953 3736 973 3815 h
997 3735 1126 3813 πλαστὴ
1220 3741 1289 3804 Etsi
1321 3743 1440 3804 dicchrr
1469 3741 1594 3802 inritum
1626 3750 1680 3803 sut
1711 3740 1823 3804 falsum
1851 3750 1906 3804 sut
1932 3749 2069 3822 ruptum

225 3846 244 3923 ή
272 3846 453 3930 ῥηγνυμένη
481 3843 544 3929 ἐγὼ
568 3846 601 3909 δέ
625 3841 702 3910 οἶδα
724 3845 767 3928 μή
790 3841 872 3909 εἶναι
895 3853 1006 3923 τοῦτο,
1031 3840 1126 3905 δύνει·
1154 3868 1219 3911 esse
1241 3857 1463 3922 testamentum,
1486 3869 1541 3930 ego
1556 3869 1628 3911 vero
1644 3848 1736 3910 sciem
1753 3849 1784 3910 id
1799 3869 1860 3910 non
1875 3868 1949 3923 esse,
1972 3848 2057 3910 edire

223 3976 282 4035 μαι
305 3954 532 4038 κληρονομεῖν
550 3991 590 4000 -
941 3951 977 4013 fr.
994 3952 1045 4012 30.
1062 3955 1078 4024 5
1097 3952 1125 4010 8.
1153 3976 1286 4036 possum.
1873 3955 1908 4016 fr.
1926 3956 1976 4016 30.
1993 3960 2009 4032 ς
2027 3958 2056 4018 8.

242 4069 245 4077 '
292 4059 359 4124 Δύο
383 4060 510 4124 παίδων
533 4063 731 4147 γραφέντων
757 4058 815 4123 καὶ
843 4067 904 4122 τοῦ
931 4055 1002 4130 ἐνὸς
1023 4054 1126 4119 κελεύ·
1220 4061 1349 4124 Duobus
1380 4060 1450 4123 filiis
1482 4062 1641 4137 institutis,
1679 4063 1705 4124 si
1737 4062 1813 4125 citer
1844 4062 1929 4124 iussu
1960 4061 2055 4142 petris

79 4169 124 4238 sol.
138 4175 186 4226 70¹.
224 4189 271 4230 σει
291 4176 353 4231 τοῦ
371 4153 436 4252 πῇ
455 4167 776 4252 κληρονομήσαντος,
793 4167 854 4230 ούκ
870 4168 968 4250 ἀρκεῖ
979 4160 1065 4226 ἀλλά
1081 4161 1130 4224 δει·
1155 4169 1276 4242 adierit,
1303 4190 1365 4232 non
1392 4168 1503 4231 suffieit
1526 4168 1578 4230 sed
1602 4178 1720 4250 oportet
1740 4179 1771 4232 et
1793 4169 1922 4231 alterum
1950 4167 2055 4230 iuberi.

223 4272 279 4337 καλ
303 4271 363 4337 τὸν
385 4278 498 4358 ἕτερον
519 4275 767 4359 ἐπιτρέπεσθαι.
827 4274 921 4336 fret.
933 4270 1127 4348 5211202.
1703 4275 1740 4337 fr.
1756 4278 1807 4338 35.
1824 4282 1840 4354 ς
1859 4279 1887 4338 2.
1902 4275 1942 4337 D.
1960 4279 2010 4350 29,
2027 4277 2055 4335 2.

286 4380 356 4466 Ἐφ’
383 4378 465 4444 ὅσον
488 4385 523 4444 ἐκ
546 4380 713 4458 διαθήκης
735 4379 1031 4464 κληρονομηθήναι
1054 4375 1128 4452 κλη·
1221 4381 1327 4445 Donec
1348 4403 1387 4445 ex
1409 4390 1588 4445 testamento
1611 4383 1688 4445 ediri
1710 4383 1862 4446 heredites
1884 4391 1993 4464 potest,
2016 4381 2056 4443 eb

224 4487 365 4570 ρονομία
379 4486 528 4567 δύναται,
543 4489 605 4566 οὐχ
619 4488 752 4572 ἁρμόζει
766 4487 801 4569 ἐξ
815 4485 1012 4550 ἀδιαθέτου.
1034 4483 1127 4545 039.
1155 4488 1298 4573 ἰοέεεεεεο
1321 4510 1381 4551 ncn
1404 4489 1544 4551 defertur.
1951 4489 1988 4551 fr.
2004 4491 2055 4551 39.

296 4594 364 4657 Τοῦ
391 4594 519 4678 ἀνήβου
550 4597 844 4678 παραιτησαμένου
875 4590 935 4669 τήν
967 4595 1128 4679 πατρῴαν
1221 4595 1344 4676 Pupillo
1371 4597 1527 4659 omittente
1553 4605 1713 4678 peternem
1744 4596 1955 4670 hereditatem,
1988 4596 2056 4659 sub·

222 4701 453 4785 κληρονομίαν,
471 4701 781 4774 όύποκατείστατος
797 4700 971 4765 αὑτοῦούκ
984 4706 1126 4780 ἐνέχεται
1155 4704 1278 4765 stitutus
1301 4723 1361 4763 non
1384 4711 1504 4765 tenetur
1524 4705 1659 4785 paternis
1682 4704 1887 4778 creditoribus,
1915 4704 2056 4784 quemvis

222 4817 293 4881 τοῖς
308 4808 477 4892 πατριβοις
500 4807 701 4887 δανεισταῖς,
724 4805 789 4870 κάν
811 4805 969 4882 κοινωνός
990 4804 1031 4886 ήν
1051 4811 1127 4874 ύπο-
1154 4809 1253 4872 socius
1274 4809 1366 4871 fuerit
1388 4809 1569 4874 substitutus
1583 4830 1681 4892 neque
1697 4812 1845 4892 acceperit
1865 4811 1959 4891 petris
1974 4809 2056 4872 here·

221 4911 397 4988 καταστάς
423 4913 480 4978 καὶ
503 4913 546 4996 μή
569 4913 770 4997 κατεδέξατο
794 4912 854 4991 τήν
881 4922 942 4978 τοῦ
967 4900 1031 5001 ip}
1053 4919 1127 4995 κλη·
1154 4915 1289 4978 ditntem.
1899 4916 1936 4979 fr.
1952 4922 1994 4981 42
2010 4940 2055 5002 pr.

223 5022 391 5105 ρονομίαν.
971 5024 1006 5085 ir.
1023 5027 1065 5087 42
1081 5046 1126 5106 pr.

138 5133 186 5207 λη’.
291 5127 434 5213 Ἀνήβου
460 5130 692 5216 ἀφισταμένου
724 5126 886 5211 πατρηέου
914 5130 1038 5211 κλήρου
1068 5130 1126 5195 καὶ
1219 5128 1360 5210 Pupillus
1389 5130 1415 5191 si
1446 5130 1625 5194 abstinuerit
1654 5141 1782 5214 peteme
1814 5133 1988 5209 hereditate,
2026 5122 2075 5196 et

222 5245 290 5298 των
322 5235 504 5300 δανειστῶν
535 5234 858 5319 ἐπιλαμβανομένων,
889 5239 973 5316 μένει
1004 5236 1127 5322 βέβαια
1153 5236 1316 5299 creditores
1342 5236 1424 5299 bons
1451 5240 1633 5320 acceperint,
1665 5249 1734 5301 rste
1760 5248 1887 5302 manent
1914 5261 1992 5321 qnae
2015 5241 2055 5303 sb

223 5338 267 5406 τά
290 5343 369 5427 παρ’
400 5343 506 5406 αὐτοῦ
533 5343 736 5426 πραχθέντα
762 5341 819 5406 καλ
847 5344 884 5406 αἱ
906 5344 1043 5427 πράσεις
1067 5345 1127 5407 οὐκ
1153 5363 1189 5405 eo
1224 5353 1310 5424 gesta
1346 5352 1419 5406 sunt
1450 5352 1481 5406 et
1512 5345 1701 5408 venditiones
1737 5367 1800 5408 non
1836 5347 2055 5423 rescinduntur,

224 5452 469 5534 ἀνατρέπονται
485 5446 549 5513 κάν
565 5451 693 5535 ἀπορός
708 5454 798 5512 ἐστιν
813 5451 832 5512 ό
849 5447 982 5533 ἄνηβος.
1022 5450 1058 5513 fr.
1074 5455 1126 5514 44.
1154 5451 1294 5530 quemvis
1316 5470 1377 5512 non
1401 5450 1544 5514 solvendo
1566 5452 1607 5514 sit
1628 5453 1773 5535 pupillus.
1951 5454 1986 5515 fr.
2003 5458 2054 5516 44.

286 5556 319 5622 Ὁ
356 5556 390 5619 δέ
427 5558 604 5620 κοινωνίαν
640 5556 890 5638 συστησάμενος
928 5558 1035 5641 πόρου
1068 5556 1125 5621 καὶ
1221 5556 1284 5634 Qui
1306 5556 1479 5620 societatem
1506 5558 1576 5620 iniit
1602 5570 1746 5640 qusestus
1773 5570 1804 5623 ct
1830 5561 2001 5642 compendii
2024 5561 2055 5623 id

223 5663 360 5748 κέρδους
387 5661 427 5728 τδ
455 5665 513 5745 μὲν
544 5660 611 5727 ἀπὸ
638 5664 794 5745 καμάτου
826 5663 932 5728 αὐτοῦ
958 5667 1049 5749 φέρει
1082 5668 1126 5738 εἰς
1153 5663 1235 5744 quod
1266 5684 1306 5725 ex
1336 5685 1427 5745 opere
1454 5686 1510 5727 sus
1542 5665 1707 5748 (adquisiit)
1739 5667 1798 5729 fert
1830 5668 1860 5729 in
1889 5688 2054 5741 commune,

225 5768 264 5835 τό
279 5770 401 5851 κοινόν,
425 5772 532 5834 οὐκέτι
550 5769 584 5834 δὲ
600 5769 656 5834 καλ
672 5771 904 5853 κληρονομίαν.
942 5772 978 5833 fr.
994 5776 1045 5834 45.
1062 5778 1079 5850 5
1097 5777 1125 5834 2.
1154 5791 1215 5832 non
1236 5791 1308 5833 vero
1331 5779 1362 5833 et
1383 5771 1589 5835 hereditatem.
1869 5775 1904 5837 ir.
1921 5781 1972 5839 45.
1990 5782 2006 5854 ς
2025 5780 2053 5838 2.

297 6001 306 6033 ¹
324 6001 341 6054 l.
362 5999 436 6055 -ὸν,
509 6001 520 6033 ¹
542 6002 673 6055 -λεσθαι
692 6001 753 6055 cod.
