4680 7114
279 410 526 479 COLLA'I'IO
549 410 690 477 LIBRI
712 408 1026 477 AMBROSIANI
1049 406 1140 474 cUM
1162 403 1408 472 EDI'HONE
1430 404 1831 473 HEIMBACHIANa
1908 408 1972 473 243

381 591 501 647 ΤΙΤΛΟ(
519 593 583 646 ΛΔ’.
603 591 734 647 ΒΙΒΛΙΟΥ
751 591 796 646 Ξ’.

410 717 445 772 ln
463 732 562 808 marg:
581 713 605 788 β.
623 716 676 787 μεθ’
695 701 717 771 ί.
737 714 770 788 β.

140 868 164 909 ο.
184 849 199 907 1
234 843 302 931 (α’).
325 843 405 927 χυυν)
426 809 587 925 δημδσιον
607 843 646 905 οὐ
660 852 745 907 κινεῖ
747 867 753 907 :
777 845 809 905 in
824 865 918 926 marg.
940 860 972 912 ÷
994 846 1042 926 έχ-

1070 591 1155 652 216
1188 586 1264 674 (νά).
1287 587 1371 650 Orux
1391 598 1423 663 1-
1444 588 1476 651 in
1492 589 1628 671 margine
1642 599 1765 652 externo
1780 636 1788 651 .
1806 636 1813 650 .
1831 637 1838 650 .
1855 587 1973 669 άναζη-

1228 698 1388 777 τουμένου
1410 694 1591 781 λαμβάνων
1612 696 1665 759 ὑπ.
1688 741 1719 758 ..
1742 698 1895 760 τουτέστι
1913 703 1975 759 τοῦ

1229 802 1366 887 κέρδους
1381 802 1415 885 ἐξ
1430 803 1537 866 αὐτοῦ
1551 850 1558 865 .
1574 849 1582 865 .
1599 802 1701 867 δικολ
1710 800 1770 867 τὸν
1785 803 1973 889 ὀφείλοντα.

298 952 416 1033 κλημα.
461 972 486 1014 ο.
503 955 522 1014 2
538 972 583 1032 pr.
608 961 675 1014 των
698 950 865 1035 πατριβων
885 949 943 1015 καὶ
966 975 994 1015 τ.
1010 974 1042 1034 μ.
1070 967 1095 1009 ο.
1114 950 1152 1009 17
1186 943 1262 1033 (ιζ).
1288 942 1340 1031 (In
1367 966 1462 1026 marg.
1484 944 1516 1031 β.
1539 946 1580 1008 θ’
1609 954 1670 1009 τοῦ
1696 907 1746 1008 νίν.
1774 927 1803 1007 ί.
1827 945 1859 1009 δ’
1892 948 1974 1028 quod

298 1083 322 1123 a.
341 1062 360 1122 3
376 1059 429 1141 (χ)
443 1080 488 1140 pr.
528 1057 560 1120 A
582 1053 621 1121 v¹'
642 1056 703 1135 τὴν
725 1060 849 1140 ἡμέραν
872 1057 906 1121 δέ
928 1080 1041 1124 novum

298 1169 355 1229 ino.
372 1167 487 1229 thema:
510 1167 592 1245 iung.
609 1171 626 1242 5
645 1169 672 1227 1.
694 1170 722 1227 3.
747 1163 798 1229 έπλ
820 1173 882 1228 τοῦ
896 1185 970 1229 κατ.
987 1212 995 1228 .
1011 1213 1041 1228 ..

1229 1060 1348 1134 spectat
1363 1052 1403 1114 ad
1417 1075 1443 1116 ο.
1463 1054 1524 1136 18).
1550 1051 1690 1130 Μηδένα
1712 1056 1746 1117 έν
1769 1050 1973 1139 δικαστηρίῳ

1230 1161 1431 1243 παραστέον.

299 1270 339 1337 δν
361 1274 492 1349 ἐποίησε
514 1293 601 1353 μοιχ.
646 1293 671 1335 ο.
690 1276 710 1335 4
726 1269 790 1358 (δ).
813 1276 840 1334 εί
862 1270 906 1354 μὴ
929 1271 999 1354 λδίμ
1022 1273 1042 1350 1)
1070 1287 1095 1329 ο.
1115 1270 1155 1328 18
1187 1264 1232 1353 (in
1249 1288 1342 1348 marg.
1364 1264 1416 1351 -Ι-)
1433 1288 1479 1348 pr.
1505 1268 1567 1342 51.
1591 1265 1816 1351 ὑπερτεθῆναι
1916 1264 1974 1330 καὶ

300 1381 382 1444 δάν.
426 1380 458 1443 Α
480 1375 519 1443 v¹¹
544 1377 627 1444 Οὔτε
655 1381 674 1442 ὁ
702 1377 752 1442 ἐπὶ
779 1400 893 1442 novum
916 1379 973 1443 inc.
998 1380 1040 1442 th.

300 1534 332 1551 ..
355 1491 400 1561 εἰς
422 1487 577 1567 κυνήγιον
604 1484 655 1549 ἐπὶ
684 1483 733 1549 τὸ.
778 1482 871 1550 Av¹¹
897 1484 979 1551 Οὔτε
1002 1484 1041 1551 τὸ

1229 1372 1410 1459 λαμβάνειν
1424 1381 1487 1436 τοῦ
1500 1373 1549 1449 ri).
1564 1394 1601 1461 φ.
1646 1373 1735 1453 Iung.
1754 1380 1770 1450 5
1791 1377 1820 1436 2.
1845 1372 1879 1437 δέ
1894 1372 1975 1456 μηδέ
2009 1377 2056 1447 (ολ
2072 1382 2141 1434 146'.

1230 1488 1300 1555 τοῖς
1323 1480 1533 1566 φυλάττουσι
1556 1527 1564 1543 .
1586 1526 1593 1541 .
1617 1480 1788 1565 σωτηρίαν
1809 1478 1915 1558 αὐτὴν
1937 1527 1974 1543 ..

298 1617 373 1658 κατ.
389 1616 502 1658 novum
517 1595 634 1656 thama:
653 1590 704 1656 ἐπὶ
720 1589 759 1656 τὸ
776 1639 784 1655 .
800 1638 807 1655 .
823 1591 843 1671 ἣ
859 1614 912 1679 πρ.
931 1592 996 1657 τινὶ
1012 1593 1041 1675 ῥ.
1069 1607 1095 1651 ο.
1114 1590 1154 1649 19
1187 1585 1277 1673 (ιδ’).
1306 1589 1404 1670 praeit
1424 1596 1471 1661 ÷·
1517 1610 1543 1650 ο·
1562 1589 1600 1649 21
1619 1584 1709 1673 (κοί)
1735 1587 1834 1669 praeit
1855 1596 1902 1661 4.
1947 1592 1974 1651 εὶ

298 1723 323 1765 0.
340 1706 368 1764 e.
394 1704 446 1778 ιι
471 1699 537 1786 (ι’).
583 1721 607 1763 0·
625 1703 644 1763 8
661 1697 730 1787 (ω.
758 1695 803 1764 τι
830 1698 974 1781 σασα
997 1699 1042 1787 (a

296 1830 390 1890 marg.
402 1808 604 1892 τουτ[έστιν]
616 1806 831 1889 ἐγκλήματα)
847 1807 879 1869 in
892 1828 987 1889 marg.
1003 1817 1035 1882 1-

1229 1693 1264 1757 aa
1290 1692 1334 1776 μὴ
1357 1704 1467 1758 ταῦτα
1489 1696 1622 1774 γένηται
1645 1739 1653 1756 .
1674 1739 1710 1756 ..
1739 1692 1819 1758 δέκα
1842 1702 1975 1776 χρυσοῦ

1228 1800 1363 1886 λιτρῶνε
1381 1839 1423 1848 -
1446 1810 1501 1863 aet.
1524 1822 1583 1864 om.

297 1914 366 1992 ..ἢ
390 1916 434 1988 ὡς
456 1917 610 1999 αλσχροκ.
626 1959 634 1975 .
650 1959 658 1974 .
673 1910 725 1977 ἐπὶ
747 1910 787 1977 τὸ
810 1925 1040 2000 κατηγορῆσαι
1069 1929 1095 1971 c.
1112 1911 1154 1970 22
1187 1905 1266 1994 (κβ)
1282 1929 1325 1989 pr.
1351 1918 1418 1971 τῶν
1432 1907 1572 1981 ταύταις
1586 1906 1676 1970 ίθτνυ.
1752 1902 1843 1971 κατά
1852 1908 1973 1971 τόπων.

295 2020 447 2095 καλοὶ..
485 2022 615 2101 Iunge.
634 2025 662 2084 9.
687 2017 743 2084 διά
759 2020 811 2084 ὑπ.
842 2021 973 2102 Iunge.
991 2026 1041 2085 10.

295 2151 321 2193 ο.
340 2133 390 2191 12.
419 2137 435 2207 5
455 2132 538 2191 1-2
556 2126 639 2214 (ια’).
670 2134 686 2205 5
704 2133 722 2191 3
739 2128 817 2208 (ιγ’).
862 2149 888 2190 ο.
908 2131 947 2191 15
968 2125 1040 2214 (ιε’).

296 2246 430 2312 κινῆσαι
452 2234 508 2300 καὶ
528 2232 568 2298 τὸ
587 2235 672 2316 έχκλ
709 2257 735 2298 ο.
754 2237 794 2298 16
811 2232 886 2319 (ις’).
910 2234 1041 2310 δικαίας

296 2344 439 2425 άτιμιάς.
462 2364 486 2405 ο.
506 2345 546 2404 17
563 2340 638 2428 (ιζ).
661 2363 687 2405 ο.
699 2346 738 2405 21
751 2340 839 2428 (κα).
866 2363 892 2405 ο.
903 2347 944 2405 22
955 2342 1040 2429 (κβ).

295 2473 321 2514 ο.
339 2453 379 2512 23
396 2450 482 2531 (aas).
507 2449 684 2535 άντεπάχη.
724 2471 750 2511 ο.
768 2454 810 2512 24
829 2448 915 2537 (κδ).
938 2451 1040 2536 έπίτρ.

295 2558 415 2620 αὐτῶν.
465 2577 490 2618 ο.
513 2559 553 2618 25
575 2555 659 2643 (κε).
686 2555 843 2638 έχχυητὴς
866 2603 874 2620 .
898 2603 906 2618 .
955 2557 1040 2621 Ante

295 2665 500 2749 ἐπεξέρχεται
523 2665 580 2725 ins.
597 2664 659 2726 οὐκ
677 2662 754 2747 [alia
768 2663 824 2748 m.]
848 2710 880 2726 ..
903 2664 1039 2747 διατάχ-

293 2793 375 2853 μασι
392 2817 399 2833 .
416 2817 423 2833 .
440 2817 447 2832 .
463 2771 727 2856 παραχενάμενοι
744 2817 751 2833 .
767 2817 775 2832 .
791 2817 798 2833 .
815 2770 1039 2854 δαπανήματα

295 2880 407 2943 πάντα
429 2882 510 2959 έπιχ.

129 3010 156 3051 ο.
177 2991 219 3051 26
252 2984 337 3073 (κζ).
369 2983 427 3050 καλ
458 2987 479 3063 ἡ
511 2983 591 3066 γυνὴ
702 2982 760 3049 ὲάν
787 2984 873 3049 ἴδιον
900 2997 1039 3072 πραχμα

294 3092 413 3179 έκδικῇ.

20 3205 92 3256 107'.
131 3225 156 3267 a.
176 3205 218 3265 29
257 3199 344 3288 (κη’).
371 3208 433 3264 τοῦ
451 3200 579 3283 χρόνον
602 3196 724 3263 τούτου
745 3198 789 3281 μὴ
804 3204 879 3288 κινῇ
897 3198 937 3265 τδ
952 3203 1037 3284 έχκλ.

129 3332 155 3374 ο.
175 3313 215 3373 31
250 3305 314 3395 (λ).
337 3329 433 3390 usque
455 3309 495 3370 ad
516 3329 545 3370 v.
570 3306 727 3388 έχκλημαε
745 3345 787 3354 -

129 3439 156 3481 ο.
174 3421 217 3480 35
250 3414 334 3502 (λδ).
379 3436 403 3478 ο.
422 3418 463 3478 36
485 3411 567 3501 (λε).
612 3434 637 3476 ο.
656 3417 698 3476 38
713 3413 800 3501 (λζ).
827 3415 903 3479 κατ’
933 3413 1037 3481 αὐτὸν

291 3523 425 3607 καιρόν;
441 3559 483 3568 -
507 3530 562 3584 aet.
587 3542 644 3583 om.

127 3654 152 3695 ο.
172 3635 216 3694 39
249 3627 333 3716 (λη’).
367 3624 579 3714 χρηματικδν
614 3625 859 3711 κεχρηματικδν
900 3632 1036 3715 κεχρεά-

172 3753 176 3761 ’
291 3758 411 3814 στηται
434 3733 513 3822 (εἰσ).

126 3869 151 3910 ο.
171 3848 216 3907 40
249 3842 343 3930 (λθ).
378 3864 402 3905 ο.
423 3845 463 3905 41
482 3839 550 3929 (μ’).
573 3842 829 3928 άποκαθαρήση
852 3840 956 3907 αὐτὸν
978 3891 1033 3908 ...

291 3948 404 4013 δὲκαὶ
428 3953 461 4012 έν
484 3952 532 4030 τῷ
554 3970 622 4030 μετ.

124 4084 149 4125 ο.
168 4065 214 4123 42
246 4057 337 4145 (μα’).
360 4056 599 4143 ὑπιξηρημένης
622 4054 773 4133 δηλονότι
798 4066 860 4121 τοῦ
881 4069 940 4135 τῆς
954 4058 1032 4146 (aia).

290 4167 385 4228 (143.

376 4339 496 4396 ΤΙΤΛΟ(
514 4340 573 4408 ΛΕ’,
593 4339 725 4394 ΒΙΒΛΙΟΥ
742 4340 782 4394 Ξ’.

275 4467 310 4522 In
327 4467 416 4521 ruba:
435 4466 635 4538 παρυστάοεων
652 4468 698 4517 καλ
714 4464 886 4520 ὑπευθύνων.

404 4573 438 4628 111
456 4555 756 4646 wa·=ss·aa'1'·r·

119 4729 146 4769 ο.
193 4707 209 4765 1
243 4700 310 4788 (α’).
333 4699 352 4777 λ)
377 4697 437 4776 τὴν
459 4698 624 4782 εὐπορίαν.

119 4836 146 4876 ο.
193 4815 221 4873 2.
247 4812 309 4886 52.
335 4806 388 4870 ὑπ’
414 4805 532 4889 έχχάοις
631 4804 737 4891 μέλλῃ.

120 4942 146 4983 ο.
192 4920 221 4979 3.

268 4938 292 4978 ο,
310 4920 329 4978 4
351 4911 416 5000 (ὅ).
439 4911 675 4997 έξτραορδινὲμ
697 4911 970 4993 καταδικάζεταιε
987 4952 1029 4962 -
1058 4955 1142 5014 o'12
1175 4950 1188 5036 ρ

286 5023 325 5085 In
347 5043 441 5103 marg.
467 5021 486 5083 δ
508 5018 804 5103 κατηχορούμκνος.

119 5155 145 5196 ο.
190 5135 220 5193 5.
267 5151 292 5192 ο.
311 5132 352 5190 10
368 5127 425 5214 (ι’).
447 5129 532 5189 initio
554 5148 615 5200 at..

119 5262 146 5304 ο,
167 5242 208 5300 ll
249 5234 321 5322 (ια’)
335 5257 381 5318 pr.
397 5238 453 5312 51.
478 5228 560 5316 μετά
576 5228 636 5295 τὸν
650 5231 803 5314 1πάιίτῷ
817 5234 1028 5316 πραχθέντα.

119 5367 146 5409 ο.
167 5348 208 5407 12
242 5340 301 5429 (art
330 5341 392 5405 scil.
421 5340 457 5404 ir.
481 5344 497 5402 1
523 5341 563 5403 D.
587 5339 787 5414 xJ.vJ1,18
814 5370 846 5394 =
873 5339 921 5425 ιβ’
948 5351 1029 5406 reete

1230 2016 1416 2097 51(praeit
1436 2015 1494 2098 -)-).
1522 2011 1579 2078 διά
1605 2015 1641 2077 τί
1666 2012 1885 2098 ἐκβλῇθησαν
1907 2064 1914 2079 .
1935 2063 1971 2079 ..

1228 2126 1333 2185 εἴκοσι
1354 2122 1407 2202 ημ.
1431 2166 1467 2183 ..
1495 2120 1514 2198 λ)
1542 2117 1585 2184 άν
1607 2117 1650 2202 μὴ
1678 2121 1835 2206 φαίνεται
1859 2123 1878 2185 δ
1902 2121 1972 2189 δεσ-

1228 2230 1331 2305 πότης
1363 2225 1519 2292 άπολάειν
1631 2228 1755 2312 κρίνειν
1787 2224 1909 2303 αὐτοὺς
1940 2276 1973 2293 ..

1227 2343 1413 2420 παρασχεῖν
1432 2331 1554 2409 αὐτοὺς
1572 2339 1637 2415 έχχ.
1654 2337 1680 2397 εί
1697 2333 1731 2397 δέ
1746 2331 1789 2415 μι)
1806 2336 1926 2412 έχωσιν
1941 2383 1948 2399 .
1965 2383 1972 2399 .

1227 2444 1314 2522 Iung.
1340 2446 1403 2520 52.
1434 2441 1554 2523 έχκεκλ
1582 2439 1730 2516 δοθῆναι
1754 2463 1786 2505 α.
1809 2445 1831 2504 i.
1854 2442 1972 2525 έξωμο-

1227 2550 1305 2611 σιάν
1328 2595 1359 2612 ..
1383 2546 1441 2612 ἐάν
1468 2548 1502 2612 δέ
1530 2547 1640 2634 φόνου
1739 2547 1915 2631 εὐποροῦσι
1939 2595 1970 2613 ..
2000 2551 2042 2620 (οἱ
2055 2556 2122 2610 150¹.

1226 2664 1331 2737 μεῖναι
1355 2656 1414 2736 μέν
1436 2701 1467 2717 ..
1512 2656 1601 2736 Iung.
1626 2659 1689 2731 53.
1713 2655 1758 2729 ὡς
1780 2653 1971 2720 ὑπευθύνου

1226 2758 1308 2826 εἶναι
1325 2759 1429 2825 αὐτὸν
1543 2761 1586 2825 Ei
1609 2760 1643 2825 δέ
1659 2760 1719 2838 ἤδη
1735 2807 1767 2823 ..
1799 2761 1888 2844 Iung.
1906 2769 1922 2840 5
1939 2767 1968 2826 4.

1225 2866 1276 2932 ἐπὶ
1299 2872 1342 2956 τῇ
1365 2890 1466 2954 χρημ.
1516 2870 1604 2949 Iung.
1630 2875 1647 2946 5
1669 2872 1698 2930 5.
1810 2871 1969 2954 παρέχου

1227 2998 1352 3040 σιν.-
1398 2974 1487 3057 Iung.
1511 2980 1575 3053 56.

1312 3203 1434 3260 ΤΙΤΛΟ(
1452 3204 1513 3273 Λς’,
1533 3204 1664 3260 ΒΙΒΛΙΟΥ
1681 3205 1722 3259 Ξ’.

1352 3329 1386 3384 In
1403 3328 1491 3384 ruba:
1510 3328 1526 3383 δ
1544 3327 1676 3402 ἁρμόζων.

1338 3436 1372 3491 Ιο
1390 3453 1490 3508 marga
1509 3433 1533 3507 β,
1552 3436 1598 3506 μη’
1617 3418 1639 3490 ί.
1659 3434 1693 3491 δ’.

1064 3587 1088 3628 ο.
1130 3570 1145 3628 1
1180 3565 1239 3646 (α’)
1262 3586 1306 3646 pr.
1329 3560 1399 3627 ἐστὶ
1422 3560 1472 3627 τὸ.
1509 3563 1598 3644 Iung.
1616 3569 1633 3640 5
1652 3565 1680 3625 1.
1704 3564 1850 3628 κέλευσιν
1870 3564 1968 3650 βασι·

1222 3705 1301 3780 λέως
1323 3752 1354 3768 ..
1378 3676 1522 3788 δμήβους
1550 3705 1601 3787 [ad
1624 3726 1720 3787 marg.
1746 3707 1779 3768 οἱ
1801 3705 1967 3788 λεγόμενοι

1222 3811 1349 3897 δψιδες]
1467 3815 1502 3875 έν
1534 3810 1624 3875 πόλει
1651 3808 1742 3877 κατά
1768 3836 1797 3876 τ.
1824 3859 1860 3875 ..
1889 3835 1965 3899 φον.

1221 3920 1345 4003 άρχων.
1391 3920 1468 3982 Inde
1505 3939 1618 3981 novum
1655 3920 1763 4001 incipit
1798 3921 1900 3983 thama
1931 3967 1966 3984 ..

1222 4026 1434 4111 στρατιώτας
1472 4026 1707 4110 προςτάσσειυε
1732 4063 1774 4074 -—
1819 4037 1875 4091 oet.
1907 4049 1965 4091 om.

1220 4133 1309 4213 Iung.
1332 4154 1356 4196 ο.
1375 4137 1403 4196 2.

1061 4261 1085 4303 ο.
1126 4246 1145 4303 3
1177 4238 1246 4327 (β).
1269 4239 1301 4302 Α
1315 4237 1355 4304 v¹¹
1375 4243 1424 4322 τῷ
1440 4239 1532 4321 αὐτῇ
1547 4262 1573 4301 ν.
1596 4260 1710 4303 novum
1725 4241 1833 4321 incipit
1847 4242 1963 4306 thema:

1219 4380 1277 4445 κοιλ
1300 4385 1319 4445 δ
1342 4385 1376 4446 έν
1399 4381 1536 4463 πολέμῳ.
1581 4382 1621 4444 ad
1644 4405 1672 4445 v.
1697 4350 1911 4468 παρίιχωρῶυ
1931 4387 1964 4447 in

1219 4510 1313 4569 marg.
1338 4489 1400 4552 sah.
1429 4496 1500 4562 τοῖς
1527 4488 1692 4571 πολεμίοις
1715 4488 1868 4566 δηλονότι
1896 4488 1961 4576 (afr.

1218 4596 1315 4658 Attal.
1334 4599 1384 4670 69,
1401 4592 1434 4682 3)
1458 4645 1488 4657 ..
1513 4594 1570 4659 καλ
1594 4598 1613 4659 ὁ
1637 4592 1749 4670 διδοὺς
1770 4596 1913 4682 κάστρα.

1059 4759 1083 4801 ο.
1103 4740 1141 4801 11
1175 4736 1255 4824 (ιβ’).
1293 4737 1331 4799 In
1353 4758 1447 4817 marg.
1471 4736 1504 4821 β.
1524 4736 1555 4801 α’
1577 4714 1599 4798 ῗ
1622 4737 1695 4819 διχῆ
1719 4718 1748 4801 τ.
1771 4738 1800 4816 η’
1823 4737 1885 4820 δι’χ.
1913 4761 1961 4804 τε·

1217 4845 1377 4908 λευταῑον.

1189 4950 1254 5038 ιχ).
1277 4950 1448 5033 δημεύεται
1463 4951 1594 5033 κληρον.
1610 5000 1618 5014 .
1634 4997 1642 5014 .
1658 4997 1665 5013 .
1688 4950 1805 5038 κεφαλ
1821 4951 1961 5039 τελευτῇ.
1995 4956 2043 5025 sol.
2058 4963 2128 5014 150'.

1056 5113 1081 5154 ο.
1101 5094 1140 5154 13
1173 5090 1251 5179 (ιδ).
1273 5094 1311 5156 In
1326 5115 1420 5175 marg.
1437 5092 1515 5177 β.δ’
1526 5101 1588 5157 τοῦ
1595 5054 1645 5156 κά.
1655 5074 1726 5173 τ’.ζ.
1749 5094 1838 5157 Adv.
1850 5065 1961 5169 κάκῶς
2117 5091 2119 5095 ’

1215 5200 1246 5261 in
1269 5221 1362 5281 marg.
1391 5201 1486 5281 „itae
1509 5198 1722 5285 ioaeimpiaac“
1825 5198 1893 5286 χρὴ
1916 5198 1961 5266 τά

1216 5327 1248 5370 π.
1272 5329 1302 5370 α.
1326 5330 1354 5370 τ.
1376 5307 1409 5393 β.
1431 5308 1638 5389 μηνυδῆναιι
1655 5344 1697 5355 -
1721 5316 1777 5370 aet.
1794 5328 1851 5370 om.

283 5451 314 5510 in
329 5447 399 5535 A.¹)
421 5449 569 5526 Inmarg·
584 5445 616 5530 β
631 5429 1028 5528 μζῇιηιτῶνδινέστων.
1055 5433 1080 5476 ο.
1098 5414 1138 5475 16
1171 5410 1247 5500 (ιζ).
1291 5436 1316 5477 ε.
1339 5417 1380 5477 19
1401 5410 1470 5500 (ιη)
1489 5435 1534 5495 pr.
1573 5415 1614 5477 ad
1637 5438 1664 5479 v.
1695 5412 1905 5498 ίλλούστριον
1927 5416 1959 5477 in

118 5598 144 5639 ο.
167 5579 208 5637 13
241 5572 335 5661 (mala
361 5577 400 5636 12
424 5573 455 5635 in
479 5573 526 5635 ad.
548 5601 580 5625 =
602 5568 657 5658 ιγ’)
675 5594 720 5654 pr.
741 5578 757 5649 5
776 5575 792 5633 1
812 5573 903 5636 rav.
921 5543 1026 5655 παβη.

282 5690 348 5744 νῶν
370 5681 402 5741 in
425 5701 533 5759 marg:
557 5678 757 5762 τουτ[έστιν]
780 5679 1025 5764 άστρατεάτων.

116 5812 143 5853 ο.
165 5791 207 5851 14
239 5785 294 5874 (ιδ
318 5787 398 5850 mala
420 5788 465 5849 ad.
491 5783 554 5871 13).

194 5963 396 6036 ¹utiinSyn.

1213 5542 1321 5601 marg:
1337 5523 1612 5607 ἐπιφανέστατον.
1651 5519 1723 5607 περὶ
1739 5529 1801 5584 τοῦ
1815 5517 1859 5594 ὥς
1875 5543 1958 5597 τινες

1213 5628 1425 5709 συνωμοσίαν
1440 5628 1684 5713 ποιησάμενο[ι]
1705 5625 1892 5714 φονεύσωσι
1908 5649 1957 5691 κε·

1212 5734 1363 5821 arcanae
1374 5742 1596 5819 τιμωροῦνται
1610 5733 1630 5811 η
1644 5733 1840 5815 διμεύουται.
1866 5734 1954 5815 Iung.

1212 5846 1275 5920 51.
1314 5862 1374 5923 raq.
1397 5848 1413 5919 5
1436 5845 1464 5904 2.
1490 5840 1598 5929 δεηθῇ
1624 5840 1759 5926 βασιλέι·
1782 5839 1802 5917 ἢ
1825 5845 1955 5928 προστῇ

1211 5950 1318 6013 άπιῶυ
1340 5946 1420 6026 ὥςτε
1435 5944 1557 6023 αὐτοὺς
1580 5995 1587 6012 .
1603 5995 1611 6011 .
1627 5994 1634 6011 .
1658 5944 1760 6022 αὐτὸς
1777 5948 1835 6031 μὲν
1850 5951 1869 6011 ὁ
1885 5947 1955 6026 δεη·

1678 6054 1731 6109 ³1*
