4978 7018
902 439 1055 508 LIBER
1076 439 1169 508 xlx
1213 442 1302 509 TIT.
1324 441 1366 507 X
1388 441 1466 511 ΧΠ.
2054 446 2096 509 25

266 626 365 685 εἰπεῖν
387 622 431 694 ὡς
453 619 569 697 ἐδέθη·
597 621 811 685 ἀντιτίθεται
837 616 904 707 γάρ
928 624 975 703 τῷ
991 622 1167 707 ἀγοραστῇ
1194 644 1286 704 quam
1321 623 1420 686 diosre
1455 624 1488 684 in
1513 623 1643 687 vinoulis
1674 625 1768 706 [sum]
1803 624 1904 699 illisae,
1936 625 2098 706 opponitur

266 724 476 815 παραγραφὴ
502 729 700 807 γινώσκοντι
728 726 801 812 περὶ
828 738 886 805 τῆς
913 737 1021 815 φυγῆς
1049 726 1068 804 ί)
1100 738 1167 791 τῶν
1194 730 1273 793 enim
1296 731 1424 811 emptori
1439 731 1589 812 exeeptio:
1612 731 1658 803 „si
1673 751 1734 793 non
1750 731 1868 794 noverit
1890 730 1929 793 de
1950 731 2026 812 fuga
2043 740 2098 793 aut

266 832 394 916 δεσμῶν
408 833 466 897 καλ
481 844 548 898 τῶν
563 835 699 916 ὀμοίοινι
715 832 776 883 -¹
814 835 1127 912 fr.43.§3.4.1).21,
1140 838 1166 896 1.
1194 836 1232 899 de
1253 836 1383 900 vineolis
1406 846 1436 899 et
1457 836 1634 899 similibus.“
1704 837 1740 899 ir.
1756 839 1807 901 48.
1825 844 1841 914 5
1859 840 1887 901 3.
1897 840 1927 899 4.
1942 838 1983 899 D.
2000 839 2051 914 21,
2069 840 2096 899 1.
2210 855 2214 862 ·

329 956 453 1037 Ἐπειδὴ
491 961 670 1044 ὡρισμένος
701 956 791 1023 ἐστὶν
828 960 847 1021 ὸ
876 960 1001 1045 χρόνος
1032 969 1100 1023 τῶν
1133 957 1168 1042 ἐξ
1260 960 1414 1038 Quoniam
1437 961 1512 1023 utile
1535 971 1582 1024 est
1603 971 1724 1047 tempus
1746 982 1801 1024 sex
1820 962 1967 1024 mensium
1987 963 2098 1024 astioni

263 1076 375 1147 μηνῶν
401 1076 460 1143 τῆς
487 1063 560 1152 περὶ
587 1068 807 1153 ἀναστροφῆς
835 1067 976 1148 ἀγωγῆς,
1009 1065 1049 1129 οὐ
1079 1063 1170 1129 δοκεῖ
1193 1067 1416 1142 redhibitoriae,
1440 1088 1502 1130 non
1522 1068 1642 1131 videtur
1662 1067 1840 1130 facultatem
1862 1068 2005 1131 habuisse
2028 1070 2097 1150 quis

264 1174 430 1258 εὐχέρειαν
452 1175 625 1250 ἐσχηκέναι
648 1180 710 1236 τοῦ
730 1183 863 1249 κινῆσαι
880 1168 935 1235 ὅτε
957 1172 1170 1237 λανθάνεταί
1195 1174 1311 1255 agendi,
1335 1194 1403 1235 oum
1426 1176 1579 1254 ignoraret
1601 1210 1643 1222 -
1668 1211 1710 1220 -
1735 1211 1778 1222 -
1801 1210 1843 1222 -
1930 1212 1972 1221 —
1991 1174 2028 1236 ir.
2045 1179 2096 1237 55.

264 1302 314 1353 τις
350 1314 999 1328 --------
1062 1279 1098 1341 ir.
1115 1283 1166 1342 55.

211 1410 227 1464 '.
329 1400 404 1467 Ἐἀν
427 1402 488 1488 [ἐνί
515 1403 673 1485 τιμήματι
696 1402 848 1487 δούλους]
878 1398 1019 1477 πολλοὺς
1046 1404 1166 1487 ὴγόρα-
1260 1405 1294 1468 Si
1322 1403 1397 1488 [uno
1428 1406 1526 1486 pretio
1555 1408 1670 1487 servos]
1701 1404 1805 1487 plures
1836 1406 1947 1480 emisti,
1979 1405 2032 1468 sed
2058 1406 2098 1469 de

264 1532 336 1591 σας,
360 1506 446 1574 ἀλλά
469 1508 542 1596 περὶ
564 1518 627 1574 τοῦ
641 1506 713 1583 ἐνὸς
736 1508 840 1595 θέλῃς
857 1518 991 1586 κινῆσαι
1008 1507 1091 1593 πρδς
1106 1506 1167 1586 τὴν
1194 1531 1254 1573 uno
1277 1531 1366 1592 agere
1380 1511 1464 1586 velis,
1487 1512 1652 1575 seeundum
1674 1513 1841 1576 bonitatem
1863 1513 1898 1575 fit
1918 1514 2096 1588 aestimatio,

262 1614 427 1694 καλλονὴν
448 1620 468 1694 η
491 1618 692 1698 ἀποτίμησις
713 1617 838 1697 γίνεται
861 1611 942 1699 ὅπερ
965 1617 1090 1696 γίνεται
1108 1614 1165 1680 καί
1193 1618 1225 1679 id
1251 1618 1333 1699 quod
1359 1617 1394 1680 fit
1420 1619 1511 1681 etiam
1538 1639 1607 1681 earm
1634 1639 1706 1700 pars
1732 1620 1849 1684 venditi
1879 1619 1967 1682 fundi
1999 1619 2095 1703 [evin-

264 1720 318 1787 ὅτι
341 1727 438 1808 μέρος
461 1732 522 1788 τοῦ
544 1724 737 1808 πραθέντος
760 1725 867 1807 ἀγροῦ
889 1723 1105 1807 [έκνικεῑταιμ
1123 1760 1164 1770 -
1193 1725 1304 1809 eatur].
1940 1725 1976 1787 fr.
1993 1730 2035 1789 64
2050 1748 2095 1808 pr.

1010 1830 1046 1892 fr.
1063 1835 1105 1895 64
1121 1852 1165 1912 pr.

209 1963 224 2014 ¹.
326 1955 372 2018 ‘H
389 1951 472 2036 μετά
494 1952 555 2033 τῆν
578 1964 703 2040 πρᾶσιν
722 1962 784 2017 τοῦ
798 1956 928 2017 οἰκέτου
950 1952 1049 2040 φυγὴ,
1073 1960 1099 2018 ελ
1122 1952 1165 2037 μὴ
1259 1954 1406 2037 Manoipii
1431 1956 1506 2036 luga
1531 1965 1601 2037 post
1625 1957 1837 2032 venditionem,
1864 1957 1923 2019 nisi
1950 1958 2097 2040 probatur

263 2061 429 2125 δείκνυται
451 2060 509 2125 καί
532 2059 597 2146 πρὸ
620 2072 679 2138 τῆς
702 2060 854 2145 πράσεως
870 2059 1047 2147 πεφευγὼς,
1071 2060 1167 2124 οὐδὲν
1192 2070 1318 2124 stante
1344 2062 1547 2125 venditionem
1570 2063 1696 2144 fugisse,
1724 2063 1801 2125 nihil
1826 2064 1974 2127 venditori
1995 2075 2094 2129 noeet

262 2164 323 2231 τὸν
354 2168 486 2252 πράτην
522 2163 775 2252 καταβλάπτει.’
827 2164 886 2231 ἐάν
917 2165 951 2231 δέ
987 2170 1006 2231 δ
1037 2169 1166 2253 πράτης
1192 2169 1219 2230 si
1249 2189 1321 2232 vero
1351 2169 1492 2232 venditor
1517 2169 1688 2251 promiserit
1713 2169 1790 2231 nihil
1815 2170 1865 2234 vel
1891 2180 1961 2252 post
1990 2173 2095 2235 vendi·

262 2275 477 2356 ἐπηγγειλατο
514 2273 595 2355 μηδέ
631 2270 714 2356 μετά
752 2271 812 2351 τὴν
851 2284 975 2359 πρᾶσιν
1011 2273 1166 2339 ὑπαίτιον
1193 2274 1306 2337 tionem
1329 2276 1530 2338 admissurum
1552 2296 1619 2340 esse
1640 2297 1770 2352 servum,
1792 2278 1931 2358 quamvis
1945 2279 2094 2341 venditori

262 2380 406 2446 ἐσεσθαι
422 2378 483 2458 τὴν
498 2384 637 2461 οἰκέτην,
659 2378 724 2443 κάν
739 2383 786 2461 τῷ
803 2380 943 2468 [πρά]τη
960 2389 1069 2445 ταῦτα
1089 2380 1165 2445 ἀδύ-
1192 2382 1268 2444 haee
1290 2383 1352 2445 sint
1372 2383 1578 2465 impossibilia,
1602 2383 1725 2465 quidam
1748 2385 1829 2447 enim
1849 2393 1962 2466 putant
1984 2420 2025 2433 -
2049 2421 2092 2433 -

262 2488 472 2569 surdiores,
499 2488 584 2562 τινές
610 2484 676 2571 γάρ
700 2490 828 2551 οἴονται
870 2524 2092 2541 ---------------

262 2630 304 2642 -
351 2631 393 2642 -
439 2631 482 2642 -
528 2631 569 2641 -
602 2593 840 2676 ἐπαγγελλομιν
871 2631 1587 2647 ---------
1620 2605 1740 2660 tenetur
1761 2607 1880 2681 emptor
1893 2620 1932 2663 ex
1948 2601 2095 2664 eiusmodi

256 2693 305 2749 ’-
350 2738 393 2748 -
417 2705 453 2765 ἐκ
470 2709 532 2765 τοῦ
552 2703 754 2778 κατέχοντος
776 2706 802 2764 εί
827 2698 1008 2788 σύμφωνον
1030 2705 1165 2783 ἐγένετο,
1192 2703 1400 2765 eonventione
1861 2726 1886 2768 e
1903 2710 1932 2769 3.
1947 2706 1981 2770 (λ
1997 2709 2027 2783 4,
2044 2711 2095 2771 58.

262 2810 406 2885 ἐνέχεται
444 2809 463 2870 ὁ
502 2804 695 2893 άγοραστης
726 2806 800 2891 περὶ
831 2805 954 2871 τούτου
990 2816 1052 2871 τοῦ
1087 2829 1165 2890 συμ-

263 2916 387 3000 φαίνου.
928 2935 954 2977 o.
971 2919 1000 2978 3.
1016 2915 1051 2978 C.
1067 2919 1097 2990 4,
1113 2918 1164 2978 58.

111 3044 244 3118 ora-[off.
327 3037 403 3100 Ἐάν
434 3060 485 3113 τις
516 3035 556 3102 τδ
588 3037 675 3101 ἴδιον
706 3048 844 3123 πρᾶγμα
870 3038 1048 3117 ἐλαχίστου
1075 3039 1165 3121 τιμῆ-
1281 3041 1315 3103 Si
1341 3041 1408 3121 quis
1438 3061 1500 3103 rem
1528 3060 1613 3103 suam
1642 3041 1765 3105 minimo
1791 3044 1889 3125 pretio
1916 3045 2094 3122 vendiderit,
2116 3062 2261 3117 curm

114 3137 215 3260 Lm}
261 3166 368 3225 ματος
399 3145 548 3232 πωλῆση,
580 3143 719 3209 δύναται
752 3142 791 3209 τδ
823 3146 949 3231 τιμημα
977 3141 1164 3224 ἀναδιδους,
1192 3156 1293 3229 potest
1314 3147 1444 3229 pretium
1466 3146 1627 3210 restituens
1654 3150 1807 3230 propriam
1829 3171 1892 3212 rem
1919 3154 2095 3234 reciperare.
2130 3133 2250 3259 witz

79 3209 149 3334 πέρα
149 3261 236 3332 μεως.
262 3249 442 3336 λαμβάνειν
457 3249 497 3316 td
513 3252 599 3315 ίδιον
614 3261 761 3338 πράγμα
799 3249 1061 3329 ἐλάγιστονδέτ
1040 3251 1165 3334 τίμημά
1192 3254 1350 3316 minimum
1382 3262 1483 3317 antem
1510 3255 1640 3336 pretium
1666 3265 1714 3318 est
1738 3256 1779 3332 id,
1811 3258 1893 3338 quod
1919 3279 1957 3320 ne
1984 3258 2025 3320 ad
2052 3258 2095 3320 di·
2170 3293 2213 3331 „0

262 3360 332 3420 ἐστι
360 3354 400 3421 τδ
427 3357 507 3440 μηδὲ
534 3364 579 3434 είς
605 3360 757 3441 ἡμίσειαν
783 3356 973 3439 διατίμησιν
999 3360 1165 3446 ἀναφερό-
1192 3360 1319 3423 midium
1350 3360 1472 3441 quidem
1504 3362 1722 3425 aestimationis
1753 3365 1900 3445 pervenit
1955 3365 2038 3446 quod
2069 3367 2095 3428 si

261 3485 367 3545 μενον.
404 3462 463 3529 ἐάν
486 3465 520 3529 δέ
543 3467 562 3528 δ
585 3463 779 3551 ἀγοραστίγς
793 3464 977 3547 ἐπιλέξηται
992 3461 1032 3528 τὸ
1055 3464 1166 3530 λεῖπον
1192 3476 1310 3548 emptor
1332 3467 1456 3546 elegerit
1477 3467 1508 3528 id
1531 3469 1640 3549 quod
1631 3478 1710 3532 msto
1732 3472 1829 3552 pretio
1844 3471 1930 3534 deest
1944 3473 2094 3553 supplere,

262 3574 310 3651 τῷ
326 3568 443 3652 δικαίῳ
466 3572 624 3655 τιμήματι
645 3572 770 3653 δοῦναι,
794 3573 857 3649 έχει
881 3568 965 3635 αιἰτδ
988 3568 1028 3634 τδ
1044 3592 1166 3656 πεπρα-
1192 3574 1302 3636 retinet
1323 3592 1388 3635 rem
1410 3573 1574 3636 venditam
1619 3576 1658 3638 Id
1680 3577 1754 3640 iuris
1777 3586 1808 3640 et
1834 3579 1866 3639 in
1888 3578 2000 3642 liberos
2023 3599 2095 3642 ven-

262 3679 359 3758 μένον
382 3688 528 3762 πρᾶγμα.
568 3675 607 3741 τὸ
623 3675 707 3742 αὐτὸ
731 3678 766 3742 δέ
789 3676 920 3741 δίκαιον
941 3675 999 3741 καλ
1021 3676 1072 3742 ἐπὶ
1095 3686 1166 3752 τοῖς
1192 3678 1297 3742 ditoris
1319 3682 1551 3744 transmittatur.
1861 3705 1886 3747 ο.
1903 3687 1932 3746 2.
1947 3684 1981 3746 O.
1997 3686 2027 3760 4,
2043 3688 2094 3748 44.

262 3781 359 3846 παισὶ
375 3793 437 3847 τοῦ
451 3785 583 3870 πράτου
598 3783 820 3870 προβαινέτιυι
835 3781 895 3832 -⁸
931 3806 957 3848 o.
973 3788 1002 3847 2.
1018 3785 1052 3848 0.
1067 3787 1097 3861 4,
1113 3788 1165 3848 44.
1289 3818 1292 3824 ·

209 3923 224 3976 ‘.
329 3944 371 3955 —
411 3945 453 3955 -
492 3946 533 3956 -
573 3946 614 3956 —
638 3911 810 3992 ἀχρηστος
825 3915 851 3973 εί
868 3908 902 3972 δέ
918 3909 1025 3972 πίστει
1044 3909 1165 3995 ἀγαθῇ
1194 3948 2094 3965 -----------

262 4017 374 4096 γέγονε
406 4052 448 4063 -
488 4054 528 4062 -
568 4055 609 4063 -
642 4017 758 4098 μείζων
784 4012 825 4093 ἦν
851 4027 919 4079 τῶν
945 4019 1048 4079 εἴκοσι
1073 4018 1165 4080 πέντε
1194 4054 2094 4071 -----------

262 4126 420 4185 ἐνιαυτῶν
462 4161 502 4170 -
546 4162 587 4169 -
630 4160 672 4170 -
709 4148 776 4185 :—
1095 4128 1155 4186 (εὖ
1158 4160 2094 4184 ------------

209 4263 224 4314 ι,
332 4282 724 4294 -----
775 4245 836 4324 τὴν
865 4256 989 4331 πρᾶσιν
1035 4283 2093 4303 -------------

261 4353 364 4433 λέγειν
387 4350 439 4416 ὅτι
464 4363 574 4439 χρεῶν
602 4353 621 4430 l>
649 4352 860 4439 λειτουργιῶν
887 4355 1092 4434 ἐπικειμένων
1115 4357 1153 4417 πέ
1153 4390 2093 4409 ------------

262 4479 398 4544 πρακενι
415 4456 477 4508 —⁴

611 4728 752 4795 ΤΙΤΛΟ(
777 4728 820 4794 ΙΒ’

219 4916 225 4930 ,
280 4829 300 4922 iv
317 4869 500 4942 παραγραφῆς
515 4869 674 4941 πράγματος
690 4870 847 4942 πραθέντος
864 4870 909 4920 καλ
926 4865 1141 4941 παραδοθέντος.
1333 4869 1368 4923 de
1387 4872 1550 4942 exceptione
1567 4874 1609 4927 rei
1625 4873 1757 4929 venditae
1775 4879 1804 4929 et
1821 4876 1949 4932 traditae

327 5008 402 5075 Ἐἀν
432 5008 573 5089 ῆττονος
603 5003 703 5096 οὗπερ
735 5012 940 5093 ἐνετειλάμην
971 5011 1093 5097 πραθῇ
1126 5006 1164 5073 τὸ
1259 5012 1294 5075 Sr
1315 5035 1438 5077 mmorrs
1461 5035 1553 5096 quam
1574 5018 1781 5081 mandaverim
1804 5022 1932 5084 venierit
1954 5042 2003 5085 res
2018 5044 2094 5098 mee,

263 5119 402 5204 πρᾶγμά
423 5140 489 5201 μου
511 5118 551 5181 οὐ
574 5116 668 5182 δοκεῖ
684 5119 942 5203 (παρέρχεσθαι)
965 5117 1163 5201 πεπρᾶσθαι
1193 5138 1254 5181 non
1285 5120 1406 5183 videtur
1436 5123 1570 5186 alienata
1601 5144 1667 5187 esse
1697 5145 1794 5206 neque
1827 5129 1990 5208 opponitur
2021 5131 2095 5192 mihi

261 5224 320 5289 καί
353 5225 414 5289 οὐκ
440 5225 627 5289 ἀντίκειταί
649 5246 705 5307 μοι
733 5224 943 5313 παραγραφὴ
966 5224 1164 5289 ἀπαιτοῦντι
1193 5226 1331 5308 exeeptio
1354 5248 1422 5291 eam
1444 5232 1600 5311 repetenti.
1763 5232 1799 5295 fr.
1818 5237 1845 5295 1.
1863 5239 1879 5310 5
1897 5240 1926 5298 3.
1941 5237 1981 5299 D.
1998 5239 2048 5313 21,
2065 5240 2093 5300 3.

263 5333 419 5396 αὐτόι-
834 5331 870 5394 fr.
888 5336 915 5393 1.
932 5337 949 5409 5
967 5335 995 5393 3.
1010 5331 1050 5393 D.
1068 5334 1119 5408 21,
1135 5334 1165 5393 3.

329 5471 403 5538 Ἐἀν
440 5473 558 5548 δοῦλος
601 5475 777 5557 ἀγοράσας
819 5477 855 5536 ἐκ
892 5482 954 5537 τοῦ
993 5474 1166 5537 πεκουλιόυ
1258 5475 1293 5539 si
1315 5496 1420 5540 servus
1443 5499 1511 5540 oum
1539 5480 1661 5544 emisset
1687 5503 1725 5543 ex
1751 5446 1869 5564 peculio
1891 5487 2095 5548 manumissus

262 5580 482 5668 ἐλευθερωθῇ
512 5577 577 5667 πρὸ
608 5579 827 5666 παραδόσεως
856 5577 939 5662 μετὰ
968 5589 1030 5644 τοῦ
1052 5601 1165 5644 πεκου-
1193 5580 1234 5642 sit
1260 5590 1331 5644 ante
1359 5583 1552 5646 traditionem
1579 5607 1648 5648 oum
1674 5588 1741 5669 ipso
1767 5589 1889 5671 peoulio
1917 5601 1949 5655 et
1969 5602 2055 5675 petat
2076 5614 2096 5654 a

336 5883 345 5914 ¹
363 5880 450 5938 habet
467 5880 534 5953 Syn.
633 5879 778 5953 ’huense
797 5878 863 5953 Syn.
966 5879 1081 5936 'habet
1098 5878 1165 5951 Syn.

263 5970 275 6003 ⁴
292 5970 379 6027 habet
396 5969 462 6042 Syn.
683 5962 691 5984 ⁸

378 6067 446 6112 suu.
469 6069 494 6111 υ.
504 6068 555 6110 vn.
