4842 7018
819 442 998 509 ΟΑΡΙΤΑ
1021 441 1169 509 LEGIS
1192 441 1501 509 RHODIORUbL
2010 446 2073 517 lto

243 618 287 701 μή
310 624 410 697 ἐγωσι
434 632 502 696 πῶς
524 624 739 704 κομίσωνται,
767 626 860 688 ἐσται
885 624 1001 698 αὐτοῖς
1023 622 1067 689 τά
1089 623 1146 705 μέν
1174 645 1235 686 non
1257 625 1392 687 habeant
1412 624 1493 686 unde
1508 624 1635 698 solvant,
1658 633 1747 687 erunt
1761 625 1883 706 quidem
1904 625 1978 705 ipsis
1993 625 2074 688 bona

242 727 403 811 χρήματα
425 731 531 809 ἐγγεα,
556 731 589 793 οί
611 729 645 793 δὲ
668 733 762 795 τόκοι
778 730 929 797 ναυτικοί
945 728 1071 805 παντὸς
1085 739 1147 795 τοῦ
1174 731 1310 813 obligata
1331 741 1362 794 et
1384 752 1494 797 usurae
1508 733 1649 794 nauticae
1670 752 1726 813 per
1740 740 1838 797 totum
1860 742 1989 813 tempus,
2012 752 2073 814 quo

242 835 372 917 χρόνον
394 831 477 899 ὅσον
500 835 713 918 ἀποδημήσει.
1173 839 1290 913 afuerit,
1315 838 1502 921 [solventur]

157 966 167 998 ι
193 947 208 998 ’.
310 937 384 1004 Ὲάυ
407 942 523 1005 πλοῖον
546 944 759 1021 ναυλώσηταί
779 966 837 1023 τις,
862 944 958 1009 δώσει
982 946 1017 1009 δὲ
1039 949 1144 1031 ἀρρα·
1239 945 1273 1008 si
1304 947 1371 1026 quis
1397 965 1507 1007 navem
1535 946 1724 1020 conduxerit,
1751 946 1932 1027 arrhamque
1958 946 2073 1009 dederit
2110 958 2151 1007 la.

244 1047 339 1131 βωνα
365 1046 422 1112 καί
451 1053 621 1132 μετέπειτα
648 1054 747 1114 είποι·
781 1052 923 1134 χρείαν
955 1053 1025 1116 ούκ
1058 1055 1144 1132 ἐγω,
1172 1061 1203 1114 et
1217 1052 1326 1114 deinde
1340 1052 1461 1115 dixerit:
1485 1051 1573 1114 mihi
1595 1072 1637 1115 ea
1658 1072 1727 1114 non
1749 1062 1805 1115 est
1826 1072 1928 1134 opus,
1951 1053 2069 1116 arrham

245 1155 379 1219 ἀπόλλει
412 1154 472 1220 τὸν
503 1155 698 1241 ἀρραβῶνα.
753 1155 811 1222 λάν
842 1158 877 1222 δὲ
908 1161 927 1223 ὁ
961 1158 1145 1244 ναύκληρος
1171 1158 1278 1239 perdit.
1324 1158 1454 1239 quodsi
1477 1159 1619 1239 magister
1641 1159 1728 1222 aliter
1743 1159 1855 1234 fecerit,
1877 1159 1983 1225 reddet
1998 1180 2072 1227 mer·

244 1260 365 1338 ἀλλην1
393 1263 527 1348 ποιήσῃ,
556 1263 747 1328 ἀποδιδότω
774 1268 823 1347 τῷ
849 1268 981 1349 ἐμπόρῳ
1009 1265 1145 1330 διπλοῦν
1172 1264 1267 1328 catori
1289 1265 1417 1346 duplum
1439 1265 1555 1328 arrhae

244 1364 304 1435 τόν
327 1370 522 1455 ἀρραβῶνα.

172 1478 207 1532 κ’.
303 1471 357 1550 Ὅς
384 1473 427 1540 ἀν
454 1477 570 1540 πλοῖον
595 1477 821 1559 ναυλόσηται,
851 1482 1007 1565 ἐγγραφα
1034 1501 1145 1545 συνεσ·
1239 1478 1419 1559 Quicunque
1441 1480 1545 1541 navim
1567 1479 1753 1554 conduxerit,
1776 1480 1802 1540 si
1816 1479 1930 1561 scripta
1952 1481 2073 1559 signata
2108 1491 2150 1540 20.

244 1586 458 1669 φραγισμένα
480 1581 580 1667 κύρια
595 1588 684 1648 είτω·
708 1589 735 1651 ελ
751 1585 785 1649 δέ
800 1586 853 1668 μή,
874 1587 998 1671 ἄκυρα·
1020 1590 1145 1673 γραφέ-
1172 1585 1291 1660 suerint,
1313 1593 1383 1647 ratu
1402 1585 1583 1661 habeantur;
1606 1587 1652 1649 sin
1669 1585 1778 1661 minus,
1801 1585 1893 1648 irrita
1931 1586 2074 1651 Scribant

245 1688 495 1754 racundiae)
519 1692 673 1772 ἐπιτίμια,
701 1688 759 1754 ἐάν
781 1692 937 1773 θέλωσιν,
964 1690 1022 1759 ἐάν
1045 1693 1079 1757 δὲ
1102 1691 1144 1773 μή
1172 1701 1204 1753 et
1224 1711 1347 1772 poenas,
1371 1693 1396 1753 si
1418 1692 1579 1767 voluerint,
1606 1693 1688 1773 quod
1711 1692 1737 1754 si
1759 1714 1820 1755 non
1842 1692 2073 1776 conscripserint

243 1798 509 1883 συγγράψωνται
536 1795 593 1861 καί
621 1797 787 1883 ψεύσηται
817 1801 835 1862 ὁ
863 1799 1047 1885 ναύκληρος
1073 1800 1093 1878 ή
1126 1803 1144 1864 ὁ
1172 1809 1202 1861 et
1233 1798 1345 1863 infitias
1368 1808 1419 1861 eat
1445 1800 1589 1880 magister
1615 1800 1665 1863 vel
1687 1800 1864 1872 conductor,
1896 1801 1923 1861 si
1949 1799 2072 1880 quidem

243 1902 470 1986 ναυλούμενος,
493 1901 551 1967 ὲάν
565 1904 623 1985 μέν
638 1906 657 1967 ό
675 1905 891 1987 ναυλούμενος
908 1904 1078 1992 παρέσγῃΙ
1101 1905 1145 1971 τά
1172 1905 1336 1968 conductor
1362 1926 1474 1968 merces
1495 1907 1680 1986 praebuerit,
1707 1914 1781 1969 tunc
1807 1905 1892 1968 nauii
1914 1906 2071 1969 dimidium

239 2011 413 2095 χρήματα,
446 2013 521 2075 τότε
554 2020 616 2075 τοῦ
645 2010 850 2098 λπιφόρτου8
881 2013 1071 2078 ἀποδιδότω
1104 2012 1143 2078 τό
1172 2013 1315 2092 magistro
1338 2013 1419 2075 dato.
1464 2013 1546 2092 qnod
1574 2014 1599 2074 si
1626 2013 1768 2093 magister
1789 2012 1936 2075 infitiatur
1959 2014 2006 2087 sit,
2029 2013 2072 2074 di-

242 2115 342 2199 ήμισυ
365 2127 426 2182 τοῦ
447 2116 571 2182 ναύλου
594 2122 641 2200 τῷ
663 2119 846 2202 ναυκλήρῳ.
888 2117 946 2184 ἐάν
968 2120 1003 2184 δέ
1026 2122 1045 2185 ό
1068 2120 1144 2185 ναύ-
1172 2120 1298 2181 midium
1324 2120 1409 2181 nauli
1435 2119 1544 2181 reddat
1570 2120 1735 2181 mercatori
1780 2121 1862 2201 quod
1889 2120 1916 2183 si
1943 2119 2072 2184 voluerit

241 2225 363 2310 κληρος
398 2224 578 2310 ψεύσηται,
619 2225 782 2291 ἀποδώσει
814 2225 854 2291 τό
891 2223 991 2310 ήμισυ
1021 2228 1144 2293 ναῦλον
1171 2235 1321 2290 mercator
1349 2245 1461 2289 merces
1487 2227 1624 2301 eximere,
1651 2234 1749 2288 totum
1776 2226 1903 2289 naulum
1927 2227 2071 2308 magistro

243 2335 290 2414 τῷ
313 2333 454 2416 ἐμπόρῳ.
500 2329 558 2397 ἐάν
581 2332 615 2396 δὲ
638 2333 767 2419 θελήσῃ
791 2335 810 2396 ό
833 2336 976 2418 ἐμπορος
998 2331 1042 2398 τά
1061 2358 1143 2422 φορ·
1170 2335 1324 2407 restituat;
1366 2334 1484 2396 exactio
1523 2341 1623 2395 autem
1660 2333 1769 2395 harum
1805 2354 1972 2415 poenarum
2009 2335 2070 2408 fiat,

241 2441 299 2502 τία
321 2439 504 2521 ἐξελέσθαι,
529 2439 695 2505 ἀποδώσει
718 2437 758 2503 τὸ
782 2450 848 2505 πᾶν
866 2440 988 2505 ναῦλον
1003 2446 1051 2523 τῷ
1067 2463 1143 2506 ναυ-
1169 2441 1264 2505 veluti
1286 2441 1419 2522 quadam
1440 2440 1650 2503 vindicatione.

241 2545 366 2629 κλήρῳ·
389 2547 409 2622 ή
433 2544 467 2609 δὲ
491 2546 611 2629 πρᾶξις
633 2549 718 2610 ἐστω
735 2545 864 2611 τούτων
879 2557 946 2610 τῶν
965 2550 1141 2630 ἐπιτιμίων,

240 2653 403 2736 καθάπερ
427 2655 453 2717 ιλ
476 2652 636 2729 ἐκδικήσει
660 2654 710 2726 τίς
733 2675 818 2717 τινα.

152 2757 203 2809 20'·
304 2756 379 2823 Ἐάν
401 2762 579 2825 κοινωνίαν
597 2759 781 2836 ποιήσωσιν
796 2759 993 2847 ἐγγράφως*
1009 2759 1068 2825 δύο
1083 2759 1140 2825 καί
1235 2762 1269 2825 si
1284 2762 1344 2823 duo
1360 2761 1482 2823 inierint
1495 2756 1546 2822 inl
1566 2759 1685 2840 seriptis
1703 2760 1877 2823 societatem
1897 2769 1929 2825 et
1943 2771 2070 2842 utruque
2106 2771 2148 2821 ut.

240 2868 419 2952 ἀμφότερα
442 2863 486 2933 roi
508 2870 588 2949 μέρη
612 2866 955 2949 καθομολογήσωσιν,
979 2864 1030 2934 ότι
1054 2890 1141 2945 ,,κοι·
1168 2889 1240 2951 pars
1255 2868 1392 2931 confessa
1405 2867 1508 2929 fuerit:
1524 2866 1730 2948 „alioquoque
1744 2878 1878 2948 tempore
1895 2868 2070 2933 societatem

240 2976 363 3037 νωνίαν
390 2973 447 3038 καί
476 2973 579 3037 ἄλλον
601 2982 723 3055 καιροῦ
748 2974 946 3056 ἐποιήσαμεν
976 2977 1141 3061 ἀγράφως
1169 2978 1233 3038 sine
1254 2975 1404 3056 scriptura
1426 2973 1631 3037 contraximus
1653 2981 1685 3034 et
1705 2973 1795 3035 fidem
1817 2973 1948 3037 invicem
1969 2995 2070 3038 serva·

240 3078 295 3145 καί
320 3081 432 3144 πίστιν
455 3083 584 3154 ἑαυτοῖς
600 3081 808 3167 ἐφυλάξαμεν
823 3080 880 3145 καί
899 3080 939 3145 τὸ
954 3081 1047 3155 τέλος
1062 3083 1141 3148 πάν·
1168 3085 1268 3147 vimus
1290 3091 1321 3145 et
1342 3081 1489 3145 tributum
1505 3100 1623 3162 semper
1644 3080 1682 3142 de
1704 3100 1765 3141 uno
1788 3101 1876 3144 onere
1899 3081 2068 3157 solvimus“,

240 3209 316 3251 τοτε
339 3185 412 3271 περί
434 3197 512 3269 μιᾶς
534 3187 679 3265 ἐνθήκης
702 3188 925 3270 ἐτελέσαμενίί,
956 3185 1014 3253 ἐάν
1040 3187 1080 3252 τὸ
1107 3186 1141 3253 ἐν
1169 3191 1195 3252 ei
1217 3211 1280 3253 una
1302 3190 1389 3252 navis
1411 3187 1486 3269 quid
1508 3187 1680 3250 detrimenti
1702 3187 1839 3267 patiatur
1860 3188 1909 3251 vel
1924 3190 2070 3252 saburata

240 3295 356 3359 πλοῖον
371 3291 482 3378 συμβῇ
498 3315 574 3358 τινα
590 3294 716 3357 παθεῖν
731 3292 1007 3378 ήσαβουράτονή
1018 3317 1141 3381 πεφορ-
1168 3296 1219 3362 vel
1241 3295 1391 3358 mercibus
1414 3304 1545 3369 onerata,
1573 3314 1651 3375 quoe
1673 3294 1838 3359 incolumes
1860 3305 2070 3361 remanserunt

238 3404 393 3483 τωμένου,
431 3397 474 3464 τά
510 3400 672 3464 σωθέντα
704 3404 751 3482 τῷ
789 3401 940 3465 παθόντι
978 3405 1141 3485 τέταρτον
1168 3424 1262 3466 naves
1284 3403 1320 3477 ei,
1343 3421 1423 3483 quae
1444 3401 1590 3463 damnum
1612 3420 1704 3481 passa
1723 3410 1771 3463 est
1788 3412 1928 3482 quartam
1950 3412 2068 3485 partem

238 3511 336 3593 μέρος
352 3511 541 3594 ἐπιφερέτω,
558 3505 666 3584 ἐπειδὴ
681 3509 838 3595 όγγραφα
852 3508 892 3571 ού
903 3511 1140 3594 προφέρουσιν,
1168 3509 1378 3584 contribuant,
1410 3508 1555 3588 quoniam
1586 3507 1700 3587 scripta
1730 3527 1792 3569 non
1823 3508 1981 3591 proferunt
2015 3511 2068 3573 sed

238 3611 324 3679 ἀλλά
347 3615 434 3696 λόγῳ
457 3616 547 3697 μόνῳ
569 3616 746 3680 κοινωνίαν
767 3615 1000 3697 συνετάξαντο.
1039 3611 1083 3679 τά
1106 3615 1140 3679 δὲ
1168 3617 1267 3680 verbis
1283 3616 1492 3679 tantummodo
1507 3614 1680 3678 societatem
1696 3622 1917 3679 contraxerunt
1947 3616 2068 3698 Scripta

237 3725 394 3810 ἐγγραφα
417 3723 669 3807 οφραγιζόμενα
689 3720 813 3806 βέβαια
827 3719 884 3785 καί
903 3718 1027 3803 ίσγυρά
1041 3724 1140 3785 toror-
1167 3733 1269 3787 autem
1297 3725 1416 3804 signatu
1441 3722 1529 3783 firma
1551 3721 1714 3802 validaque
1741 3722 1802 3784 sint
1828 3731 1859 3787 et
1880 3743 1959 3805 quae
1981 3723 2069 3788 solva

238 3852 303 3893 σαν
330 3828 377 3893 εί15
405 3826 448 3894 τά
471 3830 641 3910 σωζόμενα
667 3837 738 3902 τοῖς
766 3828 1002 3910 άπολλυμένοις
1030 3850 1139 3914 συνερ-
1167 3842 1238 3895 sunt
1260 3831 1303 3893 eia
1326 3849 1405 3911 quae
1425 3829 1578 3910 perierunt
1600 3828 1801 3892 contribuant

85 3984 132 4052 ,0,
146 3988 201 4038 50¹.
235 3938 431 4014 γέσθωσαν.

150 4053 199 4125 κβ.
302 4042 335 4108 ‘0
361 4040 546 4125 ναύκληρος
573 4040 615 4123 μή
643 4044 796 4122 ἀγαγίτω
824 4040 907 4119 πλήν
933 4037 1056 4117 ύδατος
1080 4041 1137 4105 καί
1232 4043 1380 4124 Magister
1407 4061 1509 4105 secum
1535 4063 1574 4104 ne
1604 4041 1684 4103 ferat
1709 4042 1768 4104 nisi
1794 4062 1905 4123 aquam
1933 4054 1963 4107 et
1986 4065 2065 4110 com·
2101 4052 2144 4102 22.

237 4148 381 4237 ἐφοδίων
397 4146 482 4233 [καί]
498 4146 560 4234 ἀφ’
573 4143 619 4210 ὦν
631 4158 782 4232 χρῶνται
799 4150 957 4226 σχοινίων
971 4145 1015 4212 τά
1029 4148 1137 4230 πλοῖα,
1165 4159 1297 4212 meatum
1325 4159 1356 4212 et
1381 4148 1483 4223 funes,
1510 4147 1620 4229 quibus
1643 4169 1737 4211 naves
1759 4168 1836 4229 opus
1862 4150 1967 4224 habet,
1995 4172 2065 4213 cum

236 4253 294 4320 ἐάν
317 4258 335 4319 ὁ
358 4259 500 4339 ἐμπορος
528 4252 709 4338 ἐμβάληται
738 4251 798 4317 τὸν
820 4256 925 4336 γόμον
947 4252 1026 4318 όλον
1048 4254 1138 4320 κατά
1165 4265 1313 4321 mercator
1339 4255 1488 4319 invexerit
1514 4264 1612 4317 totum
1635 4275 1711 4317 onus
1738 4255 1903 4319 secundum
1929 4256 1962 4318 id
1984 4257 2065 4338 quod

236 4361 297 4437 τάς
325 4362 501 4438 συνθήκας
527 4370 595 4424 τῶν
616 4360 809 4447 ἐγγράφων·
836 4360 894 4426 καί
922 4359 980 4426 ἐάν
1008 4363 1137 4445 θελήσῃ
1164 4366 1195 4427 in
1219 4364 1338 4446 scriptis
1366 4361 1514 4427 convenit
1559 4369 1590 4423 et
1616 4362 1642 4423 si
1669 4362 1800 4424 voluerit
1822 4363 1966 4441 magister
1988 4364 2064 4426 alias

236 4472 255 4533 ό
278 4468 462 4552 ναύκληρος
484 4469 614 4553 φορτία
636 4468 722 4531 ἀλλα
740 4471 905 4555 ἐπιφέρειν
919 4466 1002 4550 μετά
1018 4478 1135 4551 ταῦτα,
1165 4491 1277 4533 meroes
1304 4470 1452 4533 adducam
1477 4478 1549 4549 post
1575 4488 1635 4543 eas,
1664 4468 1688 4530 si
1716 4469 1836 4548 quidem
1863 4470 1946 4549 capit
1967 4470 2063 4546 navis,

236 4572 294 4640 ἐάν
316 4576 374 4657 μὲν
384 4579 481 4661 χωρῇ
505 4572 544 4637 τὸ
561 4574 685 4655 πλοῖον,
708 4572 852 4658 βαλέτω·
875 4575 952 4639 ιίδέ
968 4574 1011 4657 μή
1024 4585 1135 4658 χωρεῖ,
1163 4578 1284 4649 inferat3
1312 4576 1421 4638 sinon
1448 4576 1538 4656 capit,
1565 4584 1716 4637 mercator
1738 4595 1838 4639 coram
1862 4575 1960 4639 tribus
1982 4578 2064 4643 testi·

235 4685 419 4767 ὁέμπορος
442 4680 493 4746 ἐπί
515 4680 695 4766 μαρτύρων
717 4691 820 4766 τριιῦν
842 4683 1072 4747 ἀντιτασσίτω
1088 4686 1135 4764 τῷ
1164 4685 1220 4746 bns
1246 4683 1367 4745 resistat
1393 4682 1537 4762 magistro
1564 4691 1595 4744 et
1620 4683 1722 4744 nautis
1749 4693 1780 4745 et
1805 4683 1885 4757 ideo,
1918 4684 1943 4745 ei
1965 4684 2063 4747 iaetus

234 4789 407 4873 ναυκλήρῳ
429 4787 487 4851 καί
510 4797 581 4862 τοῖς
596 4788 734 4862 ναύταις
748 4786 815 4868 καί,
839 4786 897 4852 ὲάν
911 4787 1031 4874 ἐκβολή
1047 4792 1136 4870 γε’νη-
1163 4791 1261 4852 factus
1283 4788 1382 4859 fuerit.
1405 4789 1446 4849 ad
1469 4790 1647 4869 magistrum
1666 4789 1823 4870 spectabit.
1860 4790 1973 4854 sivero
1987 4811 2063 4852 mer·

233 4919 299 4977 ται,
327 4899 376 4978 τῷ
403 4895 577 4980 ναυκλήρῳ
604 4898 712 4959 ἐσται·
740 4891 798 4958 ἐάν
825 4895 859 4959 δὲ
885 4895 928 4977 μή
955 4895 1088 4982 κωλύσῃ
1116 4898 1134 4959 ὁ
1162 4906 1246 4959 eator
1276 4917 1338 4958 non
1368 4894 1567 4976 prohibuerit,
1600 4896 1640 4959 ad
1676 4897 1927 4959 contributionem
1959 4897 2063 4960 veniat

234 5007 385 5086 ἔμπορος,
410 5006 454 5076 είς
477 4999 646 5086 συμβολήν
667 4999 852 5086 ἐργέσθω.6
1164 5003 1281 5087 [οιιιιε].

146 5120 196 5193 ιγ.
298 5108 373 5173 Ἐἀν
400 5109 665 5193 συγγράψωνται
693 5111 712 5172 ό
742 5108 926 5194 ναύκληρος
952 5108 1009 5173 καλ
1038 5111 1056 5172 ὁ
1084 5112 1134 5190 ἐμ-
1227 5110 1261 5172 si
1276 5110 1456 5191 scripturam
1471 5110 1597 5171 fecerint
1612 5109 1756 5190 magister
1769 5119 1801 5171 et
1815 5118 1970 5184 mercator,
1993 5121 2061 5177 rata
2098 5121 2140 5170 23.

233 5239 345 5301 πορος,
367 5214 468 5299 κύρια
491 5218 590 5279 ἐστω·
613 5213 671 5281 ἐάν
694 5215 728 5279 δὲ
751 5217 931 5300 όέμπορος
946 5213 990 5299 μή
1006 5219 1133 5301 παρέχῃ
1161 5226 1238 5292 esto;
1261 5218 1379 5280 sivero
1402 5225 1551 5280 mercator
1572 5237 1632 5278 non
1655 5225 1789 5298 praestet
1805 5217 1956 5297 integrum
1975 5237 2060 5292 onus,

233 5321 293 5388 τὸν
319 5325 424 5405 γόμον
451 5323 569 5408 πλήρη,
597 5332 666 5386 τῶν
692 5323 936 5404 λοιπαζομίνων
963 5326 1133 5408 παρεχέτω
1160 5324 1253 5387 etiam
1283 5323 1347 5386 eius
1379 5323 1462 5404 quod
1491 5322 1590 5386 deficit
1620 5322 1747 5384 naulum
1777 5324 1934 5404 praebeat,
1972 5324 2061 5389 sicuti
2188 5356 2194 5365 ·

231 5428 277 5495 τίι
299 5431 414 5511 ναῦλα,
437 5426 559 5503 καθὼς
581 5430 831 5515 συνεγράψατο.
1161 5430 1312 5511 scripturo
1334 5429 1482 5492 convenit

145 5544 194 5602 κδ’.
296 5534 371 5600 Ἐάν
403 5539 422 5600 ό
450 5535 634 5621 ναύκληρος
660 5534 775 5620 λαβὼν
802 5533 846 5599 τά
877 5532 995 5617 ήμισυ7
1027 5535 1133 5599 ναῦλα
1227 5535 1260 5597 Si
1286 5536 1430 5616 magister
1455 5536 1579 5597 dimidio
1605 5536 1699 5598 naulo
1724 5545 1850 5617 accepto
1872 5536 2061 5618 navigaverit
2096 5545 2138 5596 24.

232 5643 352 5730 πλεύσῃ
389 5642 447 5707 καί
487 5642 644 5729 βουληθῇ
682 5645 701 5706 ό
733 5646 876 5726 ἔμπορος
911 5642 1132 5729 ἀποστρέψαι,
1159 5652 1190 5705 et
1211 5641 1342 5706 voluerit
1363 5651 1512 5705 mercator
1525 5643 1643 5716 reverti,
1666 5662 1735 5704 cum
1749 5643 1812 5704 iam
1826 5643 2060 5705 instrumentum

304 5892 372 5945 ¹itn
390 5890 450 5946 cod.
469 5888 505 5944 cf.
524 5893 567 5943 24.
639 5887 710 5944 'ita
727 5888 787 5944 cod.
860 5887 922 5943 'roi
935 5889 1016 5961 γρήμ.
1035 5888 1079 5943 ἐπὶ
1094 5891 1131 5959 τῷ
1232 5887 1277 5943 ¹l.
1295 5887 1364 5943 νίνου.

231 5980 323 6052 φόρτῳ
336 5980 379 6035 ed.
424 5979 514 6053 ‘dyc
528 5979 571 6035 ed
615 5977 661 6033 Β1.
674 5981 727 6032 καί.
772 5978 944 6033 ο--υιιυοιλ
989 5977 1130 6033 'sicood
