4842 7018
397 429 440 493 60
858 456 861 464 ·
1032 436 1187 507 LIBER
1208 440 1346 508 XXXV.
1391 442 1481 510 TIT.
1503 442 1592 510 XIV.

461 609 534 677 Ἐάν
562 615 580 676 ὸ
609 611 771 692 δεσπότης
796 613 880 697 μετὰ
907 615 947 681 td
969 620 1119 684 κελεῦσαι
1141 623 1298 709 κληρονο·
1392 625 1425 689 si
1456 625 1596 688 dominus
1627 634 1789 707 postquam
1827 600 1947 689 iusserit
1983 647 2105 689 serrum
2143 627 2232 688 adire

394 729 497 801 μήσαι
530 723 578 802 τῷ
606 720 712 803 δούλω
739 727 826 809 μανῇ
854 722 919 805 πρδ
951 736 1010 802 τῆς
1042 727 1296 812 ὑπεισελιύσεως,
1325 733 1456 814 coeperit
1484 733 1583 795 fruere
1612 742 1682 795 ante
1705 734 1881 808 aditionem,
1908 753 1969 795 non
1994 733 2127 814 emplius
2150 744 2233 795 recte

394 828 503 890 ούκέτι
525 827 635 903 καλῶς
657 830 863 913 κληρονομεῖν
888 869 931 879 -
1192 840 1228 900 fr.
1245 843 1296 901 47.
1325 841 1397 903 adit
2123 840 2159 902 fr.
2174 842 2229 902 47.

456 942 490 1007 ‘0
512 941 606 1028 παρά
632 953 694 1008 τοῦ
716 946 821 1010 αὐτοῦ
847 952 881 1010 ὲν
908 947 982 1013 δνσὶ
1010 950 1195 1030 διαθήκαις
1217 976 1296 1041 γρα-
1391 957 1455 1034 Qui
1486 958 1526 1019 ab
1558 957 1662 1019 eodem
1694 958 1727 1019 in
1764 956 1882 1019 duobus
1913 957 2101 1018 testamentis
2141 956 2230 1018 heres

393 1049 466 1136 φελς
488 1050 545 1115 καὶ
570 1052 719 1115 ύπονοων
741 1052 802 1129 τήν
816 1054 960 1139 ὑστέραν
982 1054 1063 1122 εἶναι
1080 1060 1239 1143 πλαστήν,
1263 1064 1297 1146 ἐξ
1325 1064 1454 1145 scriptus
1477 1074 1523 1126 est
1544 1072 1575 1126 et
1596 1062 1770 1144 suspicatur
1790 1063 1939 1144 posterius
1955 1083 2021 1125 esse
2044 1063 2165 1137 fabum,
2188 1085 2230 1125 ex

393 1158 567 1244 οὐδετέρας
589 1160 793 1245 κληρονομεῖ.
1139 1169 1175 1231 fr.
1192 1174 1231 1232 51
1249 1193 1296 1252 pr·
1325 1179 1430 1234 neutro
1453 1171 1537 1233 odire
1558 1179 1666 1252 potest
2070 1170 2106 1231 fr.
2122 1174 2163 1231 51
2180 1192 2228 1251 pr.

456 1274 489 1340 Ὁ
516 1280 560 1350 εἷς
586 1280 683 1359 μέρος
711 1277 816 1363 χωρὶς
848 1281 1004 1365 αἱρέσεως
1034 1280 1092 1346 καλ
1124 1289 1168 1359 εἰς
1198 1290 1297 1371 μέρος
1391 1288 1454 1365 Qui
1477 1308 1515 1348 ex
1538 1296 1625 1368 parte
1643 1289 1707 1349 sine
1722 1286 1905 1360 condicione,
1928 1306 1967 1348 ex
1983 1296 2070 1367 parte
2085 1286 2142 1348 sub
2157 1307 2227 1348 eon-

393 1380 456 1446 ύπδ
479 1381 608 1467 αἵρεσιν
630 1383 771 1472 γραφεὶς
794 1386 1006 1472 κληρονόμος,
1031 1388 1088 1453 ἐὰν
1110 1393 1211 1473 μόνος
1226 1393 1295 1457 ἐστὶ
1324 1395 1440 1457 dicione
1467 1396 1595 1475 scriptus
1618 1394 1658 1455 sit
1679 1394 1778 1467 heres,
1805 1392 1937 1456 sisoius
1964 1404 2011 1455 est
2036 1413 2134 1475 neque
2157 1394 2228 1456 sub

392 1487 449 1552 καὶ
480 1491 561 1570 μήτε
593 1490 874 1557 ύποκατάστατον
906 1498 963 1581 ἔχῃ
994 1497 1208 1580 κληρονομων
1238 1500 1295 1564 καὶ
1324 1502 1463 1564 stitutum
1491 1500 1593 1576 habet,
1621 1500 1761 1563 adeundo
1783 1500 1875 1563 etiam
1898 1509 1971 1562 ante
1993 1508 2134 1562 eventum
2157 1520 2227 1562 con·

393 1591 457 1676 πρδ
487 1607 545 1672 τής
572 1595 737 1681 ἐκβάσεως
764 1610 822 1675 τῆς
854 1603 1011 1686 αἱρέσεως
1038 1608 1082 1678 είς
1113 1606 1297 1691 ὀλόκληρον
1323 1607 1450 1670 dicionis
1473 1608 1505 1669 in
1528 1608 1659 1670 solidum
1682 1607 1717 1668 fit
1738 1607 1832 1668 heres.
2040 1606 2077 1668 fr.
2094 1609 2177 1682 525
2197 1602 2225 1666 1.

392 1704 516 1782 γίνεται
540 1705 753 1788 κληρονόμος.
1111 1713 1147 1776 fr.
1164 1717 1215 1777 52.
1232 1720 1248 1792 ς
1268 1718 1295 1777 1.

456 1818 531 1881 Ἐάν
563 1841 613 1893 τις
643 1825 687 1896 είς
713 1824 812 1906 μέρος
840 1822 945 1909 χωρίς
976 1828 1132 1910 αἱρέσεως
1162 1827 1219 1891 καὶ
1252 1834 1295 1903 εἰς
1390 1830 1424 1893 ei
1446 1830 1514 1911 quis
1537 1850 1576 1892 ex
1597 1837 1684 1911 parte
1707 1829 1772 1892 sine
1794 1829 1974 1904 condicione,
1997 1849 2037 1891 ex
2059 1838 2145 1910 parte
2167 1829 2225 1891 sub

391 1929 489 2009 μέρος
517 1923 580 1990 ὑπὸ
609 1924 737 2011 αἵρεσιν
764 1935 882 2016 γραφῇ
909 1931 965 1995 καὶ
994 1930 1054 2010 τήν
1077 1932 1183 2019 χωρὶς
1211 1938 1295 2020 αἱρέ-
1324 1938 1497 2000 condicione
1520 1936 1650 2017 scriptus
1665 1936 1714 2010 sit,
1737 1944 1821 1999 etex
1836 1957 1873 1998 ea
1887 1946 1983 2018 parte,
2006 1936 2038 1996 in
2054 1956 2146 2016 quem
2161 1936 2226 1998 sine

391 2054 473 2106 σεως
487 2033 740 2116 κληρονομήσας
763 2037 936 2124 άποθάνῃ,
959 2039 1016 2103 καλ
1040 2038 1079 2104 τὸ
1095 2042 1177 2105 ἄλλο
1199 2046 1296 2127 μέρος
1323 2045 1497 2107 condicione
1512 2051 1638 2106 vocatus
1654 2052 1708 2117 est,
1726 2063 1796 2105 cum
1812 2043 1936 2106 adiisset
1950 2042 2118 2117 decesserit,
2133 2044 2224 2104 etiam

391 2149 450 2215 τῆς
472 2142 628 2224 αἱρέσεως
651 2142 800 2224 ἐξιούσης
823 2147 856 2207 οἱ
873 2145 1073 2229 κληρονόμοι
1093 2150 1197 2213 αὐτοῦ
1218 2151 1295 2231 λαμ·
1323 2152 1452 2213 alteram
1478 2159 1608 2232 partem,
1631 2152 1777 2214 existente
1800 2150 1986 2226 condicione,
2013 2149 2138 2212 heredes
2160 2150 2225 2212 eins

390 2244 560 2330 βάνονσιν.
621 2277 624 2284 ·
1141 2256 1176 2318 fr.
1193 2261 1234 2319 53
1250 2279 1295 2339 pr.
1323 2260 1483 2340 accipiunt.
2068 2256 2104 2318 fr.
2122 2259 2162 2319 53
2179 2278 2224 2337 pr.

339 2357 354 2411 '·
455 2362 487 2428 'O
511 2362 627 2437 δοῦλος
651 2369 684 2427 ὲν
706 2368 793 2449 μέρει
816 2367 957 2454 γραφεὶς
980 2368 1074 2454 παρά
1097 2381 1158 2436 τοῦ
1180 2372 1294 2437 δεσπό-
1389 2375 1502 2437 Servus
1525 2383 1672 2455 exparte
1693 2395 1714 2436 a
1735 2373 1858 2436 domino
1881 2373 2011 2453 scriptus
2026 2372 2119 2433 etiam
2142 2382 2223 2433 ante·

390 2491 452 2532 τον
478 2468 535 2533 καὶ
564 2468 629 2555 πρδ
657 2482 716 2548 τής
743 2474 989 2550 ύπεισελεύσεως
1021 2486 1083 2540 τοῦ
1114 2480 1293 2564 σνγκληρο·
1322 2502 1413 2561 quem
1445 2482 1566 2543 coheres
1594 2481 1702 2544 adierit
1727 2481 1914 2543 necessarius
1945 2480 2054 2559 (hess)
2083 2478 2131 2553 fit;
2162 2499 2222 2540 non

390 2577 493 2657 νόμον
516 2579 639 2657 γίνεται
665 2581 860 2660 άναγκαῖος·
889 2584 929 2646 ού
951 2581 1017 2668 γάρ
1042 2582 1109 2648 άπδ
1133 2595 1195 2649 τοῦ
1216 2608 1293 2667 σνγ-
1321 2588 1400 2650 enim
1424 2608 1443 2649 a
1465 2588 1618 2663 coherede,
1640 2588 1694 2650 sed
1709 2608 1729 2649 a
1744 2588 1904 2668 semetipso
1920 2588 2031 2667 sccipit
2044 2585 2221 2658 libertatem,

390 2683 597 2767 κληρονόμον
629 2685 701 2749 ἀλλ’
732 2687 766 2769 ἐξ
795 2688 900 2752 αὑτοῦ
930 2689 1090 2775 λαμβάνει
1121 2691 1180 2769 τήν
1212 2694 1293 2783 tien·
1320 2696 1380 2757 nisi
1402 2696 1460 2758 sub
1483 2696 1660 2758 condicione
1682 2695 1839 2757 institutus
1862 2695 1902 2755 sit
1928 2715 2016 2768 „cum
2039 2692 2117 2754 ulter
2138 2692 2221 2754 heres

391 2788 523 2873 θεριάν,
557 2795 583 2854 εί
610 2791 653 2874 μή
681 2791 744 2857 ὑπὸ
773 2793 900 2878 αἵρεσιν
936 2799 1080 2885 ἐγράφη,
1113 2798 1173 2876 τήν
1204 2798 1293 2881 ,ὅτε
1320 2802 1420 2865 factus
1442 2803 1557 2865 fuerit‘t
2121 2799 2156 2862 fr·
2172 2799 2220 2861 58·

390 2897 507 2971 άλλος
528 2898 847 2983 κληρονομήσειίί.
1189 2908 1225 2970 fr.
1242 2912 1292 2972 58.

298 3016 353 3087 Ρὲ·
455 3019 529 3085 Ἐάν
552 3025 570 3086 ὁ
592 3009 664 3105 {obp
684 3026 803 3111 γράψῃ
822 3024 882 3090 τόν
899 3029 1114 3112 αὐτεξούσιον
1135 3030 1193 3094 καλ
1217 3032 1293 3095 ύπο-
1387 3034 1420 3097 si
1443 3044 1530 3116 pater
1552 3034 1647 3095 filium
1670 3032 1895 3113 emancipatum
1918 3032 2060 3094 heredem
2085 3032 2221 3093 instituat

389 3130 587 3217 καταστήσῃ
611 3132 715 3213 αύτῷ,
740 3135 758 3196 ὁ
783 3132 816 3196 δέ
840 3133 1046 3214 διακατοχήν
1069 3139 1113 3212 ὡς
1137 3159 1293 3225 παραφο-
1321 3140 1407 3221 eique
1430 3141 1603 3215 substituat,
1626 3143 1712 3222 isque
1733 3140 1952 3220 possessionem
1974 3148 2062 3220 petat
2076 3148 2220 3219 tanquam

390 3243 529 3318 ροῦντος
552 3238 657 3302 αὐτοῦ
679 3240 801 3326 αἰτήσῃ
824 3239 881 3304 καλ
901 3242 1025 3329 εὑρεθῇ
1049 3245 1173 3330 νήφων,
1194 3247 1293 3330 χώρα
1321 3247 1443 3309 demens
1461 3256 1549 3329 pater
1571 3248 1678 3310 fuisset
1695 3257 1725 3310 et
1748 3247 1921 3310 inveniatur
1942 3267 2049 3321 senus,
2072 3245 2155 3307 locus
2176 3253 2220 3306 est

389 3345 430 3428 τῇ
455 3343 735 3409 ὑποκαταστάσει.
1188 3353 1223 3414 fr.
1242 3355 1292 3415 60.
1322 3354 1540 3417 substitutioni.
2118 3352 2153 3413 fr·
2170 3351 2218 3413 60·

453 3457 486 3523 ‘O
509 3457 572 3522 ὑπὸ
596 3458 724 3545 αἵρεσιν
739 3460 844 3547 όρκον
858 3463 1000 3551 γραφεὶς
1015 3466 1219 3550 κληρονόμος
1235 3465 1292 3531 ἐάν
1386 3469 1449 3546 Qui
1472 3470 1528 3532 sub
1551 3470 1747 3532 iurisiurandi
1769 3470 1945 3532 condicione
1967 3470 2098 3549 scriptus
2120 3477 2174 3541 est,
2195 3468 2219 3528 εἰ

389 3566 433 3639 ὡς
454 3566 659 3650 κληρονόμος
682 3570 799 3655 ὀμόσῃ,
824 3569 916 3634 δοκεῖ
934 3574 1120 3657 ἐγχειρίζειν
1143 3572 1203 3650 τήν
1217 3574 1292 3652 κλη-
1320 3587 1467 3657 tanquam
1489 3576 1575 3639 heres
1598 3578 1752 3651 iuraverit,
1774 3577 1895 3640 videtur
1911 3597 1966 3658 pro
1986 3576 2097 3638 herede
2111 3595 2218 3656 gerere.

389 3674 558 3756 ρονομίαν.
1136 3681 1172 3742 fr.
1189 3685 1230 3744 62
1246 3703 1291 3764 pr.
2115 3681 2151 3744 fr.
2170 3685 2218 3743 62.

454 3788 506 3852 Ἐκ
533 3788 702 3868 διαθήκης
730 3794 748 3855 ό
776 3795 970 3876 μαινόμενος
1002 3795 1147 3878 ἐξωτικηῖ
1173 3798 1291 3881 κληρο-
1384 3799 1435 3861 Ex
1457 3809 1638 3862 testamento
1660 3799 1793 3861 furiosus
1815 3808 1958 3862 εκετεοοο
1985 3798 2072 3861 heres
2094 3819 2157 3860 non
2177 3797 2218 3869 fir,

388 3897 489 3977 νόμος
520 3897 560 3960 ού
591 3899 729 3979 γίνεται,
769 3905 794 3963 εὶ
826 3899 869 3981 μή
903 3900 960 3965 διὰ
991 3913 1058 3965 τῶν
1089 3903 1292 3986 ύπεξονσίων
1318 3906 1377 3968 nisi
1402 3925 1456 3987 per
1482 3926 1533 3968 eos
1560 3907 1613 3987 qui
1634 3908 1666 3967 in
1688 3915 1839 3987 potestate
1864 3907 1928 3968 eius
1955 3915 2027 3968 sunt
2053 3906 2218 3967 institutos:

388 4002 493 4065 αὐτοῦ
514 4009 748 4090 γραφομένων·
771 4008 894 4088 γίνεται
919 4008 953 4072 δὲ
972 4011 1155 4090 ἀναγκαῖος
1174 4011 1290 4095 κληρο-
1317 4013 1353 4074 fit
1375 4021 1477 4074 autem
1491 4013 1678 4076 necessarius
1700 4013 1787 4076 heres
1805 4014 1886 4095 patri
1901 4021 1932 4074 et
1945 4012 2077 4075 domino.
2115 4012 2151 4075 fr.
2169 4015 2218 4074 63.

387 4109 488 4190 νόμος
511 4109 614 4196 πατρὶ
637 4110 695 4176 καλ
718 4112 875 4200 δεσπότην
893 4151 935 4162 -
1185 4118 1221 4179 tr.
1239 4122 1289 4180 63.

331 4267 338 4281 ·
446 4221 528 4299 Ἕως
546 4219 586 4289 οὗ
604 4229 623 4290 d
639 4233 861 4311 γεγραμμένος
875 4232 1079 4315 κληρονόμος
1098 4235 1226 4319 άπείπῃ,
1251 4235 1291 4296 ού
1383 4235 1488 4298 Donec
1514 4235 1599 4298 heres
1628 4238 1757 4317 scriptus
1783 4237 2009 4309 renuntiaverit,
2036 4256 2098 4297 non
2120 4244 2218 4316 potest

388 4328 527 4396 δύναται
551 4333 585 4417 ἐξ
609 4333 798 4399 άδιαθέτον
818 4339 1003 4419 ἀπολέγειν·
1026 4336 1084 4402 ἐάν
1103 4339 1137 4403 δὲ
1153 4342 1172 4403 d
1188 4337 1290 4414 αύτδς
1316 4341 1468 4422 legitimus
1492 4341 1606 4426 [heres]
1630 4343 1800 4424 repudiare;
1824 4344 1905 4424 quod
1928 4344 1955 4404 si
1975 4343 2056 4404 idem
2079 4342 2218 4422 utrinque

387 4438 643 4526 άμφωτέρωθεν
665 4441 866 4525 καλούμενος
889 4449 960 4532 είπῃ
983 4445 1165 4531 μηδετέραν
1186 4469 1289 4511 κατα·
1317 4458 1443 4512 vocatus
1461 4450 1543 4512 dicat
1560 4458 1699 4512 neutrum
1718 4450 1937 4532 (hereditatem)
1960 4450 2102 4530 accipere,
2124 4449 2216 4530 possi-

387 4543 560 4627 δέχεσθαι,
588 4550 741 4630 νέμονται
768 4548 813 4615 τά
840 4553 1023 4637 πράγματα
1049 4556 1082 4617 οἱ
1109 4547 1288 4617 δανειδταί.
1316 4554 1390 4617 dent
1412 4556 1493 4618 bona
1516 4557 1684 4619 creditores.
2034 4556 2070 4617 fr.
2089 4558 2138 4619 70.
2154 4562 2171 4633 ξ
2189 4555 2216 4616 1.

1060 4660 1096 4722 fr.
1113 4663 1163 4722 ιο.
1181 4667 1197 4738 ε
1217 4664 1243 4722 1.
1261 4664 1289 4722 2.

452 4766 525 4833 Ἐάν
552 4770 730 4856 άλλότριον
758 4771 876 4837 δοῦλον
907 4775 1068 4858 άγοράσω
1097 4773 1191 4860 παρά
1223 4786 1290 4839 των
1384 4777 1572 4841 stelionum
1595 4800 1716 4842 servum
1739 4800 1839 4843 emero
1863 4780 1903 4842 ab
1929 4779 2067 4842 hostibus
2095 4787 2215 4841 etcum

386 4875 548 4957 πολεμίων
569 4876 627 4941 καλ
646 4874 708 4941 σὺν
722 4879 897 4966 ἐλευθερία
912 4878 1015 4944 αὐτὸν
1030 4883 1156 4967 γράψω
1172 4883 1288 4966 κληρο-
1316 4885 1456 4948 libertate
1478 4907 1548 4949 eum
1570 4887 1711 4950 heredem
1734 4888 1894 4967 scripsero,
1922 4887 2109 4949 necessarius
2131 4887 2214 4947 heres

386 4984 502 5063 νόμον,
535 4985 718 5066 άναγκαῑος
749 4986 954 5071 κληρονόμος
992 4990 1116 5068 γίνεται
1148 4987 1204 5052 καλ
1238 4987 1287 5052 ἐπὶ
1316 4991 1351 5052 fit
1376 5002 1406 5054 et
1437 4994 1495 5055 hoc
1521 5015 1594 5056 cusu
1621 5014 1684 5056 non
1710 4994 1880 5055 restituitur
1910 4995 2053 5056 anteriori
2082 4994 2213 5064 domium

387 5087 509 5153 τούτου
536 5100 597 5155 τοῦ
620 5093 771 5175 θύματος
795 5094 855 5157 οὐκ
877 5094 1077 5159 άποδίδοται
1105 5099 1152 5177 τῷ
1175 5095 1289 5180 πρῴην
1316 5100 1462 5162 subicitur
1484 5101 1563 5163 enim
1586 5101 1622 5174 ei,
1644 5100 1740 5162 donec
1761 5109 1896 5182 praestet
1917 5102 2048 5182 pretium
2071 5121 2167 5163 suum

386 5194 544 5283 δεσπότῃ·
567 5198 738 5263 ὑπόκειται
761 5204 871 5281 μέντοι
891 5202 982 5283 αύτῷ
998 5206 1057 5276 ἕως
1073 5195 1112 5265 οὗ
1128 5204 1288 5289 παράσχῃ
2059 5208 2096 5269 fr.
2115 5210 2153 5269 71
2171 5229 2213 5289 pr.

385 5298 426 5366 τδ
449 5301 535 5366 ίδιον
556 5304 710 5388 τίμημα.Ι
1134 5309 1169 5371 fr.
1188 5313 1226 5373 71
1243 5331 1288 5390 με,

449 5417 482 5483 Ὁ
504 5419 697 5503 ὑπεξούσιος
719 5424 915 5509 άποκλέψας
937 5447 969 5487 τι
993 5435 1051 5500 τῆς
1068 5425 1288 5509 κληρονομίας
1383 5431 1463 5493 Suus
1481 5432 1568 5493 heres
1584 5432 1609 5492 si
1625 5432 1772 5493 amoverit
1785 5431 1860 5512 quid
1875 5453 1914 5494 ex
1928 5431 2097 5493 hereditate
2113 5430 2161 5493 vel
2175 5430 2213 5492 ad

386 5524 405 5602 ή
429 5525 512 5609 πρδς
535 5528 594 5606 τήν
616 5529 840 5614 κληρονομίαν
862 5534 1045 5619 φερόμενον
1068 5532 1088 5609 t
1110 5531 1246 5619 κρύψας
1269 5532 1288 5609 ή
1314 5538 1511 5600 hereditatem
1534 5546 1673 5618 spectans
1692 5537 1742 5600 vel
1764 5538 1907 5601 celaverit
1924 5538 1975 5601 vel
1997 5539 2213 5620 consumpserit

386 5632 618 5713 δαπανήσαςή
638 5636 846 5725 διαφθείρας
864 5639 884 5716 ή
900 5639 978 5724 παρ’
996 5642 1109 5723 ἑτέρον
1127 5640 1286 5722 γενέσθαι
1315 5644 1365 5707 vei
1390 5645 1556 5725 corruperit
1583 5643 1633 5705 vel
1659 5665 1714 5725 per
1741 5645 1835 5707 ulium
1866 5646 1942 5708 haec
1968 5645 2033 5707 fieri
2059 5646 2213 5717 ctusverit,

386 5748 495 5804 ταῦτα
522 5743 717 5819 σπουδάσας
745 5746 785 5808 ού
812 5744 951 5810 δύναται
978 5757 1037 5824 τής
1067 5747 1288 5831 κληρονομίας
1315 5773 1377 5813 ποτε
1413 5760 1513 5834 potest
1550 5752 1716 5814 hereditate
1748 5753 1906 5816 abstinere.
1939 5754 1986 5835 [fr.
2005 5758 2054 5816 71.
2071 5760 2088 5831 ς
2106 5753 2211 5838 5-7]

385 5892 598 5904 ——-—...

458 5981 467 6014 ¹
486 5980 554 6037 Cod
568 5979 603 6035 ιδ’
615 5984 794 6038 verisimilius
804 6001 856 6056 pro
868 5983 909 6053 ηδ’
922 5989 965 6053 (ex
980 5984 1053 6055 ΝΔ)
1100 5987 1111 6019 ¹
1128 5987 1209 6041 simil.
1220 5986 1285 6059 Syn.
