4842 7018
140 3194 191 3257 κζ.

134 3837 191 3889 κθ’.

82 4800 127 4867 sol.
139 4804 190 4852 47¹.

159 5121 190 5173 λ’.

906 434 1060 502 LIBER
1081 432 1201 500 XLIV.
1245 433 1335 499 TIT.
1357 434 1383 498 L
2022 435 2064 497 69

297 616 365 681 Καὶ
389 616 428 682 τὸ
451 620 547 700 μήπω
563 615 603 680 όν
618 616 652 682 ἐν
671 618 768 706 φύσει
785 619 894 692 καλῶς
909 615 1132 699 ληγατεόεται,
1228 617 1271 679 Et
1301 619 1384 697 qnod
1413 616 1548 678 nondum
1579 616 1612 679 in
1638 635 1739 677 rerum
1766 625 1877 678 natura
1907 625 1955 678 est
1982 624 2065 678 recte

230 728 274 800 ὡς
297 723 336 789 τό
359 727 596 808 γεννησόμενον
619 725 686 791 ἀπὸ
710 726 804 803 τήςδε
827 737 885 802 τῆς
913 724 1030 800 δούλης
1057 723 1077 801 ή
1101 726 1134 786 oi
1160 726 1288 807 legatur,
1311 725 1407 788 veluti
1429 724 1461 785 id
1484 724 1566 805 quod
1589 732 1732 786 nascetur
1752 742 1791 785 ex
1813 723 1871 786 hac
1887 722 2002 786 aneilla
2015 721 2065 786 vel

229 835 458 916 γεννησόμενοι
475 833 597 919 καρποὶ
614 833 663 911 ήή
679 830 936 917 έσομένηήγονή]
953 832 1133 914 τωνθρεμ-
1161 833 1256 896 futuri
1270 832 1387 894 fruetus
1402 831 1451 894 vel
1467 830 1593 915 [foetus]
1609 831 1704 894 futuri
1718 850 1870 911 pecorum.
1910 831 1945 893 ir.
1963 832 2005 892 24
2020 851 2065 911 pr.

229 943 352 1024 μοίτων.
976 940 1012 1002 fr.
1029 942 1072 1003 24
1087 961 1132 1022 pr.

297 1048 490 1134 Άχρήστως
512 1047 574 1126 τήν
592 1058 717 1134 χρῆσιν
739 1059 807 1112 των
824 1057 972 1133 καρπῶν,
995 1043 1036 1123 ήν
1058 1048 1132 1127 έχω,
1226 1047 1382 1110 Inutiliter
1407 1046 1475 1127 lego
1504 1045 1726 1110 usumfructum
1753 1066 1843 1127 quem
1869 1045 1981 1121 habeo,
2008 1046 2066 1109 nisi

229 1156 407 1238 ληγατεόω,
432 1161 458 1220 εἰ
480 1154 524 1239 μή
548 1153 609 1233 τήν
632 1155 827 1220 δεσποτείαν
849 1154 1083 1236 ἐπικτήσωμαι.
1160 1156 1378 1237 proprietatem
1400 1154 1565 1236 quaesiero.
1882 1153 1917 1216 ir.
1934 1156 1985 1216 24.
2002 1160 2019 1231 5
2038 1156 2065 1215 1.

949 1262 984 1324 ο.
1002 1264 1052 1325 24.
1070 1268 1086 1338 ς
1105 1264 1132 1322 1.

297 1371 405 1446 Δήλου
428 1380 566 1455 πράγμα
589 1366 647 1434 έάν
669 1370 864 1456 ληγατευθη·
881 1366 938 1433 καί
958 1369 1132 1449 ἀπόληται,
1228 1368 1319 1432 Certa
1340 1389 1389 1430 res
1412 1370 1438 1431 si
1459 1368 1562 1448 legata
1583 1367 1676 1430 fuerit
1697 1376 1728 1430 et
1748 1367 1879 1449 perierit,
1901 1368 2066 1449 legatarius

229 1477 475 1561 ὁληγατάριος
498 1479 678 1560 ζημιοῦται,
707 1482 733 1540 εί
755 1475 799 1560 μὴ
823 1476 921 1550 δόλος
942 1474 1000 1539 καί
1024 1476 1133 1559 ῥαθυ-
1161 1478 1307 1540 damnum
1330 1477 1433 1551 sentit,
1460 1476 1519 1538 nisi
1540 1475 1628 1538 dolus
1651 1484 1706 1537 aut
1731 1474 1921 1556 neglegentia
1947 1475 2066 1538 heredis

228 1586 289 1667 μία
311 1593 373 1648 τοῦ
394 1584 604 1668 κληρονόμου
626 1588 758 1666 γέγονεν
780 1584 800 1662 ή
823 1584 1004 1668 ὑπέρθεσις
1026 1588 1070 1657 είς
1094 1581 1133 1647 τό
1161 1585 1357 1647 intervenerit
1381 1592 1436 1646 aut
1456 1603 1550 1657 mora,
1574 1592 1692 1645 utnon
1715 1582 1838 1644 daretur
1860 1581 1914 1644 ubi
1935 1582 2043 1645 fuerat.

228 1690 271 1773 μὴ
296 1690 443 1768 δοθῆναι
467 1692 557 1756 ἔνθα
580 1689 644 1770 ἧκέ
950 1691 985 1753 fr.
1003 1694 1053 1753 26.
1070 1697 1086 1768 ᾖ
1107 1694 1133 1752 1.
1881 1688 1917 1753 fr.
1934 1692 1985 1751 26.
2002 1696 2019 1767 5
2038 1694 2065 1752 1.

293 1796 367 1862 Ἐἀν
381 1802 480 1883 μέρος
495 1799 612 1874 οὐσίας
627 1798 830 1884 ληγατευθῇ,
855 1795 1007 1879 έπιλογήν
1026 1798 1134 1873 όκλη-
1228 1799 1261 1862 si
1299 1819 1371 1880 pars
1408 1799 1583 1862 hereditatis
1614 1796 1706 1859 fuerit
1736 1795 1851 1878 legata,
1888 1795 2065 1860 electionem

229 1907 371 1991 ρονόμος
394 1908 457 1983 έχει
482 1906 501 1984 l>
525 1905 565 1971 τό
587 1910 686 1991 μέρος
709 1916 776 1969 τῶν
795 1906 1002 1989 πραγμάτων
1018 1903 1132 1968 δοῦναι
1161 1907 1246 1969 heres
1277 1906 1376 1981 habet,
1408 1914 1511 1968 utrum
1537 1914 1655 1986 partem
1684 1924 1785 1966 rerum
1816 1903 1868 1967 det
1894 1923 1935 1965 an
1961 1924 2065 1966 earum

228 2013 248 2090 ή
271 2011 332 2090 τήν
355 2014 558 2096 ἀποτίμησιν
573 2014 698 2077 αὐτῶν·
722 2023 790 2076 των
807 2016 918 2095 μέντοι
935 2011 1134 2097 ἀδιαιρέτων
1162 2014 1410 2077 aestimationem.
1448 2013 1565 2074 Earum
1587 2031 1667 2085 vero,
1690 2030 1769 2092 quae
1795 2010 1891 2073 dividi
1913 2028 1975 2072 non
1998 2030 2066 2092 pos·

229 2117 286 2184 καί
311 2119 545 2205 δυςδιαιρέτων
568 2121 703 2185 πάντων
726 2117 766 2183 τό
790 2120 914 2201 τίμημα
938 2116 1103 2182 δίδωσιν.8
1162 2130 1234 2184 sunt
1264 2129 1319 2182 aut
1355 2120 1517 2183 difficiliter
1547 2128 1684 2200 possunt,
1716 2117 1851 2179 omnium
1883 2116 2065 2180 aestimatio·

949 2227 985 2288 fr.
1003 2229 1133 2304 26.§2.
1161 2249 1230 2291 nem
1253 2228 1315 2291 dat.
1880 2224 2064 2301 fr.26.§2.

296 2335 449 2399 Δυνατόν
472 2339 542 2398 ἐστι
565 2331 622 2398 καί
646 2332 688 2395 δι’
714 2330 785 2407 ἑνός
808 2333 1006 2419 πράγματος
1033 2332 1052 2410 l)
1075 2331 1132 2397 καί
1228 2336 1333 2399 Potest
1354 2345 1385 2398 et
1406 2355 1460 2417 per
1482 2333 1633 2413 singulam
1655 2353 1719 2394 rem
1739 2332 1789 2396 vel
1810 2353 1866 2414 per
1887 2332 1989 2413 plures
2011 2331 2066 2392 im·

230 2442 387 2506 πλειόνων
419 2441 641 2525 πληρωθῆναι
675 2437 715 2503 τό
747 2440 956 2521 ληγατευθέν
983 2443 1081 2525 μέρος
1113 2439 1133 2516 l>
1161 2442 1238 2525 pleri
1253 2444 1351 2524 portio
1366 2443 1471 2524 legata
1492 2441 1541 2505 vel
1564 2460 1712 2503 consensu
1734 2439 1873 2521 legatarii
1891 2439 1941 2503 vel
1964 2447 2066 2502 auoto-

229 2559 465 2623 συναινοῦυτος
497 2557 559 2612 τοῦ
588 2548 794 2631 ληγαταριόυ
825 2546 845 2625 l>
878 2556 939 2611 τοῦ
971 2546 1134 2611 δικαστοῦ
1160 2552 1250 2614 ritate
1275 2549 1394 2623 iudicis,
1421 2568 1460 2611 ne
1487 2556 1614 2628 cogatur
1639 2547 1805 2630 legatarius
1828 2567 1867 2608 ex
1889 2566 2009 2635 quaque
2032 2566 2065 2607 re

228 2657 486 2735 αὐθεντοῦντος,
510 2653 566 2718 ἵνα
587 2652 631 2736 μή
655 2655 865 2741 ἀναγκασθῇ
888 2657 906 2717 ό
930 2654 1134 2739 ληγατάριος
1160 2657 1318 2719 dimidium
1340 2655 1503 2720 vindicare.
1961 2653 1997 2716 fr.
2014 2655 2065 2715 27.

228 2761 295 2828 ἀπὸ
319 2763 464 2827 έκάστου
486 2759 526 2826 τό
550 2758 649 2843 ήμισυ
672 2760 816 2825 ἐκδικεῖν.
1030 2762 1065 2823 fr.
1082 2764 1133 2823 27.

296 2868 364 2935 Καὶ
387 2868 427 2934 τό
450 2866 514 2932 ὑπὸ
531 2866 762 2954 παραγραφὴν
782 2866 1055 2953 χρεωστούμενόν
1077 2889 1132 2950 μοι
1227 2871 1270 2933 Et
1291 2870 1323 2931 id
1354 2870 1436 2952 quod
1463 2869 1520 2931 sub
1549 2869 1757 2950 exceptionem
1780 2868 1908 2932 debetur
1933 2868 2007 2930 mihi
2034 2878 2066 2931 et

228 2976 286 3043 καὶ
301 2975 340 3041 τδ
357 2978 564 3062 πραιτώριον
577 2973 635 3039 καί
654 2972 694 3038 τό
717 2975 752 3058 ἐξ
774 2975 1002 3060 ἐπερωτήσεως
1024 2975 1134 3049 καλῶς
1161 2978 1356 3041 honorarium
1379 2977 1514 3040 debitum
1537 2986 1568 3039 et
1590 2976 1725 3040 debitum
1748 2995 1787 3037 ex
1814 2975 1962 3057 stipulatu
1983 2983 2065 3038 recte

228 3084 445 3167 ληγατεύεταί
451 3105 506 3166 μοι
516 3080 573 3147 καί
584 3083 624 3147 οὐ
632 3091 780 3164 μειοῦται
792 3086 839 3164 τῷ
849 3081 1024 3169 φαλκιδίιμ.
1040 3082 1132 3145 faus.
1161 3086 1235 3147 mihi
1256 3086 1377 3164 legatur
1397 3105 1496 3166 neque
1517 3084 1664 3146 minuitur
1685 3083 1816 3146 falcidia
1961 3082 1996 3144 fr.
2014 3085 2064 3145 28.

295 3192 335 3256 El
360 3191 394 3254 δέ
416 3191 496 3273 μήτε
519 3193 553 3253 έν
576 3190 689 3274 τρόπῳ
712 3189 791 3271 μήτε
815 3194 848 3253 έν
867 3190 982 3274 χρόνῳ
1005 3188 1085 3271 μήτε
1100 3194 1134 3252 έν
1228 3193 1261 3255 Si
1282 3212 1381 3274 neque
1403 3192 1492 3254 modo
1507 3212 1607 3273 neque
1625 3199 1758 3273 tempore
1771 3211 1870 3272 neque
1889 3190 2065 3253 condicione

229 3302 350 3385 αἱρέσει
374 3299 454 3380 μήτε
477 3302 511 3360 έν
530 3298 621 3377 τόπῳ
640 3296 824 3381 ὑπέρθεσιν
839 3292 931 3376 εἶχεν,
955 3297 1134 3381 ἀχρήστως
1161 3321 1260 3382 neque
1282 3301 1349 3363 loco
1372 3319 1488 3361 moram
1510 3298 1643 3361 habebat
1667 3296 1713 3381 [id
1735 3298 1816 3378 quod
1839 3295 1994 3380 debetur],
2021 3298 2065 3357 in·

228 3404 450 3487 ληγατεύεται.
1029 3405 1064 3466 fr.
1081 3407 1132 3466 29.
1161 3407 1277 3470 utiliter
1298 3408 1423 3487 legatur.
1960 3403 1996 3465 fr.
2014 3405 2063 3465 29.

292 3510 367 3577 Ἐἀν
399 3507 539 3586 πολλοὺς
569 3515 654 3587 έχων
686 3513 825 3595 πέτρους
856 3510 1047 3592 ληγατεύσω
1078 3532 1132 3574 σοι
1226 3514 1261 3578 Si
1282 3516 1384 3597 plures
1411 3512 1527 3576 habene
1554 3513 1662 3575 Petros
1690 3511 1828 3595 [servos],
1855 3510 1913 3574 tibi
1938 3511 2065 3573 Petrum

229 3624 350 3704 πέτρον
381 3618 438 3683 καί
470 3616 513 3701 μή
547 3617 704 3694 δηλοῦται
738 3626 843 3698 ποῖον,
876 3619 895 3680 ὁ
927 3618 1133 3700 κληρονόμος
1160 3622 1301 3704 legavero
1323 3641 1421 3702 neque
1443 3629 1572 3702 apparet
1592 3640 1695 3702 quem,
1722 3619 1809 3681 heres
1832 3618 1926 3681 habet
1947 3618 2065 3681 electio·

228 3731 291 3806 έχει
316 3725 376 3804 τήν
399 3723 581 3807 έπιλογήν.3
948 3726 984 3786 fr.
1000 3728 1051 3788 32.
1068 3731 1084 3801 ξ
1105 3728 1131 3786 l.
1160 3750 1238 3792 nona
1881 3725 1916 3787 fr.
1933 3727 1983 3788 32.
2001 3731 2017 3802 5
2037 3729 2064 3787 1.

293 3831 368 3898 Ἐἀν
390 3831 430 3897 τό
455 3830 538 3896 αὐτὸ
563 3842 700 3916 πρᾶγμα
719 3830 778 3894 δύο
795 3830 862 3894 τισί
879 3833 1132 3913 συνεζευγμένας
1227 3836 1261 3899 Si
1284 3835 1389 3898 eodem
1416 3856 1465 3897 res
1492 3833 1611 3897 duobus
1634 3834 1818 3896 ooninnotim
1844 3832 1947 3915 legata
1973 3831 2065 3895 fuerit

228 3940 431 4027 ληγατευθῇ,
463 3944 489 4002 εί
521 3937 578 4002 καὶ
606 3941 625 4002 ὁ
653 3939 711 4020 μέν
738 3948 822 4003 κινεῖ
845 3937 907 4015 τήν
933 3949 1001 4002 τῶν
1028 3959 1132 4021 πραγ-
1159 3954 1190 4008 et
1225 3944 1303 4006 alter
1338 3943 1469 4005 intendit
1503 3962 1602 4004 rerum
1639 3941 1869 4003 vindicatoriam
1906 3941 2064 4015 actionem,

227 4050 343 4131 μα’των
374 4044 596 4124 ἀπαιτητικήν
623 4043 770 4127 ἀγωγήν,
804 4048 823 4109 ό
851 4046 885 4109 δέ
913 4044 974 4122 τήν
1001 4049 1037 4109 έκ
1064 4045 1132 4109 δια·
1160 4052 1237 4113 alter
1263 4071 1334 4114 vero
1360 4071 1399 4113 ex
1426 4056 1607 4112 testamento
1628 4049 1795 4110 remedium
1817 4048 1977 4129 [adhibet],
2005 4048 2064 4110 sin·

229 4155 339 4233 θήκης
353 4153 530 4240 βοήθειαν,
547 4150 614 4216 ἀνά
629 4151 729 4235 ήμισυ
743 4151 962 4238 λαμβάνουσι.
992 4149 1033 4216 τό
1049 4150 1132 4217 αὐτὸ
1159 4159 1223 4238 guli
1237 4157 1392 4220 dimidiam
1412 4157 1574 4237 accipiunt.
1610 4157 1698 4218 Idem
1714 4165 1746 4219 et
1760 4157 1786 4217 si
1800 4155 1982 4230 disiunctim,
2005 4155 2064 4217 nisi

227 4260 345 4326 καλέπλ
361 4261 588 4343 διεζευγμένων
603 4265 629 4324 εἰ
644 4258 687 4342 μή
704 4258 827 4346 δειχθῇ
843 4261 916 4334 ὼςό
933 4258 1133 4343 διαθέμενος
1160 4265 1306 4347 probetur
1332 4272 1505 4327 testatorem
1528 4264 1668 4348 ,legatum
1693 4283 1715 4324 a
1740 4263 1838 4344 priore
1860 4262 2002 4336 adimere,
2033 4272 2065 4324 et

227 4369 431 4458 ἀφελόμενος
454 4365 537 4432 αάτδ
554 4364 621 4431 ἀπὸ
638 4376 699 4430 τοῦ
714 4369 849 4452 πρώτου
871 4364 911 4430 τό
927 4376 994 4430 πάν
1012 4367 1132 4444 ήθέλη·
1160 4373 1247 4435 alteri
1269 4373 1335 4435 dari
1357 4372 1532 4434 universum
1554 4369 1694 4443 voluisse,
1722 4379 1776 4432 aut
1797 4369 1829 4430 in
1852 4369 1983 4432 solidum
2005 4370 2064 4432 sin·

228 4499 284 4541 σεν
307 4476 456 4552 δοθῆναι
479 4478 528 4556 τῷ
543 4472 683 4557 δευτέρῳ
707 4472 726 4550 l>
750 4473 785 4556 ἐξ
803 4474 987 4558 ὁλοκλήρου
1002 4473 1132 4555 έκάστῳ
1160 4480 1239 4562 gulis
1261 4499 1316 4561 per
1338 4480 1518 4560 scripturam
1541 4477 1647 4538 datum
1671 4477 1860 4551 ostendatur;
1887 4486 1961 4540 tuno
1983 4476 2063 4538 enim

228 4581 284 4648 διά
300 4594 358 4660 τής
374 4592 508 4669 γραφῆς
524 4580 758 4645 ἀποδείκνυται
775 4578 814 4644 τό
831 4580 950 4643 δοθέν·
974 4581 1050 4644 τότε
1065 4577 1131 4663 γάρ
1160 4588 1246 4650 alteri
1269 4607 1325 4662 res,
1348 4586 1436 4649 alteri
1459 4584 1627 4648 aestimatio
1650 4584 1742 4646 datur
1763 4593 1794 4646 et
1815 4584 1868 4666 qui
1883 4586 1965 4665 prior
1978 4583 2063 4646 litem

227 4695 275 4772 τῷ
290 4691 348 4772 μέν
363 4686 402 4752 τδ
418 4698 565 4773 πρᾶγμα,
581 4691 628 4768 τῷ
644 4687 678 4750 δέ
694 4685 733 4751 τό
750 4689 874 4770 τίμημα
893 4687 1022 4751 δίδοται
1040 4686 1131 4752 καλό
1161 4702 1349 4757 contestatur
1386 4701 1478 4755 antea
1512 4691 1689 4755 electionem
1724 4691 1818 4753 habet
1856 4700 1959 4753 utram
1989 4689 2064 4753 velit

227 4796 547 4881 προκαταρξοίμενος
562 4804 694 4877 πρῶτος
710 4794 770 4872 τήν
785 4793 938 4876 έπιλογήν
953 4798 1018 4872 έχει
1035 4804 1132 4859 ποῖον
1160 4801 1310 4881 aooipere;
1342 4808 1504 4881 postquam
1535 4819 1608 4862 vero
1635 4798 1767 4880 elegerit,
1791 4819 1851 4860 non
1882 4797 1992 4860 transit
2023 4797 2063 4859 ad

226 4902 381 4989 βούλεται
405 4900 532 4986 λαβεῖν·
555 4898 686 4965 έπειδάν
708 4900 742 4965 δέ
761 4902 954 4985 ἐπιλέξηται,
979 4903 1019 4966 οὐ
1036 4925 1132 4984 μετα·
1160 4908 1296 4970 alterum.
1834 4904 1870 4966 fr.
1887 4909 1938 4967 33.
1954 4905 1994 4966 D.
2011 4907 2062 4967 30.

226 5009 333 5095 βαίνει
357 5005 441 5091 πρὸς
463 5005 523 5071 τδν
545 5012 666 5092 έτερον.
905 5009 941 5070 fr.
957 5013 1007 5071 33.
1023 5010 1063 5072 D.
1080 5013 1131 5074 30.
2084 5082 2086 5085 Ι

286 5115 398 5178 Ἔνθα
421 5114 455 5177 δέ
478 5125 675 5197 μεταγαγεῖν
698 5112 782 5179 αὐτὸ
805 5114 978 5196 ἠθέλησεν,
1003 5119 1022 5179 ό
1046 5127 1131 5200 προ)-
1225 5120 1290 5184 Ubi
1321 5141 1393 5184 vero
1420 5120 1582 5182 transferre
1608 5120 1641 5181 id
1667 5119 1765 5182 voluit
1791 5120 1948 5200 (testator),
1980 5119 2063 5200 prior

227 5244 285 5296 τος
308 5221 402 5285 οὐδὲν
425 5219 584 5306 λαμβοίνει
604 5220 668 5285 κάν
682 5221 725 5304 μή
742 5221 882 5286 δύναται
899 5224 1130 5289 συνίστασθαι
1159 5228 1234 5289 nihil
1262 5228 1380 5308 accipit,
1406 5228 1544 5308 quamvis
1571 5247 1632 5289 non
1658 5226 1755 5308 possit
1781 5228 1813 5289 in
1844 5226 1970 5288 alterius
1997 5245 2063 5307 per·

228 5326 267 5393 τό
291 5330 438 5410 ληγάτον
460 5332 504 5402 είς
527 5330 708 5413 πρόσωπον
730 5337 793 5393 τοῦ
815 5328 982 5414 δευτέρους
999 5368 1041 5377 -
1158 5356 1234 5397 sona
1255 5335 1391 5416 legatum
1414 5335 1582 5397 consistere
1907 5333 1943 5395 fr.
1960 5337 2001 5395 34
2017 5354 2061 5414 pr.

975 5438 1011 5499 fr.
1029 5441 1070 5500 34
1086 5460 1130 5519 pr.

294 5539 368 5606 Ἑάν
391 5543 424 5604 οἱ
446 5542 504 5623 μέν
522 5543 764 5626 συνεζευγμένοι
781 5540 872 5624 εἰσίν,
897 5545 930 5607 σί
945 5543 979 5607 δὲ
995 5543 1131 5626 διεζευγ-
1225 5547 1281 5611 Sin
1296 5568 1368 5611 vero
1383 5549 1509 5629 quidam
1524 5549 1676 5611 coniuncti
1691 5549 1760 5624 sint,
1775 5548 1900 5629 quidam
1909 5548 2061 5624 disiuncti,

227 5671 327 5732 μενοι,
344 5649 526 5734 πρόσωπον
541 5647 613 5724 ένδς
628 5652 800 5727 ἐπέχουσιν
816 5652 849 5714 σί
864 5650 1131 5733 συνεζευγμένοι*
1158 5675 1320 5738 personam
1342 5656 1432 5718 unius
1455 5656 1607 5719 smunent
1628 5656 1790 5718 coniuncti.
1905 5653 1941 5717 fr.
1957 5658 1999 5718 34
2015 5676 2060 5736 pr.

974 5758 1009 5820 fr.
1026 5761 1069 5821 34
1085 5780 1129 5840 pr.

300 5895 309 5925 ¹
327 5895 414 5950 habet
431 5894 499 5968 Syn.
576 5896 692 5953 'habet
710 5896 776 5970 Syn.
859 5897 870 5930 ⁸
888 5897 974 5953 habet
992 5897 1058 5969 Syn.

226 5984 238 6016 ⁴
255 5984 342 6039 habet
360 5982 427 6056 Syn.
