4842 7018
870 503 1022 571 LIBER
1044 504 1134 570 LHI.
1172 504 1261 570 TIT.
1284 502 1323 569 V.
1348 502 1403 569 VI.
1990 501 2052 565 103

75 689 184 751 setta&
221 680 483 765 ἐξαρτισθηναιι
508 680 547 746 τὸ
571 684 850 768 stereobates]
874 687 1123 763 cloiovllo’wa·
1152 688 1192 748 ad
1219 685 1397 748 armandam
1429 684 1488 747 sibi
1514 684 1680 764 obligatam
1707 703 1819 745 navem
1845 682 1895 745 vel
1922 681 2054 744 reficien-
2072 685 2125 755 [tu.
2138 684 2184 753 V.]

221 791 390 866 νεωθηναι
414 789 433 866 λγ
457 794 501 864 είς
524 779 747 878 τροφύγντιῦν
769 803 901 857 ναυτῶν
923 793 942 870 λγ
966 795 1122 870 σωθῆναι
1152 794 1222 855 dam
1245 792 1295 855 vel
1316 793 1349 853 in
1371 791 1487 854 cibaria
1508 801 1671 853 nautarum
1693 790 1744 852 vel
1758 790 1799 852 ad
1814 789 1981 853 servandas
1997 788 2055 850 sibi

222 894 266 959 τύ
303 897 514 961 ὑποτεθέντα
551 898 642 979 αύτῷ
681 901 809 985 φορτία
846 900 866 977 λ)
905 900 1052 977 δοθῆναι
1084 900 1123 964 τὸ
1152 900 1302 980 obligatas
1321 919 1434 962 meroes
1453 899 1503 961 νο]
1523 899 1563 960 ad
1582 897 1709 960 naulum
1729 897 1959 970 exsolvendum
1982 915 2054 957 nam

220 1003 358 1067 ναῦλον·
381 1002 438 1067 κα]
463 1002 546 1069 αύτδ
569 1002 635 1086 γαρ
654 1002 694 1068 τὸ
713 1005 834 1069 ναῦλον
850 1010 1124 1091 ἐπικρατέστερόν
1151 1017 1182 1070 et
1208 1009 1307 1089 ipsum
1335 1006 1462 1068 naulum
1488 1006 1641 1088 potentius
1668 1015 1726 1078 est;
1757 1005 1808 1068 vel
1833 1025 1890 1085 pro
1917 1003 2054 1066 mercede

220 1108 339 1191 terrast,
358 1111 378 1188 λγ
394 1111 474 1195 ὑπὲρ
489 1113 621 1193 μισθοῦ
635 1122 702 1175 των
717 1114 869 1196 ὡρείωνί)
886 1123 946 1177 τοῦ
960 1114 1125 1196 μεσαύλου
1152 1116 1326 1178 horreorum
1348 1114 1399 1176 vel
1424 1133 1511 1176 areae
1532 1112 1582 1175 νο]
1604 1113 1804 1175 iumentorum
1828 1121 1959 1174 vectura

223 1217 240 1294 ἢ
263 1217 342 1298 ὑπὲρ
366 1219 631 1300 κτηνομισθίωνι
648 1255 690 1266 -
797 1221 832 1283 fr.
849 1225 878 1283 5.
899 1226 927 1283 6.
942 1222 1012 1303 Dig.
1029 1226 1080 1297 20,
1094 1225 1123 1283 4.
1757 1218 1793 1281 fr.
1810 1222 1839 1279 5.
1856 1220 1884 1279 6.
1899 1218 1940 1280 Ι).
1957 1220 2008 1291 20,
2023 1219 2053 1277 4·

168 1331 184 1386 ’.
284 1324 317 1390 Ὀ
340 1324 519 1389 διαπόντια
541 1323 725 1409 ἢκαρπούς
741 1325 897 1406 δανείζων
912 1328 1038 1392 τελειάν
1052 1328 1139 1427 dxc-l
1218 1329 1282 1407 Qui
1313 1328 1510 1391 traiemiciam
1547 1327 1705 1409 pecuniam
1742 1325 1897 1387 fructusve
1928 1324 2053 1397 fenerat,

221 1430 347 1508 τοστὴν
369 1430 509 1495 δύναται
533 1432 658 1518 λαβεῖνε
674 1469 717 1481 -
812 1455 891 1497 exc.
909 1438 959 1497 26.
975 1435 1009 1498 Ο.
1026 1439 1055 1511 4,
1073 1441 1247 1515 32.;εοεειο
1263 1436 1457 1499 centesimam
1471 1442 1572 1516 potest
1590 1434 1734 1514 accipere.
1772 1452 1846 1494 exc.
1856 1434 1907 1493 26.
1917 1429 1952 1492 Ο.
1962 1433 1992 1504 4,
2003 1434 2054 1492 32.

168 1548 183 1599 ¹.
291 1535 331 1602 Οί
362 1539 572 1613 δανείσαντες
604 1538 735 1602 δανεῑον
767 1539 925 1605 ναυτικὸν
955 1541 1012 1606 κα]
1045 1522 1139 1625 nvp-l
1218 1544 1281 1622 Qui
1296 1542 1490 1606 traiecticiam
1507 1542 1665 1622 pecuniam
1680 1539 1894 1602 feneraverunt
1912 1538 2055 1619 pactique

221 1646 437 1731 φωνήσαντες
469 1643 552 1710 αύτδ
584 1646 780 1710 κινδυνεύειν
807 1647 967 1732 λαβόντες
999 1649 1033 1712 δέ
1066 1649 1122 1713 καί
1137 1650 1139 1665 “
1152 1659 1224 1712 sunt
1254 1671 1321 1713 eam
1353 1670 1408 1712 suo
1439 1648 1573 1730 periculo
1600 1667 1665 1710 esse
1695 1646 1941 1728 hypothecasque
1973 1664 2055 1706 aece-

221 1751 413 1831 ὑποθήκας,
437 1749 496 1815 ἐὰν
518 1764 586 1816 τῶν
608 1755 741 1834 ἐγγείων
759 1756 965 1837 πραγμάτων
988 1751 1071 1818 ὦσιν
1088 1759 1124 1820 αί
1137 1782 1139 1843 γ
1151 1767 1268 1837 perunt,
1292 1758 1318 1818 si
1333 1758 1518 1820 terrestrium
1533 1775 1634 1817 rerum
1649 1755 1711 1815 sint
1724 1753 1927 1834 hypothecae,
1942 1751 2053 1812 damno

221 1857 404 1937 ὑποθῆκᾱῑ,
420 1858 584 1933 ἀπωλείας
593 1864 774 1941 γενομένης,
788 1863 828 1925 ού
838 1861 995 1926 δύνανται
1007 1863 1124 1937 αὐταῖς
1151 1865 1320 1938 eveniente,
1351 1864 1389 1925 iis
1410 1863 1539 1925 utinen
1566 1870 1706 1943 possunt,
1738 1881 1807 1923 cum
1833 1858 1909 1920 nihil
1937 1858 2055 1920 intersit

220 1965 422 2047 κεχρῆσθαι,
446 1965 604 2047 μηδεμιᾶς
627 1967 728 2044 ούσης
748 1968 926 2055 διαφοράς,
949 1975 1012 2033 εἴτε
1027 1968 1123 2033 αὐτοὶ
1152 1980 1253 2033 utrum
1275 1971 1334 2052 ipsi
1352 1970 1570 2051 navigaverint,
1594 1989 1634 2030 an
1649 1968 1810 2049 pecuniam
1825 1965 1857 2026 in
1872 1965 1945 2027 navi
1960 1964 2055 2026 habu·

221 2070 389 2151 ἔπλευσαν,
413 2077 474 2136 εἴτε
497 2070 725 2156 τὸλεγόμενον
743 2073 1124 2159 κερμακόλουθονείχον
1152 2079 1238 2139 erint
1282 2088 1356 2140 tunc
1382 2078 1461 2140 enim
1487 2077 1617 2138 maiores
1648 2095 1757 2137 usuras
1788 2074 1953 2153 accipiunt,
1985 2092 2055 2133 cum

221 2182 254 2241 ἐν
274 2182 322 2259 τῷ
341 2178 453 2260 πλοίῳ.
500 2182 576 2244 τότε
592 2178 658 2264 γάρ
674 2182 808 2262 μείζονα
822 2184 924 2247 τόκον
938 2184 1124 2269 λαμβάνον·
1152 2206 1206 2248 suo
1228 2185 1362 2266 periculo
1384 2184 1598 2257 feneraverint3
1621 2203 1693 2244 nam
1716 2182 1742 2243 si
1756 2181 1876 2243 nullum
1898 2180 2056 2260 patiuntur

222 2307 285 2364 σιν,
302 2282 357 2348 ὅτε
372 2286 444 2367 ἐδίῳ
458 2286 599 2368 κινδύνῳ
613 2287 831 2352 δανείσουσιν.
858 2287 992 2374 ἐδνγύρ
1006 2290 1124 2372 μίγκιν-
1152 2292 1328 2373 perieulum,
1351 2291 1480 2353 maiores
1502 2310 1612 2351 usuras
1634 2309 1742 2369 capere
1764 2308 1824 2349 non
1846 2296 1983 2368 possunt

222 2390 406 2473 deteriorem,
429 2394 469 2456 ού
487 2391 647 2458 δύνανται
664 2395 798 2460 πλείονα
814 2398 915 2461 τόκον
938 2398 1064 2482 λαβεῖνε
1082 2435 1123 2444 -
1545 2418 1570 2458 ο.
1588 2399 1604 2456 1
1622 2398 1715 2476 [nunc
1729 2393 1893 2477 restituta}
1907 2393 1942 2456 Ο.
1958 2396 1987 2466 4,
2005 2397 2055 2454 33.

879 2527 903 2567 c.
923 2509 960 2567 ll
977 2506 1011 2568 C.
1027 2510 1057 2581 4,
1074 2511 1124 2570 33.

169 2618 185 2671 ’.
285 2604 319 2671 Ὁ
340 2609 440 2681 τόκος
456 2615 517 2670 τοῦ
531 2618 691 2672 ναυτικοῦ
705 2610 837 2675 δανείου
852 2617 911 2685 soc
927 2614 1003 2676 τότε
1019 2617 1123 2694 τρέχει
1219 2612 1340 2677 Usurae
1366 2611 1547 2674 naiecticiae
1572 2610 1719 2691 pecuniae
1745 2629 1780 2670 οο
1807 2628 1903 2689 usque
1930 2616 2057 2670 currunt

222 2712 301 2797 ύπέρ
325 2710 364 2776 τὸ
387 2715 525 2795 νόμιμον
546 2719 667 2800 μέτρον
688 2721 748 2791 ἐως
764 2715 819 2781 ὅτε
833 2721 852 2781 ὁ
866 2718 1017 2792 κίνδυνος
1031 2722 1123 2783 ἐσται
1153 2740 1245 2801 supra
1276 2718 1444 2798 legitimum
1471 2717 1607 2788 modum,
1639 2716 1735 2778 donec
1765 2714 1934 2796 periculum
1960 2714 1993 2774 in
2019 2733 2057 2775 ea

220 2823 255 2881 ἐν
282 2819 383 2902 αύτῷ.
429 2822 674 2897 άποσωθέντος
706 2823 741 2887 δὲ
772 2822 875 2902 τυχὸν
906 2834 968 2890 τοῦ
998 2826 1124 2905 πλοίου,
1153 2829 1199 2888 sit
1245 2826 1376 2889 Servata
1389 2834 1492 2887 autem
1514 2824 1590 2886 forte
1604 2844 1692 2898 nave,
1715 2831 1836 2885 cessant
1853 2841 1963 2883 usurae
1984 2820 2056 2900 legi·

222 2925 361 2990 παύεται
378 2930 397 2990 ὁ
414 2928 492 3011 ύπέρ
509 2927 548 2992 τδ
564 2931 702 3011 νόμιμον
721 2932 832 3006 τόκοςι
849 2969 892 2979 -
919 2954 944 2996 c
961 2937 989 2995 2.
1004 2933 1038 2996 O.
1054 2934 1124 2996 ibid.
1153 2936 1232 2996 timis
1255 2934 1392 2994 maiores.
1984 2948 2010 2990 υ·
2026 2930 2055 2989 2·

133 3044 184 3098 ια’.
285 3031 318 3097 ‘0
339 3033 383 3115 μὴ
405 3034 601 3097 κινδυνεύων
624 3036 798 3115 δανειστὴς
820 3039 870 3102 ἐπ]
887 3048 948 3103 τοῦ
963 3040 1125 3121 πλοισμοῦ
1218 3040 1356 3103 Creditor
1377 3039 1430 3120 qui
1452 3039 1535 3101 circa
1556 3038 1779 3117 navigationem
1803 3036 1972 3119 periculum
1994 3055 2055 3096 non

220 3151 280 3215 τῆς
297 3140 478 3218 θαλάσσης
493 3144 625 3222 μείζονα
640 3145 741 3208 τόκον
756 3146 796 3210 ού
811 3145 1035 3229 λαμβάνειε-
1059 3169 1084 3209 c.
1095 3152 1123 3210 3.
1152 3148 1285 3229 suscipit,
1308 3148 1436 3208 maiores
1458 3165 1566 3207 usuras
1589 3163 1649 3204 non
1671 3144 1762 3223 capit
1984 3160 2009 3204 o.
2026 3146 2055 3203 3.

152 3258 184 3312 κ’.
286 3244 361 3310 Ἐάν
379 3249 398 3310 ὁ
415 3247 586 3325 δανειστὴς
602 3255 646 3324 είς
661 3248 764 3334 ρἠτδν
777 3252 880 3316 πλοῦν
893 3254 1123 3334 ἐπαγγείληται
1218 3254 1251 3317 si
1261 3253 1390 3316 creditor
1403 3252 1557 3335 professus
1573 3251 1612 3313 sit
1627 3269 1692 3312 sese
1707 3249 1875 3331 periculum
1888 3249 1966 3310 inter
1980 3248 2056 3310 fines

221 3353 416 3417 κινδυνεύειν
438 3354 629 3437 secluderet,
653 3359 672 3421 ὁ
696 3326 1251 3445 δέναύκληροςείςέτερον]οεηεο
1278 3370 1398 3422 tantum
1425 3357 1629 3440 navigationis
1656 3364 1879 3438 suscepturum,
1911 3356 2056 3418 exerciter

222 3462 327 3524 τόπον
349 3460 510 3525 ἀπελθὼν
535 3462 768 3550 κινδυνεύσῃ]
793 3466 871 3551 παρ’
896 3466 986 3530 ἐδίαν
1013 3388 1253 3539 αίτίανλουεοω
1285 3467 1345 3530 alio
1377 3486 1504 3547 pergens
1535 3465 1734 3547 periclitetur,
1766 3463 1816 3527 νο]
1841 3471 1962 3544 praeter
1989 3481 2057 3543 pro·

223 3567 368 3652 ἀπολέσῃ
400 3565 439 3631 τδ
472 3570 616 3655 φορτίον
651 3568 764 3657 λαβὼν
799 3571 902 3650 τυγδν
934 3576 1124 3657 πράγματα,
1152 3577 1248 3656 priam
1272 3595 1395 3638 causam
1419 3593 1533 3635 merces
1555 3572 1676 3654 perdat,
1703 3591 1773 3633 cum
1800 3570 1878 3633 forte
1904 3590 1951 3631 rcs
1974 3589 2057 3631 acce·

222 3669 306 3756 άπερ
331 3676 391 3737 οὐκ
414 3676 536 3761 ὀφείλει
561 3677 814 3761 ἐμπορεύεσθαι,
837 3689 937 3743 τοῦτο
962 3681 1002 3743 ού
1019 3680 1125 3743 κινδυ·
1153 3684 1232 3765 perit
1253 3703 1328 3763 quas
1351 3701 1483 3744 mercare
1504 3701 1566 3741 non
1588 3679 1734 3752 debuerit,
1762 3677 1793 3738 id
1817 3677 1857 3739 ad
1879 3676 2056 3738 feneratoris

222 3780 347 3844 νεύεται
371 3785 418 3862 τῳ
441 3781 608 3870 δανειστῇ;
625 3821 667 3831 -
1055 3810 1079 3851 c.
1096 3792 1125 3849 4.
1152 3789 1319 3870 periculum
1341 3809 1402 3849 non
1424 3788 1562 3870 pertinet.
1985 3802 2010 3844 ο.
2026 3785 2056 3842 4.

1137 844 1139 857 ι

1136 864 1139 883 ]

1137 892 1139 933 !

465 3959 585 4014 ΤΙΤΛΟ(
604 3960 658 4030 ς”,
678 3960 810 4016 ΒΙΒΛΙΟΥ
829 3963 883 4016 ΝΡ
1381 3961 1549 4021 TITULUS
1567 3962 1617 4031 VI,
1635 3960 1742 4018 LIBRI
1760 3959 1829 4016 LIII

315 4086 377 4155 περὶ
395 4084 491 4137 ἁλιέων
509 4088 554 4137 καὶ
572 4084 673 4147 ἁλιείας
690 4090 735 4139 καὶ
752 4084 857 4142 δικαίου
874 4090 1027 4157 θαλάσσης.
1259 4091 1294 4146 de
1311 4088 1497 4161 piscatoribus
1515 4093 1545 4142 et
1561 4089 1715 4157 piscatione
1733 4092 1763 4142 et
1780 4088 1840 4141 iure
1858 4086 1950 4139 maria

151 4220 186 4273 α’.
284 4206 388 4284 Ἕχων
416 4208 475 4273 δύο
503 4208 627 4296 άγρούς
650 4212 803 4289 ἐπώλησά
826 4236 880 4277 σοι
903 4212 963 4279 τδν
990 4219 1048 4279 ἐνα
1069 4214 1141 4281 καὶ.
1219 4217 1306 4278 Duos
1329 4217 1445 4279 habens
1467 4215 1578 4277 fundos
1600 4214 1656 4276 tibi
1678 4234 1773 4276 unum
1793 4211 1914 4276 vendidi
1936 4220 2057 4293 pactus·

225 4319 445 4402 συνεφώνησα
475 4316 518 4398 μὴ
541 4318 679 4382 ἁλιεύειν
702 4340 752 4383 σε·
780 4324 807 4383 εί
828 4319 885 4385 κα]
909 4318 953 4385 τά
980 4284 1214 4404 μάλισταλεμεε
1236 4343 1304 4384 sum
1327 4343 1365 4384 ne
1388 4323 1562 4404 piscatoria
1589 4321 1729 4402 quamvis
1752 4321 1829 4381 mari
1852 4320 1982 4381 servitus
2003 4337 2058 4398 per

224 4427 265 4508 τῇ
290 4423 452 4510 θαλάσση
476 4424 608 4490 δουλεία
635 4423 691 4490 διά
715 4428 844 4491 πύκτου
870 4428 1041 4492 ἰδιωτικοῦ
1067 4430 1127 4492 ούκ
1153 4432 1341 4511 privatorum
1371 4438 1495 4512 pactum
1522 4429 1636 4509 imponi
1667 4436 1813 4507 nequeat,
1844 4435 1945 4488 tamen
1977 4423 2057 4504 quod

225 4531 423 4609 ἐπιτίθεται,
446 4528 534 4613 ὅμως
550 4530 589 4596 τὸ
612 4531 746 4614 γεγονὸς
765 4540 798 4598 ἐν
816 4539 856 4620 τῇ
872 4537 991 4619 πράσει
1006 4536 1126 4619 ἀγαθῇ
1139 4532 1142 4611 l
1155 4547 1256 4599 aetum
1283 4546 1331 4599 est
1356 4538 1388 4599 in
1410 4536 1584 4600 venditione
1611 4555 1651 4597 ex
1672 4534 1754 4596 bona
1780 4533 1839 4594 fide
1865 4542 1988 4613 pactum
2012 4539 2059 4592 est
2128 4612 2130 4621 y

226 4638 331 4700 πίστει
355 4637 425 4701 ἐστ]
449 4637 631 4725 σύμφωνον
652 4640 709 4703 καί
730 4640 923 4726 άγοραστίγς
937 4640 994 4705 κα]
1011 4644 1044 4705 οί
1058 4642 1127 4705 διά·
1155 4653 1185 4705 et
1207 4652 1326 4726 emptor
1348 4645 1473 4724 eiusque
1495 4662 1682 4705 successores
1710 4662 1749 4702 ex
1776 4639 1923 4721 stipulatu
1947 4637 1997 4700 vel
2020 4658 2058 4699 ex

226 4743 320 4822 δογοι
350 4745 455 4808 αὐτοῦ
482 4743 539 4808 διο]
568 4758 626 4824 τῆς
654 4749 881 4829 ἐπερωτήσεως
911 4748 927 4825 l
957 4760 1016 4826 τῆς
1046 4751 1127 4834 πρά·
1156 4750 1278 4813 vendito
1300 4751 1354 4829 (id)
1377 4770 1497 4812 servare
1519 4759 1676 4830 coguntur.
1721 4749 1756 4809 fr.
1770 4749 1864 4826 13pr.
1874 4745 1914 4806 D.
1924 4744 2017 4820 v111,
2028 4749 2057 4805 4.

227 4873 308 4926 σεως
331 4853 578 4933 ἀναγκάζονται
602 4854 794 4939 φυλάττεινι
810 4892 853 4902 -

761 4962 796 5024 fr.
815 4967 855 5024 13
871 4985 916 5044 pr,
931 4963 972 5026 Ι).
989 4963 1081 5038 VIII,
1098 4970 1143 5026 4

156 5073 188 5145 β’.
294 5066 556 5149 Προνοείτωσαν
578 5069 612 5129 oi
629 5069 790 5151 ἄρχοντες
813 5076 874 5131 τοῦ
895 5067 939 5150 μὴ
964 5077 1028 5152 πῦρ
1044 5073 1129 5147 ἐχειν
1222 5071 1409 5133 Provideant
1430 5069 1625 5147 magistratus
1644 5088 1683 5129 ne
1700 5068 1799 5148 ignem
1815 5074 1908 5127 noctu
1925 5064 2060 5126 habeant
2104 5128 2106 5132 ,

225 5176 259 5235 ἐν
282 5171 373 5235 νυκτὶ
397 5169 475 5246 τούς
502 5173 603 5246 άλιεῑς
628 5172 686 5236 κα]
713 5174 852 5256 κινδύνῳ
876 5174 1063 5260 περιβαλεῖν
1085 5175 1128 5241 τι]
1157 5179 1321 5260 piscatores
1345 5186 1437 5257 atque
1458 5176 1490 5237 in
1512 5174 1680 5257 periculum
1699 5194 1793 5236 naves
1809 5173 1961 5234 deducant
1975 5170 2059 5233 navi·

225 5280 325 5343 πλοῖα
347 5276 404 5342 καί
427 5276 505 5353 τούς
529 5279 687 5354 πλέοντας
710 5277 766 5344 διά
788 5281 904 5366 κέρδος
922 5285 1048 5346 tomes
1063 5266 1332 5365 elegantesque,
1356 5285 1407 5363 qui
1429 5290 1554 5364 propter
1575 5277 1713 5343 lucruml
1736 5279 1909 5341 existiment
1931 5298 1997 5339 sese
2020 5278 2060 5339 ad

225 5390 340 5469 μένους
356 5387 590 5471 προσορμίζειν
604 5387 730 5468 λιμένας
742 5424 782 5435 -
812 5389 1128 5465 fr.10.D.XLVII,9.
1142 5434 1143 5441 ι
1157 5401 1277 5471 portum
1301 5389 1419 5452 deferri.
1700 5387 1736 5448 fr.
1755 5388 1803 5447 10.
1819 5386 1859 5447 D.
1874 5384 2013 5460 XLVII,
2031 5389 2058 5447 9.

155 5502 188 5575 γ’.
289 5492 323 5557 ‘0
350 5492 400 5557 ἐπὶ
430 5490 591 5567 πολλοὺς*
622 5499 655 5557 ἐν
683 5493 828 5576 δημοσίῳ
863 5500 1002 5578 ποταμῷ
1029 5499 1143 5578 μόνος,
1223 5497 1286 5574 Qui
1308 5495 1446 5578 pluribus
1470 5496 1556 5556 annis
1579 5495 1611 5555 in
1633 5493 1758 5555 flumine
1779 5492 1903 5574 publico
1924 5492 2059 5573 piscatus

227 5599 381 5675 άλιεύσας
404 5601 513 5675 καλῶς
535 5599 650 5664 κωλύει
675 5606 787 5683 ἐτερον
810 5602 971 5665 άλιεῦσαιι
989 5641 1030 5649 -
1141 5580 1201 5666 iest
1222 5614 1302 5666 recta
1325 5603 1454 5666 alterum
1477 5601 1626 5682 prohibet,
1648 5600 1809 5682 quominus
1831 5600 1971 5680 piscetur.

810 5709 846 5771 fr.
865 5715 892 5772 7.
907 5711 947 5772 D.
962 5711 1083 5786 XLIV,
1100 5718 1178 5791 3³„
1256 5732 1260 5743 ’
1742 5705 1777 5766 fr.
1796 5710 1823 5767 7.
1839 5705 1879 5766 D.
1894 5703 2014 5779 XLIV,
2030 5708 2059 5765 3.

300 5867 492 5939 ¹habetSym
548 5869 650 5923 'nunc
663 5869 680 5924 l.
694 5868 992 5941 ἐπικραιίσιορόςίστι·
1005 5838 1144 5923 ιιοιλοιιίιιί1
1230 5868 1298 5922 ¹ita
1316 5884 1433 5938 graecm
1451 5866 1524 5920 male
1543 5865 1680 5921 intellexit
1697 5880 1731 5918 ac
1750 5865 1841 5918 vertit

227 5956 280 6029 γὰρ
293 5956 324 6010 τὸ
335 5959 434 6010 ναῦλον
453 5957 675 6031 ἐπικροτέοτερόν
692 5958 781 6012 torar?
808 5957 842 6012 cf.
861 5958 909 6012 lat.
922 5963 988 6012 text.
1061 5957 1073 5989 ⁸
1090 5960 1130 6011 ita

227 6044 309 6115 eod,
325 6047 401 6116 apud
410 6046 529 6103 Venturi
538 6064 682 6119 perperam
690 6048 732 6101 tit
740 6045 804 6101 VH.
850 6046 971 6118 ‘supple
984 6046 1128 6108 ἐνιαυτούς.
