4680 7114
526 459 864 528 BASILICORUM
886 460 1188 528 FRAGMENTA
1209 460 1506 529 DEPERDI'IA.
1870 463 1932 527 193

175 639 337 715 XXXIH,
355 644 382 714 1,
398 643 440 703 44
457 638 535 728 (40).
587 639 637 706 Τά
658 642 749 728 βάρη
772 650 833 706 τοῦ
855 642 1008 719 νίοθετη·
1102 643 1204 705 Οοεεε
1224 643 1278 704 filii
1301 644 1438 725 adoptati
1453 644 1492 706 ed
1511 652 1629 724 petrem
1644 642 1822 723 adoptivum
1836 650 1933 703 hens-

118 744 234 820 θέντος
256 743 339 830 πρὸς
358 744 417 811 τὸν
432 748 718 831 υίοθετησάμενον
731 752 929 835 μετέρχεται,
951 748 1008 813 καί
1035 748 1182 824 feruntur,
1213 760 1244 812 et
1274 751 1464 832 compellitur
1490 749 1570 812 alere
1596 770 1665 812 eum
1691 758 1721 812 et
1746 749 1875 811 educere
1903 756 1935 809 et

117 854 259 934 άνάχκην
286 856 349 932 ἐχει
372 863 434 918 τοῦ
454 858 588 943 τρέφειν
606 854 709 920 αὑτὸν
730 855 787 920 καί
803 857 938 938 ἀνάγειν
952 854 1009 920 καί
1036 857 1138 918 omniu
1159 856 1266 935 faeere,
1289 878 1367 938 quse
1382 857 1530 919 naturalis
1552 865 1639 937 peter
1652 856 1755 918 liberis
1770 856 1832 918 suis
1855 853 1933 939 [feo-

116 960 223 1024 πάντα
249 962 419 1045 πράττειν,
447 959 513 1026 ὅσα
534 961 591 1027 καί
615 965 633 1026 ὑ
662 960 804 1051 φυσικὸς
827 961 935 1047 πατὴρ
959 961 1009 1028 ἐπί
1037 972 1121 1026 turus
1143 964 1232 1046 eret)
1659 961 1707 1048 (ir.
1723 966 1774 1026 45.
1789 962 1829 1024 D.
1847 966 1874 1038 1,
1892 959 1933 1047 7.)

116 1076 181 1142 τοῖς
204 1069 336 1143 οἰκείοις
359 1070 482 1133 παισίν.
575 1069 688 1157 (Epsn.
703 1080 795 1134 sueto
808 1071 928 1146 XLIV,
944 1069 1009 1157 24.)

176 1175 343 1251 XXXIII,
361 1180 393 1251 2,
410 1174 458 1240 3.1
504 1175 630 1253 Μηδεὶς
656 1174 716 1242 τὸν
743 1179 924 1241 ἐκτεθέντα
946 1175 1009 1242 ὑπὸ
1101 1177 1200 1240 Νεωο
1228 1179 1398 1260 expositum
1423 1179 1456 1240 iu
1483 1199 1571 1241 sunm
1601 1177 1766 1239 dominium
1792 1176 1935 1251 vindicet,

116 1280 305 1346 δεσποτείαν
314 1282 402 1347 ἰδίαν
417 1283 549 1347 ποιείτω
565 1287 627 1347 εἴτε
642 1280 709 1349 άπὸ
725 1284 872 1366 εὐγενοῦς
885 1285 1010 1362 ἐτέχθη
1036 1285 1100 1347 sive
1123 1285 1163 1347 eb
1184 1286 1316 1366 ingenue
1337 1295 1428 1349 nutus
1450 1285 1491 1348 sit
1511 1286 1575 1350 sive
1593 1284 1737 1347 eliberte
1751 1284 1800 1347 vel
1815 1283 1934 1346 enodis.

115 1387 133 1465 ί)
159 1389 384 1476 ἀπελευθέρας
410 1389 431 1467 ὑ
459 1388 583 1467 δούλης.
633 1388 719 1454 etto
745 1390 824 1473 μηδὲ
851 1394 870 1455 ὸ
897 1389 1011 1477 λαβὼν
1038 1390 1098 1454 Sed
1119 1412 1218 1472 neque
1240 1392 1341 1473 isqui
1363 1394 1433 1454 eum
1456 1391 1738 1473 susoepiteteluit
1763 1391 1821 1454 hoo
1842 1391 1936 1453 fuoiet

114 1494 168 1561 καί
191 1500 320 1583 τρέψας
342 1505 442 1561 τούτο
466 1498 598 1562 ποιείτω
621 1499 665 1573 ὡς
683 1494 750 1563 άπὸ
769 1498 923 1583 εὑρέσεως
940 1502 1010 1584 τρέ-
1037 1500 1124 1580 quusi
1150 1499 1308 1561 inventum
1335 1500 1455 1575 eluerit,
1483 1499 1536 1561 sed
1561 1499 1637 1562 liber
1663 1507 1728 1561 este
1755 1507 1787 1561 et
1808 1498 1866 1561 sibi
1887 1519 1935 1561 eo

116 1626 195 1691 φων,
220 1603 292 1668 ἀλλ’
317 1602 445 1686 εύχενῆς
467 1607 553 1668 ἐστω
575 1602 632 1668 καί
656 1605 746 1687 αὑτῷ
762 1608 1010 1691 προσποριζέτω
1037 1605 1139 1687 quiret
1160 1614 1192 1668 et
1212 1608 1244 1668 in
1265 1608 1473 1689 posteritatem
1495 1626 1582 1669 suem
1598 1608 1791 1681 transmittat,
1813 1626 1870 1668 neo
1883 1605 1935 1686 qui

116 1716 158 1786 εἰς
179 1710 239 1790 τὴν
261 1710 351 1774 ἰδίαν
374 1714 506 1793 πέμπων
528 1712 642 1792 γονήν·
664 1712 744 1794 μήτε
767 1715 800 1776 οἱ
818 1713 1011 1799 άναλαμβά-
1038 1734 1088 1775 eos
1111 1712 1299 1775 sustulerunt
1323 1713 1391 1776 iilos
1418 1714 1450 1774 in
1478 1714 1649 1776 servitutem
1671 1713 1802 1775 hebent
1846 1712 1936 1774 Ηεεο

115 1840 224 1893 νοντες
250 1814 371 1892 αὑτούς
398 1823 442 1893 εἰς
469 1817 619 1883 δουλείαν
645 1817 784 1893 τούτους
808 1823 1009 1906 φερέτωσαν.
1038 1820 1199 1883 observent
1224 1820 1377 1901 praesides
1404 1828 1435 1882 et
1461 1821 1595 1902 episeopi
1622 1828 1653 1882 et
1673 1820 1842 1881 defensores
1865 1818 1936 1881 eivi-

115 1935 222 1990 ταὺτα
243 1925 277 1988 δέ
300 1925 562 2013 φνλαττέτωσαν
581 1926 613 1989 οἰ
630 1926 791 2011 ἄρχοντες
805 1924 864 1990 καί
878 1929 911 1990 οἰ
925 1927 1011 1990 ἐπίσ-
1038 1935 1136 1989 tetum
1158 1934 1191 1988 et
1212 1928 1309 1989 omnis
1331 1924 1534 2009 magistratus.
1613 1923 1652 2010 (ο.
1668 1931 1697 1990 3.
1712 1926 1746 1989 Ο.
1761 1926 1854 2001 VIII,
1870 1922 1935 2009 bl.)

115 2054 211 2097 κοποι
233 2031 289 2097 καί
312 2034 347 2096 οἰ
367 2031 489 2096 ἐκδικοι
511 2043 578 2095 τῶν
593 2033 718 2097 πόλεων
733 2031 789 2097 καί
805 2043 900 2097 πᾶσα
915 2034 1011 2118 άρχη.

579 2137 691 2225 (Epen.
706 2149 797 2204 sueto
811 2141 930 2217 XLIV,
948 2138 1012 2226 12.)

178 2246 343 2323 XXXIV,
361 2250 394 2323 1,
410 2252 438 2310 5.
455 2250 474 2309 6
490 2250 533 2325 (3.
549 2249 592 2327 4).
640 2244 681 2312 Oi
703 2247 906 2312 ὑπόσπονδοι
930 2248 1009 2331 παρ’
1105 2248 1266 2312 Foederuti
1287 2248 1370 2329 opud
1391 2268 1446 2311 nos
1468 2247 1557 2311 liberi
1579 2256 1694 2311 suntet
1708 2248 1822 2311 domini
1836 2269 1935 2311 rerum

114 2358 189 2436 ὑμῖν
211 2353 384 2439 ἐλεύθεροί
408 2359 470 2418 εἰσι
496 2351 554 2417 καί
581 2353 689 2439 κύριοι
717 2365 784 2419 τῶν
807 2356 1013 2440 πραγμάτων
1039 2377 1171 2431 suerum,
1194 2376 1249 2419 nee
1270 2376 1347 2437 opus
1368 2364 1414 2418 est
1435 2357 1500 2418 iure
1522 2356 1706 2437 postliminii

116 2463 224 2526 αὑτων
246 2458 304 2525 καί
327 2462 367 2524 οὑ
385 2462 485 2547 χρεία
508 2459 639 2526 δικαίου
660 2462 885 2550 ὑποστροφῆς.

177 2567 368 2653 Ἐλεύθερος
383 2567 485 2649 δῆμός
499 2573 589 2632 ἐστιν
603 2571 622 2632 ὁ
637 2568 681 2650 με)
696 2570 900 2651 ὑποκείμενος
915 2572 1013 2654 ἐτέρῳ
1105 2570 1199 2633 Liber
1224 2569 1355 2651 populus
1378 2569 1499 2651 estqui
1521 2590 1580 2631 nou
1604 2577 1651 2631 est
1674 2568 1826 2632 subiectus
1849 2568 1936 2631 elteri

115 2673 225 2758 δῆμριΙ
252 2679 314 2739 εἴτε
342 2674 376 2738 δέ
404 2675 514 2758 ἐξίσου
541 2678 763 2759 ποιησώμεθα
796 2680 920 2751 πίστεις
951 2680 1013 2741 είτε
1039 2677 1166 2759 populo,
1190 2676 1270 2760 [sive
1291 2678 1317 2738 is
1339 2676 1509 2740 foederatus
1532 2675 1607 2760 est],
1630 2677 1693 2739 sive
1715 2676 1882 2757 aequaliter
1903 2676 1936 2739 in

114 2781 163 2846 ἐπί
173 2780 212 2846 τὸ
223 2782 462 2870 φνλάττεσθαι
476 2780 536 2860 τὴν
551 2783 719 2848 πολιτείαν
733 2787 824 2867 ὑμῶν
839 2783 881 2848 δι’
899 2785 1011 2848 αὑτοῦ.
1040 2784 1202 2847 amicitiem
1229 2785 1325 2860 venit,
1352 2785 1416 2846 sive
1443 2793 1479 2846 ut
1505 2784 1613 2847 eivites
1640 2792 1744 2846 nostru
1769 2804 1823 2865 per
1849 2783 1936 2845 illum

496 2890 610 2978 (Epen.
626 2900 717 2955 sueto
732 2892 886 2966 XLVIII,
904 2896 958 2954 2-
969 2888 1011 2975 4.)
1039 2900 1240 2955 eonservehu.
1570 2890 1618 2977 (ir.
1636 2895 1664 2953 7.
1679 2889 1718 2951 D.
1734 2890 1854 2966 XLIX,
1873 2888 1937 2977 15.)

179 2997 342 3071 XXXIV,
361 3001 393 3073 1,
410 3000 438 3061 8.
481 2996 514 3062 Ὁ
542 2995 636 3085 παρά
661 3008 731 3073 τοῖς
754 2999 918 3080 πολεμίοις
939 2998 1012 3061 συλ-
1100 2998 1194 3081 Apud
1217 2999 1317 3061 hostes
1340 3007 1495 3080 susceptus
1518 3007 1550 3060 et
1571 3006 1661 3059 nutus
1675 2999 1741 3061 iure
1761 2998 1937 3079 postliminii

114 3101 258 3190 ληφθείς
284 3101 341 3167 καί
370 3103 503 3181 τεχθεὶς
533 3101 589 3169 διά
616 3094 677 3169 τοῦ
704 3105 834 3169 δικαίου
855 3116 913 3183 τῆς
935 3105 1012 3169 ὑπο-
1038 3106 1106 3167 iure
1127 3125 1184 3168 sue
1205 3105 1317 3186 recipit
1570 3104 1618 3192 (fr.
1635 3108 1663 3167 9.
1678 3104 1718 3166 D.
1734 3105 1855 3181 XLIX,
1874 3102 1936 3189 15.)

115 3220 266 3298 στροφῆς
289 3210 449 3297 λαμβάνει
471 3208 516 3275 τά
538 3210 653 3276 δίκαια
674 3213 786 3277 αὑτοῦ.

566 3319 669 3400 (Epen
694 3329 784 3383 uuote
797 3319 953 3395 XLVIII,
969 3317 1012 3405 5.)

180 3425 343 3503 XXXIV,
361 3429 394 3503 1,
416 3427 465 3489 18.
509 3422 584 3489 Ἐάν
611 3426 758 3500 πλείονος
785 3426 925 3503 πωλύσω
953 3424 1012 3490 τὺν
1105 3426 1138 3489 si
1169 3426 1264 3508 pluris
1291 3427 1451 3491 vendidero
1477 3427 1661 3501 redemtum,
1692 3427 1718 3488 si
1749 3435 1868 3490 tentum
1899 3447 1937 3489 ee

114 3533 434 3616 άπολελυτρωμένον,
465 3534 552 3614 μένα
582 3528 692 3607 διδούς
722 3530 767 3597 τά
797 3533 877 3618 ὑπέρ
909 3534 1014 3597 αὑτοῦ
1038 3555 1117 3615 quae
1143 3554 1197 3615 pro
1223 3534 1290 3613 ipso
1317 3553 1407 3595 eme
1427 3532 1565 3597 hostibus
1592 3534 1693 3597 solute
1719 3543 1791 3596 sunt
1811 3535 1936 3616 praesti·

115 3640 192 3725 παρ’
227 3644 305 3721 ἐμοῦ
335 3649 406 3714 τοῖς
434 3640 598 3722 πολεμίοις
624 3639 871 3726 ἐλευθεροῦται,
903 3639 960 3704 καί
992 3643 1011 3704 ὸ
1039 3641 1117 3716 terit,
1150 3638 1228 3702 liber
1258 3640 1304 3715 tit,
1335 3649 1491 3721 emtorque
1522 3640 1665 3703 adversus
1701 3661 1750 3704 me
1787 3642 1935 3705 sotionem

114 3744 306 3830 άχοραστὴς
328 3752 372 3821 εἰς
395 3743 434 3810 τὸ
458 3744 611 3833 περιττὸν
633 3750 698 3825 ἐχει
724 3740 800 3811 κατ’
827 3752 906 3831 ἐμοῦ
927 3750 1013 3829 dyos-
1038 3748 1131 3810 hebet
1144 3748 1177 3809 in
1191 3747 1224 3809 id
1238 3747 1319 3828 quod
1333 3747 1459 3809 excedit
1486 3744 1596 3834 (free.
1613 3752 1669 3825 59.
1684 3748 1724 3809 D.
1740 3747 1861 3824 XLIX,
1873 3745 1936 3832 15.)

113 3854 182 3935 χήν.
606 3853 718 3941 (Epen.
733 3864 824 3918 eunte
838 3856 931 3931 XXI,
946 3852 1012 3940 47.)

180 3960 343 4037 XXXIV,
362 3965 392 4037 1,
411 3964 451 4025 19
467 3960 546 4048 (16).
594 3958 668 4024 Ἐάν
690 3966 724 4025 ἐν
745 3961 855 4048 εἰρήνη
878 3984 1012 4049 συμφω-
1106 3961 1140 4024 Si
1161 3962 1194 4023 in
1215 3981 1290 4042 peoe
1312 3962 1485 4024 eonvenerit
1505 3962 1666 4024 nonnullos
1682 3963 1818 4044 captivos
1841 3963 1937 4026 redire

113 4069 207 4155 νηθῇ
238 4067 450 4153 ὑποστρέψαι
480 4065 574 4143 τινὰς
605 4079 672 4131 τῶν
703 4069 923 4151 αἰχμαλώτων
955 4067 1014 4133 καί
1040 4077 1071 4131 et
1085 4078 1190 4150 sponte
1204 4069 1492 4149 remanserintepud
1507 4068 1617 4145 hostes,
1632 4078 1740 4151 postes
1748 4090 1809 4132 non
1823 4069 1937 4133 hebent

113 4176 272 4250 ἑκουσίως
298 4177 497 4258 ὑπομείνωσι
526 4171 619 4260 παρά
646 4183 716 4250 τοῖς
743 4176 920 4259 πολεμίοις,
953 4175 1013 4239 οὑκ
1040 4176 1087 4237 ius
1108 4175 1293 4257 postliminii.
1667 4175 1715 4263 (fr.
1731 4178 1773 4238 20
1791 4199 1836 4259 pr.
1851 4174 1937 4263 ibid)

114 4285 229 4361 έχουσι
250 4279 334 4365 μετὰ
356 4291 465 4347 ταῦτα
486 4281 526 4346 τὸ
550 4281 680 4346 δίκαιον
706 4293 764 4359 τῆς
785 4283 1012 4369 ὑποστροφῆς.

543 4391 654 4471 (Epeo.
670 4399 761 4452 sueta
775 4389 931 4465 XLVIII,
948 4387 1012 4475 12.)

181 4496 340 4571 XXXIV,
364 4499 395 4572 1,
417 4499 457 4559 19
474 4495 552 4584 (16).
603 4493 649 4561 Τὸ
673 4496 916 4578 άγορασθῆναί
936 4518 1014 4560 τινα
1105 4496 1262 4558 Redemtio
1285 4495 1325 4559 eb
1343 4497 1479 4559 hostibus
1493 4495 1671 4560 feoultetem
1685 4498 1831 4561 redeundi
1851 4519 1936 4581 pree·

113 4604 207 4687 παρά
230 4624 321 4676 τινος
343 4600 410 4666 άπὸ
433 4602 594 4686 πολεμίων
612 4603 776 4685 εὐχέρειαν
792 4603 882 4685 αὑτῷ
898 4602 1011 4666 δίδωσι
1039 4603 1099 4677 bet,
1121 4624 1183 4664 non
1205 4612 1306 4667 eutem
1328 4603 1376 4666 ius
1398 4604 1575 4685 postlimInii
1597 4614 1703 4668 mutet.

112 4721 173 4787 τῆς
195 4709 368 4791 ἐπανόδου,
392 4710 432 4773 ού
453 4707 516 4792 μὴν
537 4705 577 4773 τὸ
597 4708 727 4774 δίκαιον
744 4710 937 4774 ἐναλλάσσει
955 4721 1013 4787 τῆς
1650 4708 1699 4798 (ir.
1715 4715 1765 4774 20.
1782 4718 1799 4790 ξ
1816 4715 1835 4774 2
1851 4709 1937 4798 ibid)

112 4817 340 4904 ὑποστροφῆς.
609 4818 717 4901 (Epen.
734 4827 825 4881 eunte
839 4818 931 4893 XXI,
947 4815 1013 4903 48.)

181 4924 341 5001 XXXIV,
359 4927 387 4999 1,
403 4927 444 4987 20
461 4923 540 5011 (17).
581 4922 621 4989 Οἱ
638 4924 880 5010 λαμβανόμενοι
895 4928 929 4987 ἐν
943 4932 1013 4997 τοῖς
1106 4923 1168 5001 Qui
1199 4925 1360 5006 sepiuntur
1395 4925 1428 4986 iu
1465 4925 1605 4989 civilibus
1636 4924 1736 5001 bellis,
1774 4946 1835 4988 nou
1866 4934 1938 4989 sunt

113 5030 285 5119 ἐμφυλίοις
308 5030 458 5113 πολέμοις
481 5033 542 5096 ούκ
563 5035 645 5095 εἰσιν
667 5031 881 5113 αἰχμάλωτοι.
1039 5030 1162 5111 eaptivi.
1650 5029 1699 5117 (ir.
1715 5035 1766 5095 21.
1783 5039 1799 5110 ς
1818 5036 1834 5094 1
1851 5030 1937 5120 ibid.)
2067 5099 2069 5103 ,

543 5138 656 5226 (Epen.
671 5147 763 5201 sueta
777 5137 932 5211 XLVIII,
950 5134 1013 5222 14.)

184 5245 343 5323 XXXIV,
362 5250 388 5323 1,
405 5248 444 5308 21
456 5244 534 5332 (18).
564 5241 638 5309 Ἐάν
653 5247 685 5308 οί
700 5244 905 5327 αἰχμάλωτοι
921 5241 1015 5328 παρὰ
1107 5242 1141 5305 Si
1163 5245 1277 5326 captivi
1299 5247 1381 5327 epud
1404 5246 1504 5309 hostes
1527 5246 1718 5322 decesserint,
1740 5247 1821 5309 bone
1835 5267 1937 5310 eorum

112 5361 187 5426 τοῖς
210 5352 374 5435 πολεμίοις
396 5353 610 5433 ἀποθάνωσι,
633 5348 678 5415 τά
700 5352 883 5437 πράγματα
904 5351 1015 5414 αὑτῶν
1042 5351 1081 5413 ed
1103 5372 1155 5414 eos
1176 5354 1335 5432 pertinent,
1358 5353 1398 5415 ed
1420 5374 1496 5434 quos
1518 5355 1702 5435 pertinerent
1724 5354 1749 5416 si
1772 5355 1854 5435 eapti
1875 5375 1937 5417 non

113 5460 250 5534 ἐκείνοις
280 5459 443 5548 διαφέρει,
477 5454 525 5533 οἷς
556 5458 668 5541 ῆμελλε
700 5457 881 5545 διαφέρειν,
914 5463 941 5522 εἰ
972 5454 1015 5540 μὴ
1042 5467 1143 5522 essent
1164 5468 1218 5522 eut
1240 5461 1404 5523 rediissent
1669 5459 1718 5547 (fr.
1735 5465 1776 5523 22
1792 5484 1836 5544 pr.
1851 5459 1937 5548 ibid.)

114 5566 320 5653 ἐλήφθησαν
342 5566 362 5644 δ
384 5567 607 5654 ὑπέστρεψαν.

543 5675 655 5756 (Epen.
671 5682 762 5738 sueta
776 5673 935 5748 XLVIII,
953 5670 1015 5758 15.)

189 5923 199 5956 ¹
217 5922 300 5980 Unde
322 5922 421 5993 supple
444 5938 516 5993 quse
538 5939 572 5977 ex
593 5921 772 5993 palimpsesto
788 5940 816 5994 p.
834 5925 949 5977 tte-40
971 5938 1015 5977 ex·

112 6011 267 6069 hibuimus
339 6012 351 6045 '
368 6009 472 6084 Supple
489 6014 543 6067 εἰτε
559 6009 730 6074 ὑπόσπονδύς
748 6011 827 6067 ἐστιν.

181 6110 248 6155 Βεείί.
268 6111 293 6154 Τ.
301 6111 352 6154 vn.
