4842 7018
800 453 979 521 ΟΑΡΙΤΑ
1001 449 1150 518 LEGIS
1172 450 1482 520 RHODIORUM.
1990 460 2052 524 119

150 656 187 725 μ’.
290 638 365 705 ’lieo
403 640 518 705 πλοῖον
554 637 665 725 συμβῇ
702 637 864 718 ναυάγιον
905 635 1031 699 παθεῖν
1068 632 1125 697 καί
1219 633 1252 696 Si
1274 654 1385 698 navem
1403 636 1560 715 contingat
1581 636 1774 717 naustagium
1795 638 1861 720 pati
1875 648 2053 721 partemque
2089 653 2132 702 40.

225 750 327 835 σωθῇ
349 751 447 832 μέρος
469 755 531 810 τοῦ
557 747 662 827 γόμου
687 742 745 808 καί
770 752 831 806 τοῦ
854 742 979 821 πλοίου,
1008 737 1066 804 ἐάν
1093 742 1126 804 οἱ
1152 740 1250 802 oneris
1278 750 1309 803 et
1329 742 1418 804 navis
1445 744 1566 818 servari,
1595 745 1621 806 si
1643 753 1779 807 vectores
1802 765 1905 808 secum
1927 747 2053 810 tulerint

225 853 380 939 ἐπιβάται
403 853 598 939 βαστάζωσι
621 851 700 933 μεθ’
726 853 853 914 ἑαυτῶν
872 850 1015 932 χρυσιόυ
1030 846 1050 925 d
1066 849 1124 932 ἀρ·
1151 868 1259 909 aurum
1281 849 1331 912 vel
1353 859 1510 929 argentum
1533 850 1584 914 vel
1610 850 1777 915 holoserica
1802 852 1853 914 vel
1880 855 2053 934 margarita,

223 961 339 1046 χόριον
362 960 382 1038 ή
405 956 589 1045 όλοσηρικά
612 958 631 1036 ί)
654 958 875 1043 μαργαρίτας,
902 952 942 1019 τὸ
965 956 1023 1036 μὲν
1043 976 1124 1038 χρυ-
1151 955 1183 1017 id
1206 976 1315 1016 aurum
1337 956 1418 1036 quod
1435 966 1588 1019 servatum
1611 967 1658 1019 est
1672 957 1819 1021 decimam
1841 968 1959 1041 partem
1982 982 2052 1023 con·

224 1070 297 1131 σίου
328 1064 368 1132 τὸ
401 1069 587 1149 σωζόμενον
622 1064 765 1139 δεκάτας
796 1065 980 1147 παρεχέτω,
1017 1059 1056 1126 τὸ
1089 1062 1123 1125 δέ
1151 1061 1274 1136 tribuat,
1292 1072 1451 1142 argentum
1470 1065 1609 1145 quintam
1629 1065 1744 1127 afferat
1789 1066 1956 1130 holoserica
1971 1090 2052 1144 vero,

221 1174 386 1261 ἀργύριον
408 1178 555 1257 πέμπτας
577 1175 771 1260 ἐπιφερέτω·
800 1167 845 1234 τά
872 1169 906 1232 δέ
929 1166 1122 1253 όλοσηρικά,
1151 1169 1176 1230 si
1198 1169 1314 1250 absque
1335 1170 1554 1233 madefactione
1576 1181 1741 1247 serventur,
1764 1174 1960 1236 contribuant
1976 1175 2052 1238 deci·

220 1279 279 1346 ἐάν
302 1282 439 1368 ἄβροχα
461 1281 615 1359 σωθῶσι,
639 1278 781 1351 δεκάτας
798 1279 1055 1361 ἐπιφερέτωσαν,
1078 1277 1123 1350 ὡς
1150 1297 1216 1338 mas
1248 1286 1395 1357 tanquam
1423 1297 1496 1339 auro
1527 1278 1645 1340 similia
1698 1278 1792 1356 Quod
1823 1281 1849 1341 si
1880 1282 2052 1358 madefiant,

221 1386 322 1471 ὅμοια
345 1391 430 1453 ὄντα
447 1396 509 1452 τοῦ
527 1387 684 1471 χρυσίου·
707 1389 734 1448 εί
758 1383 792 1448 δέ
814 1384 983 1469 βραχιῦσι,
1006 1404 1123 1469 κουφι-
1150 1384 1297 1446 damnum
1319 1394 1351 1447 et
1370 1384 1553 1447 madefactio
1580 1384 1777 1448 detrahantur
1801 1389 1899 1450 etsie
1922 1389 1963 1450 ad
1982 1409 2052 1451 oon·

220 1496 402 1576 ζέσθωσαν
417 1493 478 1573 τήν
498 1491 681 1578 ὑποτριβήυ
695 1490 753 1555 καί
773 1489 833 1568 τήν
853 1487 1051 1574 ἀποβροχήν
1064 1487 1122 1552 καί
1150 1490 1344 1552 tributionem
1366 1490 1499 1554 veniant
1549 1490 1718 1571 Margarita
1744 1502 1858 1570 autem,
1886 1496 2051 1558 seeundum

222 1600 328 1677 οὕτως
351 1607 395 1677 είς
417 1600 588 1686 συμβολήν
610 1599 841 1685 ἐρχέσθωσαν.
882 1599 916 1660 οἱ
938 1596 972 1660 δέ
995 1617 1123 1680 μαργα·
1150 1598 1397 1673 aestimationem,
1422 1599 1463 1660 ad
1485 1599 1551 1660 auri
1574 1619 1650 1661 onus
1671 1600 1796 1662 redacta
1822 1601 1862 1662 ad
1888 1604 2052 1682 reparatio

222 1718 322 1794 ρῑται,
345 1707 468 1783 καθὼς
483 1707 701 1789 ἐκτιμηθῶσι,
721 1707 866 1790 χρυσίου
881 1704 1013 1791 φόρτον
1028 1703 1123 1766 τελεί-
1150 1724 1219 1765 nom
1241 1705 1380 1768 interitus
1402 1705 1604 1767 contribuant

221 1838 335 1879 τωσαν
358 1814 418 1894 τήν
441 1816 615 1879 ἀπώλειαν.

149 1938 184 1990 α’.
286 1921 360 1986 Ἐἀν
387 1922 528 1987 πλέωσιν
555 1926 589 1985 ἐν
616 1920 719 2001 πλοίῳ
747 1916 902 2002 ἐπιβάται
935 1915 992 1981 καί
1024 1914 1123 2003 διαφ·
1217 1917 1251 1980 Si
1272 1918 1418 1997 navigent
1438 1919 1470 1980 iu
1485 1919 1558 1982 navi
1572 1929 1705 1983 vectores
1728 1930 1758 1983 et
1773 1921 1986 1985 detrimentum
2002 1923 2052 1985 vel
2087 1934 2130 1984 41.

221 2030 319 2116 θαρῇ
351 2029 370 2106 ή
403 2030 569 2106 ἀπόληται
600 2025 640 2091 τὸ
673 2026 797 2106 πλοῖον,
829 2022 874 2088 τά
901 2023 935 2087 δέ
963 2034 1030 2086 τῶν
1057 2027 1123 2087 ἐπι·
1150 2025 1287 2086 interitus
1310 2025 1398 2089 navis
1421 2026 1571 2100 acciderit,
1598 2046 1647 2089 res
1674 2048 1746 2090 vero
1770 2037 1927 2091 vectorum
1952 2050 2052 2094 serva·

219 2137 335 2222 βατῶν
359 2139 471 2223 σωθῇ,
494 2138 742 2221 ἐπιφερέτωσαυ
765 2134 798 2194 οἱ
820 2129 975 2215 ἐπιβάται
999 2135 1043 2204 είς
1063 2127 1123 2206 τήν
1151 2142 1200 2194 tae
1216 2133 1283 2205 sint,
1306 2131 1339 2193 in
1362 2132 1611 2195 contributiouem
1627 2134 1754 2196 veniant
1767 2146 1905 2199 vectores
1927 2147 2052 2220 propter

220 2243 387 2307 ἀπώλειαν
413 2251 475 2307 τοῦ
501 2242 626 2305 πλοίου.
677 2237 735 2303 ἐάν
767 2238 801 2302 δέ
831 2235 986 2321 ἐπιβάται
1016 2236 1075 2300 δύο
1102 2236 1122 2314 l)
1149 2240 1237 2301 navis
1268 2240 1433 2302 interitum.
1483 2241 1565 2320 quod
1595 2241 1620 2301 si
1652 2250 1786 2304 vectores
1818 2243 1878 2304 duo
1908 2244 1960 2306 vel
1991 2254 2052 2306 mes

221 2359 307 2435 τρεῖς
335 2349 522 2414 ἀπολέσωσι
551 2345 591 2411 td
616 2346 760 2432 χρυσίον
787 2345 898 2408 αὐτῶν
925 2344 944 2421 ή
973 2341 1017 2408 τά
1044 2343 1121 2424 σίδη,
1150 2366 1257 2407 aurum
1276 2366 1365 2407 suum
1381 2347 1536 2409 amiserint
1553 2346 1602 2409 vel
1621 2368 1742 2422 meroes,
1766 2349 1805 2410 ab
1821 2349 1960 2412 omnibus
1976 2352 2052 2413 aoei-

220 2454 288 2521 ἀπδ
317 2458 452 2521 πάντων
479 2455 743 2540 λαμβανέτωσαν
773 2449 864 2515 κατά
891 2450 952 2530 τήν
984 2450 1122 2533 δύναμιν
1149 2454 1236 2534 piant
1258 2453 1423 2514 secuudum
1449 2454 1627 2516 facultatem
1652 2475 1707 2535 pro
1734 2455 1870 2532 intentu,
1897 2478 2051 2520 unacum

221 2561 304 2648 πρὸς
320 2561 381 2640 τήν
396 2563 562 2627 ἀπώλειαν
578 2560 648 2643 ἅμα
664 2571 722 2637 τῆς
738 2558 904 2644 συμβολῆς
919 2566 980 2622 τοῦ
995 2558 1120 2621 πλοίου.
1150 2560 1236 2622 navis
1259 2560 1488 2622 contributione.

128 2682 182 2756 μβ.
284 2667 359 2734 ’Edu
382 2670 498 2734 πλοῖον
519 2669 671 2754 τρυπήσῃ
695 2668 823 2754 φορτία
849 2667 993 2747 κομίζον,
1021 2661 1065 2728 τά
1088 2664 1122 2728 δέ
1215 2666 1307 2743 Quod
1335 2668 1360 2728 si
1387 2667 1474 2729 navis
1496 2666 1580 2728 rimis
1607 2666 1725 2730 laboret
1751 2689 1863 2733 meroes
1886 2672 1998 2736 vehens
2020 2683 2051 2736 et
2086 2682 2130 2732 42.

221 2777 350 2862 φορτία
377 2776 550 2863 ἐξαιρεθῇ,
583 2773 633 2838 ἐπὶ
660 2777 708 2855 τῷ
736 2772 908 2857 ναυκλήρῳ
936 2775 1034 2852 έστω,
1064 2768 1122 2834 ἐάν
1148 2793 1263 2837 meroes
1286 2782 1444 2854 exemptae
1467 2774 1540 2849 sint,
1567 2774 1600 2835 in
1626 2776 1764 2854 magistri
1786 2776 1932 2839 facultate
1954 2780 2001 2854 sit,
2025 2781 2050 2841 si

219 2881 270 2947 δέ1
296 2883 425 2970 θελήσῃ
453 2887 487 2945 ἐν
509 2886 556 2964 τῷ
579 2881 683 2962 πλοίῳ
705 2882 849 2961 κομίζειν
876 2879 895 2956 ή
918 2883 952 2942 ἐν
974 2883 1021 2961 τῳ
1044 2899 1121 2960 συγ-
1148 2881 1230 2955 velit
1252 2902 1303 2944 eas
1326 2901 1405 2942 nave
1427 2880 1536 2943 vehere
1550 2881 1600 2944 vel
1616 2881 1656 2944 ad
1671 2884 1837 2963 emporium
1859 2886 1956 2965 pactis
1971 2907 2050 2948 oom-

217 2995 351 3073 κειμένῳ
379 2990 538 3075 ἐμπορίῳ,
571 2984 629 3052 ἐάν
656 2985 696 3052 τό
724 2989 840 3051 πλοῖον
870 2983 1122 3071 ἐξηρτισμένονλ
1148 2988 1337 3069 prehensum,
1360 2989 1386 3049 si
1407 2989 1495 3051 navis
1515 2989 1554 3050 sit
1574 2988 1728 3052 insaucia
1765 2990 1846 3071 quod
1862 2992 1887 3053 si
1903 2992 2052 3055 instmota

218 3094 271 3178 ήν,
296 3102 322 3161 εί
346 3097 380 3161 δέ
402 3095 446 3179 μή
474 3091 737 3179 ἐξηρτισμέυονθ,
761 3094 843 3158 ἄλλο
868 3093 902 3156 δὲ
926 3093 1041 3157 πλοῖον
1064 3089 1121 3156 ἐάν
1148 3096 1285 3168 nonsit,
1313 3095 1375 3156 alia
1400 3115 1471 3158 vero
1494 3095 1582 3158 navis
1611 3096 1636 3157 si
1663 3096 1704 3157 ad
1730 3097 1897 3179 emporium
1925 3100 1964 3162 de
1990 3119 2050 3181 quo

221 3202 327 3292 pipp*
349 3203 568 3289 όυαύκληρος
591 3206 635 3276 είς
658 3200 697 3266 τὸ
714 3202 924 3283 συγκείμενον
939 3206 1120 3285 ἐμπορεῖον,
1148 3211 1221 3263 suut
1241 3202 1323 3283 pacti
1346 3202 1431 3276 serat,
1454 3211 1552 3264 totum
1573 3201 1700 3263 naulum
1723 3204 1867 3283 magister
1888 3206 1970 3268 dato.

220 3309 341 3373 διδότω
364 3307 404 3374 τό
427 3321 495 3374 πάν
517 3309 647 3373 ναῦλον.

166 3431 181 3485 ’.
285 3414 359 3481 Ἐἀν
382 3417 498 3481 πλοῖον
525 3415 575 3480 ἐπὶ
595 3426 732 3498 χειμῶνι
754 3414 965 3502 καταληφθῇ
992 3412 1050 3477 καί
1073 3418 1121 3477 ἐκ·
1216 3414 1248 3477 Si
1286 3415 1374 3478 navis
1412 3423 1593 3497 tempestate
1624 3425 1763 3498 correpta
1799 3418 1839 3480 sit
1875 3420 2050 3501 iaotumque
2085 3430 2128 3480 43.

218 3523 322 3609 βολήν
354 3525 475 3611 ποιήσῃ
507 3533 568 3587 τοῦ
598 3524 704 3605 γόμου
735 3521 791 3585 καί
823 3521 974 3606 κεράτων
1001 3521 1121 3584 κλάσιν
1148 3522 1253 3585 fecerit
1274 3523 1372 3584 oneris
1394 3532 1426 3584 et
1440 3531 1641 3585 antennarum
1656 3534 1814 3605 rupturam
1837 3535 1868 3587 et
1883 3526 2000 3589 arboris
2019 3536 2050 3589 et

218 3630 275 3695 καλ
297 3631 514 3716 καταρτία[ς]
537 3629 594 3694 καλ
623 3631 771 3708 αὐχένων
793 3626 850 3692 καλ
878 3630 1034 3711 ἀγκυρῶν
1063 3626 1120 3690 καὶ
1147 3628 1419 3707 gubernaculorum
1447 3639 1477 3691 et
1504 3649 1681 3692 ancorarum
1705 3640 1737 3694 et
1755 3633 1946 3713 scapharum,
1975 3634 2050 3696 haec

219 3739 392 3825 ἐφολκίων,
409 3747 518 3802 ταῦτα
534 3739 646 3801 πάντα
661 3740 705 3810 είς
721 3733 1122 3820 συμβολήνέρχέσθωσαν
1149 3736 1250 3797 omnia
1276 3736 1316 3797 ad
1343 3736 1594 3798 contributionem
1621 3738 1747 3801 veniant
1773 3759 1836 3801 una
1863 3760 1932 3801 oum
1955 3741 2050 3820 pretio

219 3845 289 3927 ἀμα
316 3856 374 3923 της
402 3857 496 3928 τιμῆς
524 3852 585 3908 τοῦ
612 3843 729 3907 πλοίου
758 3842 814 3907 καί
838 3852 906 3904 τῶν
929 3842 1122 3922 σωζομένων
1148 3843 1236 3905 navis
1258 3850 1290 3903 et
1311 3844 1455 3904 mercium
1478 3845 1674 3906 servatarum

218 3954 378 4039 φορτίων.

175 4111 181 4124 .
283 4057 358 4124 'Edu
385 4059 501 4123 πλοῖον
528 4061 585 4143 ἐχῃ
612 4058 717 4138 γόμον
743 4054 800 4119 καὶ
828 4060 861 4119 ἐν
888 4054 968 4140 ζάλῃ
1001 4052 1120 4138 ἐκβολή
1215 4055 1248 4118 Si
1270 4056 1358 4118 navis
1384 4055 1498 4118 habeat
1524 4076 1601 4119 onus
1628 4067 1660 4120 et
1685 4058 1718 4118 iu
1745 4067 1926 4140 tempestate
1952 4062 2049 4123 iactus
2085 4071 2128 4121 44.

218 4178 277 4244 τῇς
303 4166 491 4251 καταρτίας
518 4168 664 4245 γένηται,
692 4162 712 4239 i>
739 4172 807 4225 τῶν
834 4162 982 4239 αὐχένων
1003 4161 1121 4234 κλάοις
1147 4163 1202 4225 fiat
1229 4162 1345 4224 arboris
1372 4161 1422 4226 vel
1443 4162 1717 4242 gubernaculorum
1743 4165 1852 4228 fractio
1875 4166 1925 4229 vel
1952 4169 2048 4230 euius·

218 4272 237 4350 l)
261 4274 407 4338 ἀπάλειά
434 4294 525 4346 τινος
548 4281 616 4334 τῶν
638 4269 816 4357 ἐφολκίων,
840 4265 903 4359 Δἐάν
924 4267 982 4349 μέν
1004 4272 1040 4331 ἐκ
1062 4279 1120 4344 της
1148 4270 1218 4331 dam
1240 4290 1279 4332 ex
1301 4269 1423 4351 scaphis
1445 4270 1592 4345 interitus,
1619 4271 1645 4334 si
1673 4289 1712 4333 ex
1734 4282 1912 4354 tempestate
1935 4275 2049 4336 contin·

218 4380 317 4461 ζάλης
341 4380 449 4467 συμβῇ
472 4376 532 4443 τὸν
555 4379 660 4459 γόμον
677 4377 855 4462 βραχηναι,
879 4375 1009 4456 ἀνάγκη
1025 4383 1120 4438 πάσα
1148 4386 1202 4456 gat
1224 4396 1301 4438 onus
1323 4377 1485 4452 madefieri,
1509 4387 1628 4459 oportet
1650 4377 1772 4440 omuino
1787 4388 1822 4441 ut
1842 4380 1918 4443 hmo
1933 4382 1964 4443 in
1980 4402 2048 4444 oon·

218 4492 262 4561 είς
289 4486 458 4572 συμβολήν
485 4494 594 4549 ταῦτα
621 4484 795 4569 ἔρχεσθαι.
846 4486 873 4546 εί
900 4482 934 4545 δέ
966 4484 985 4545 ό
1017 4482 1119 4563 γόμος
1146 4483 1341 4545 tributionem
1363 4484 1494 4547 veniant
1531 4484 1615 4565 quod
1633 4485 1658 4545 si
1674 4505 1749 4546 onus
1765 4505 1804 4546 ex
1818 4488 1937 4549 sentina
1950 4490 2048 4569 magis

218 4599 254 4658 ἐκ
281 4606 339 4672 τῆς
366 4594 503 4667 ἀντλίας
530 4593 626 4656 πλείω
652 4589 777 4676 βλαβῇ,
808 4588 865 4653 καὶ
894 4588 968 4666 ιύχὶ
996 4593 1031 4652 ἐκ
1061 4600 1119 4666 τῆς
1146 4600 1177 4652 et
1207 4609 1268 4651 nou
1306 4609 1345 4650 ex
1381 4599 1560 4672 tempestate
1597 4593 1751 4668 madefiat,
1789 4593 1883 4655 naula
1919 4596 2049 4676 accipiat

218 4702 330 4782 ζάλης,
353 4699 397 4765 τά
420 4701 527 4764 ναῦλα
549 4698 745 4784 λαμβανέτω
769 4695 988 4780 δναύκληρος
1001 4695 1059 4759 καλ
1074 4692 1119 4759 toi
1146 4697 1290 4777 magister
1320 4706 1351 4759 et
1383 4717 1497 4760 meroes
1533 4698 1641 4761 reddat
1676 4699 1774 4762 siccas
1802 4721 1954 4776 mensura,
1986 4723 2049 4782 qua

218 4808 286 4886 είδη
310 4807 526 4894 παραδιδότω
548 4802 636 4889 ξηρά
657 4809 765 4889 μέτρῳ
787 4801 909 4878 καθὼς
925 4802 1118 4888 παρέλαβεν.
1146 4804 1270 4885 accepit.
1956 4869 1962 4881 ,

165 4927 181 4979 ’.
283 4913 357 4979 Ἐάν
379 4920 413 4977 ἐν
432 4913 560 4995 πελάγει
578 4912 693 4976 πλοῖον
709 4908 869 4997 στραφῇὸ
886 4908 906 4987 ή
925 4909 1118 4997 διαφθαρῇ,
1212 4910 1245 4973 Si
1272 4911 1305 4971 in
1332 4911 1408 4971 mari
1436 4912 1522 4975 navis
1549 4921 1688 4994 correpta
1714 4914 1878 4977 vorticibus
1909 4914 1959 4978 vel
1985 4936 2047 4977 cor-
2083 4926 2126 4975 45.

219 5025 237 5086 ὁ
261 5023 446 5102 ἀποσώζων
468 5044 499 5084 τι
523 5021 558 5104 ἐξ
581 5020 685 5083 αὐτοῦ
708 5016 757 5083 ἐπὶ
774 5014 834 5094 τήν
849 5027 909 5096 γῆν
925 5015 1119 5101 λαμβανέτω
1146 5028 1238 5099 rupta
1259 5018 1357 5092 fuerit,
1380 5019 1406 5080 is
1429 5019 1538 5099 quiex
1552 5039 1589 5080 ea
1604 5020 1719 5101 aliquid
1734 5022 1868 5084 servavit
1882 5021 1922 5081 ad
1936 5030 2047 5084 terram

219 5128 294 5193 ἀντὶ
317 5130 450 5212 μισθοῦ
472 5123 511 5191 τό
535 5131 681 5207 πέμπτον
703 5129 810 5208 μέρος.
1146 5123 1253 5198 serene,
1276 5145 1331 5206 pro
1354 5125 1490 5188 mercede
1514 5127 1652 5206 quintam
1675 5136 1794 5208 partem
1816 5128 1927 5208 capiat.
2103 5129 2105 5133 ’

167 5247 182 5302 ’.
284 5233 359 5300 ’Edu
389 5236 542 5320 κάραβος
574 5231 641 5298 ἀπὸ
671 5232 757 5296 λδίου
785 5231 901 5294 πλοίου
927 5225 972 5293 τά
1000 5237 1121 5306 σχοῖνα
1213 5230 1247 5293 Si
1284 5231 1400 5312 scapha
1437 5252 1456 5294 a
1492 5234 1616 5315 propria
1652 5254 1743 5308 nave,
1781 5233 1905 5296 funibus
1942 5234 2046 5315 ruptis,
2083 5246 2126 5296 46.

220 5343 403 5428 διαρρήξας
434 5342 598 5418 ἀπόληται
631 5338 702 5422 άμα
738 5337 795 5403 καὶ
827 5346 898 5411 τοῖς
929 5336 1120 5418 ἐμπλέουσιν
1146 5338 1272 5400 disiecta
1297 5349 1404 5419 pereat
1429 5360 1493 5402 una
1519 5361 1588 5403 oum
1617 5341 1665 5415 iis,
1694 5342 1748 5421 qui
1774 5341 1806 5402 in
1833 5361 1870 5403 ea
1891 5342 2046 5421 navigant,

217 5455 251 5514 ἐν
273 5451 374 5532 αὐτῷ,
401 5447 459 5513 ἐάν
486 5451 519 5511 οἱ
547 5448 698 5521 πλέοντες
720 5447 911 5511 ἀπόλωνται
939 5442 958 5520 d
982 5444 1119 5507 ἀποθά-
1147 5446 1171 5506 si
1194 5446 1373 5525 navigantes
1394 5456 1521 5528 pereant
1542 5446 1591 5510 vel
1618 5446 1778 5522 decedant,
1805 5448 1972 5510 mercedem
1995 5468 2047 5510 an·

218 5579 309 5638 νωσι,
337 5554 398 5620 τόν
423 5553 555 5638 μισθὸν
577 5552 637 5618 τὸν
659 5558 863 5617 ἐνιαυσιαίου
885 5549 1076 5615 ἀποδιδότω
1099 5552 1118 5613 ό
1146 5572 1238 5612 uuam
1260 5554 1405 5633 magister
1426 5553 1535 5615 reddat
1556 5553 1596 5614 ad
1612 5573 1725 5614 aunum
1740 5554 1927 5634 implendum
1943 5574 2045 5615 eorum

217 5664 401 5749 ναύκληρος
424 5667 469 5737 είς
484 5660 627 5747 πλήρηςθ
649 5668 710 5724 τοῦ
731 5666 884 5723 ἐνιαυτοῦ
905 5666 975 5731 τοῖς
990 5655 1119 5721 τούτων
1146 5658 1314 5721 heredibus.
1364 5660 1416 5740 qui
1442 5679 1514 5721 vero
1541 5660 1685 5740 scapham
1713 5670 1815 5725 servat
1840 5682 1910 5723 cum
1937 5663 2046 5724 instru-

291 5823 360 5879 ¹de.
380 5825 408 5878 in
427 5823 470 5878 ed
560 5819 722 5891 ’-ημίνοι
739 5818 785 5873 hic
802 5822 832 5872 et
849 5815 922 5871 infra
939 5816 982 5871 ed.
1073 5752 1134 5891 ’ῇλ

217 5912 337 5968 added.
368 5912 424 5968 Sed
442 5910 492 5966 cfr.
510 5929 538 5981 p.
553 5915 602 5964 118
621 5928 648 5964 n.
664 5915 675 5962 l
692 5914 721 5963 et
732 5906 808 5962 alibi.
880 5904 984 5975 ‘dm
1004 5905 1047 5959 ed.
1130 5896 1134 6053 γ

218 6002 334 6074 ὖτριιιιῇ
353 6002 396 6057 ed.
469 5998 535 6053 ὀί.
553 6018 580 6070 p.
596 6003 655 6068 11⁹1,
673 6016 700 6052 n.
713 6004 738 6051 4.
