4978 7018
256 1020 372 1085 Mis
388 1028 404 1084 1
420 1030 470 1099 [σί.

459 1305 575 1372 LIBER
592 1317 732 1387 XXXIII,
749 1306 917 1376 'I'ITULUS
934 1320 957 1374 1.
1389 1316 1506 1372 LIBER
1523 1316 1662 1385 XXXIII,
1679 1312 1847 1374 'I'ITULUS
1864 1316 1887 1371 1.

255 1475 398 1561 θλιβιάι.
435 1476 492 1542 καί
516 1479 699 1553 σποίδοντές
722 1484 804 1543 εἰσιν
827 1480 944 1555 οίτινες
967 1478 1024 1546 ded
1042 1483 1158 1558 πάθος
1185 1481 1318 1544 thlibiee.
1360 1488 1392 1541 et
1420 1479 1568 1560 spadones
1599 1489 1671 1541 sunt
1700 1480 1752 1560 qui
1784 1498 1840 1560 per
1868 1481 2007 1543 morbum
2035 1490 2089 1543 aut

254 1581 388 1669 ύψύξιν
403 1585 634 1662 ένσχλύσασαν
649 1595 719 1660 τοῖς
734 1588 882 1669 μονίμοις
896 1590 1026 1671 μορίοις
1042 1589 1157 1654 παιδο-
1184 1588 1381 1669 frigiditatem
1403 1587 1618 1668 impedientem
1640 1585 1787 1665 genitales
1814 1595 1917 1667 partes
1944 1605 2089 1665 generare

253 1699 359 1754 ποιεῖν
389 1691 587 1756 κωλύονται·
622 1691 745 1756 τούτου
774 1694 809 1758 δέ
836 1696 1080 1777 ἀπαλλαγέντες
1107 1701 1156 1761 έκ-
1185 1696 1391 1778 prohibentem
1421 1693 1479 1755 hoo
1511 1701 1613 1755 autem
1643 1688 1753 1776 [melo]
1782 1690 1905 1755 liberati
1930 1701 2087 1772 generent.

252 1796 472 1861 παιδεύουσιν.
498 1798 631 1884 θλιβιάι
656 1799 699 1880 δὲ,
723 1798 841 1876 οίτινες
864 1801 930 1867 ἀπὸ
947 1814 1005 1881 της
1023 1814 1157 1891 τροφοῦ
1184 1802 1310 1864 thlibiae
1341 1821 1414 1863 vero
1451 1799 1549 1884 [sunt]
1584 1801 1637 1880 qui
1666 1820 1686 1861 a
1715 1799 1832 1862 nutrice
1861 1798 1913 1861 vel
1943 1820 1963 1861 ε
1992 1809 2088 1862 matre

252 1902 272 1980 ll
296 1890 439 1989 1ch
461 1903 564 1983 τυχὸν
586 1907 750 1994 ἔκθλιψιν
773 1919 840 1972 τῶν
861 1908 1004 1992 διδύμων
1019 1911 1156 1988 ύπέστη-
1182 1909 1260 1971 forte
1282 1907 1491 1971 contritionem
1513 1905 1720 1968 testiculorum
1742 1914 1814 1969 sunt
1834 1907 1925 1986 passi.
1963 1907 2087 1969 castrati

253 2032 329 2073 σαν·
351 2012 540 2097 καστράτοι
565 2012 599 2077 δέ
622 2017 712 2094 εἰσιν,
737 2015 790 2101 ἐφ’
816 2011 863 2078 ὧν
885 2019 1017 2098 γέγονεν
1034 2017 1154 2100 έκτομὴ
1183 2024 1283 2078 eutem
1307 2023 1387 2089 sunt,
1410 2015 1441 2076 in
1464 2013 1574 2094 quibus
1597 2010 1680 2075 facta
1694 2022 1740 2075 est
1755 2013 1887 2075 exsectio
1909 2013 2087 2092 genitalium

253 2127 321 2181 τῶν
342 2130 541 2199 γεννητικῶν
562 2121 700 2204 μορίωνι
720 2159 763 2168 -
885 2128 947 2201 §9-
963 2125 1040 2188 Inst.
1059 2129 1086 2203 1,
1105 2129 1154 2189 11.
1181 2124 1324 2204 partium.
1867 2124 1883 2196 ἓ
1902 2120 1972 2183 9·L
1992 2122 2018 2194 1,
2037 2123 2086 2182 ll·

315 2223 439 2303 Ἕπειδύ
478 2249 531 2290 σοι
574 2236 717 2293 τοιαῦτα
759 2230 1049 2316 προτεθειύρηται,
1088 2230 1155 2315 ύρα
1248 2238 1325 2301 Cum
1349 2238 1404 2300 tibi
1426 2237 1503 2298 haec
1525 2236 1720 2316 praecognita
1743 2236 1811 2311 sint,
1834 2236 1905 2298 vide
1922 2234 1994 2317 quid
2016 2236 2087 2299 inde

250 2329 367 2396 λοιπὸν
394 2331 434 2398 τδ
462 2335 689 2419 προκείμενον·
721 2336 869 2416 έζητύθη
896 2342 922 2401 εί
950 2338 1020 2424 ἀρα
1047 2339 1153 2404 εύνοῦ-
1181 2353 1272 2407 extet
1321 2344 1499 2422 Quaesitum
1528 2352 1574 2405 est
1600 2352 1702 2404 utrum
1728 2343 1825 2423 possit
1850 2343 2007 2405 eunuchus
2034 2343 2086 2405 ad·

246 2460 310 2516 χος
333 2438 472 2504 δύναται
497 2440 695 2505 υίοθετεῖν·1
728 2441 785 2506 καί
808 2443 951 2526 λέγομεν,
979 2443 1031 2509 ὅτι
1055 2448 1074 2509 δ
1097 2448 1155 2529 μέν
1181 2436 1296 2534 optare,
1319 2462 1350 2514 et
1367 2452 1496 2513 dicimus
1519 2459 1685 2512 castratum
1709 2459 1741 2511 et
1763 2444 1903 2512 thlibiam
1927 2470 1986 2512 non
2010 2450 2086 2512 soci-

249 2548 443 2631 καστράτος
474 2546 530 2612 καί
563 2550 582 2611 δ
614 2548 755 2633 θλιβίοις
788 2550 827 2613 ού
853 2550 1083 2637 λαμβάνουσιν
1110 2560 1154 2629 είς
1181 2579 1252 2640 pere
1276 2557 1393 2642 [posse]
1415 2559 1448 2618 in
1470 2556 1662 2638 adoptionem
1685 2575 1783 2637 neque
1798 2576 1868 2618 eum
1882 2557 1934 2637 qui
1951 2557 1998 2619 sui
2012 2556 2085 2620 iuris

250 2653 351 2716 θέσιν
374 2653 448 2717 ούδέ
463 2655 679 2738 αὐτεξούσιον
702 2653 796 2739 παρά
817 2656 959 2741 βασιλεῖ,
984 2660 1059 2724 ούδὲ
1082 2661 1153 2726 ύπε·
1181 2676 1228 2728 est
1250 2665 1334 2746 apud
1355 2666 1531 2746 prinoipem,
1554 2683 1653 2744 neque
1676 2683 1745 2724 eum
1761 2664 1814 2744 qui
1837 2663 1926 2726 alieni
1949 2665 2022 2726 iuris
2041 2675 2086 2727 est

248 2757 385 2843 ξούσισν
408 2758 501 2846 παρά
524 2762 705 2847 ἀρχοντος·
730 2759 779 2838 οίς
801 2760 868 2847 γάρ
891 2767 910 2842 ἡ
935 2765 1036 2852 φύσις
1058 2769 1153 2852 ὴρνύ-
1181 2772 1264 2853 apud
1278 2772 1502 2852 magistratum:
1525 2791 1597 2832 nam
1613 2770 1723 2851 quibus
1739 2779 1851 2832 natura
1863 2790 2009 2849 generare
2025 2792 2086 2833 non

250 2888 336 2930 σατο
359 2864 399 2932 τὸ
423 2852 638 2950 παιδοποιεῖν,
664 2869 795 2945 τούτοις
817 2871 875 2936 καί
899 2874 917 2935 δ
940 2875 1041 2956 νόμος
1063 2873 1153 2939 κατά
1180 2879 1325 2960 permisit,
1347 2879 1384 2940 iis
1412 2876 1541 2962 [ne]que
1567 2877 1615 2939 ius
1643 2876 1817 2961 [permittit]
1845 2878 1973 2940 naturae
1995 2880 2085 2942 vesti·

249 2973 337 3039 πόδα
358 2973 505 3059 βαδίζων
520 2986 578 3053 τῆς
593 2975 736 3062 φύσεως·
760 2979 941 3044 ἀνέλπιστα
955 2978 1022 3064 γάρ
1039 2983 1153 3057 αύτοῖς
1180 2986 1237 3066 giis
1258 2985 1398 3047 haerens:
1422 3005 1484 3046 non
1506 2985 1586 3046 enim
1602 3005 1671 3066 spes
1694 2994 1740 3046 est
1761 2982 1825 3046 fore
1849 2985 1922 3047 utii
1944 3005 2086 3065 generare

249 3078 293 3145 τά
316 3091 374 3157 τῆς
397 3081 624 3157 παιδοποιίαςι
642 3121 683 3131 -
1010 3095 1026 3166 5
1044 3094 1063 3152 9
1079 3090 1151 3153 ibid.
1179 3093 1305 3173 possint
1975 3097 1991 3168 ξ
2010 3095 2028 3154 9
2044 3092 2084 3154 ib.

311 3186 344 3252 Ὁ
367 3187 401 3253 δὲ
425 3188 571 3271 σπεύδων,
596 3189 704 3269 ἐπειδὴ
727 3201 849 3257 τοῦτον
872 3193 961 3268 ἐλπίς
983 3193 1069 3270 είκδς
1092 3205 1153 3260 τοῦ
1225 3199 1329 3281 Spsdo
1361 3219 1441 3273 vero,
1476 3219 1546 3260 cum
1577 3198 1759 3260 naturaiiter
1790 3219 1858 3280 spes
1891 3200 1931 3260 sit
1960 3199 2024 3262 fore
2051 3208 2086 3262 ut

248 3294 386 3369 πάθους
413 3297 648 3377 ἀπαλλαγέντα
671 3297 844 3363 δύνασθαι
869 3300 1085 3383 παιδοποιεῖν,
1108 3308 1153 3378 είς
1180 3305 1284 3368 morbo
1299 3304 1447 3367 liberatus
1461 3324 1606 3386 generare
1621 3305 1726 3386 possit,
1748 3306 1780 3369 in
1800 3305 1992 3386 adoptionem
2008 3306 2085 3368 acci-

248 3400 350 3465 θέσιν
387 3401 530 3489 λήψεται
568 3403 625 3467 καί
668 3404 885 3489 αὐτεξούσιον
921 3407 978 3473 καί
1021 3408 1152 3493 ύπτξού·
1179 3413 1244 3493 piet
1273 3422 1337 3474 tam
1368 3432 1437 3474 eum
1465 3412 1518 3493 qui
1541 3412 1601 3487 sui,
1629 3432 1722 3493 quam
1750 3431 1819 3474 eum
1846 3413 1900 3493 qui
1926 3412 2017 3475 alieni
2039 3423 2085 3475 est

249 3529 335 3571 σιονε
353 3546 394 3555 -
1080 3518 1152 3580 ibid.
1180 3520 1261 3583 Iuris.
2043 3519 2083 3583 ib.

68 3672 152 3764 ep.
165 3636 225 3729 κίε
497 3687 616 3743 rulo(
636 3688 678 3757 e,
698 3689 830 3744 ειειυογ
846 3690 900 3745 ιε’
1383 3693 1551 3752 arnonus
1569 3693 1607 3763 11,
1625 3693 1731 3749 nmio
1749 3694 1880 3749 xxxm
2155 3700 2172 3754 ι.
2186 3704 2211 3755 s.

107 3783 129 3816 τ.
143 3763 186 3816 rn'
2106 3768 2168 3825 Cod.
2184 3777 2201 3826 t.
2215 3777 2259 3827 ol.

75 3832 127 3901 (ud'
139 3834 217 3903 cop)
249 3813 311 3883 περί
330 3813 430 3879 νηπίων
443 3810 623 3882 ἐκτιθεμένων
635 3812 787 3887 ἐλευθέρων
798 3818 843 3868 καί
856 3804 958 3870 δούλων
969 3819 1015 3870 καί
1025 3821 1088 3891 περί
1100 3820 1152 3872 τῶν
1206 3820 1242 3875 de
1259 3817 1416 3875 infantibus
1434 3820 1566 3890 expositis
1584 3818 1681 3874 liberis
1698 3823 1727 3874 et
1744 3821 1833 3875 servis
1852 3824 1881 3875 et
1899 3819 1934 3874 de
1952 3821 1987 3875 iis
2004 3822 2053 3891 qui

267 3900 329 3960 τούς
346 3898 484 3971 ύφαλμονς
501 3899 695 3975 ἀηορσοάντων
713 3900 729 3970 ἢ
748 3903 786 3965 είς
803 3901 834 3957 sd
852 3905 960 3977 θρέψαι
977 3905 1133 3976 εἰληφότων.
1249 3908 1478 3981 sanguinolentos
1497 3914 1593 3963 emunt
1610 3912 1659 3963 aut
1676 3908 1840 3964 nutriendos
1858 3909 2007 3980 accipiunt

312 4022 387 4089 Ἐἀν
409 4026 552 4101 ἀκοντός
575 4048 639 4091 σου
661 4026 681 4105 l
704 4030 907 4108 ἀγνοοῦντος
930 4028 991 4095 τδν
1013 4030 1151 4096 τοκετδν
1245 4034 1278 4097 si
1301 4036 1396 4098 invito
1411 4036 1462 4098 vel
1484 4036 1643 4117 ignorante
1665 4044 1695 4098 te
1717 4044 1840 4116 partum
1858 4036 1989 4099 ancillae
2010 4046 2082 4099 tuae

247 4142 305 4209 τῆς
337 4132 549 4216 θεραπαίνης
581 4157 645 4199 σου
676 4137 779 4216 ἤγουν
806 4134 883 4213 της’
909 4140 1151 4226 έναπογράφου
1177 4142 1228 4204 vel
1251 4142 1462 4224 adscripticios
1490 4143 1667 4224 exposuerit
1693 4144 1775 4224 quis,
1806 4163 1868 4205 uon
1897 4143 1986 4206 aliter
2012 4162 2081 4205 eum

246 4238 382 4320 ίξέθετό
414 4262 465 4314 τις
492 4242 532 4304 ού
558 4242 668 4316 καλῶς
696 4244 880 4330 ἀναλήψεις
911 4242 1016 4309 αύτδν
1047 4251 1074 4309 εί
1105 4245 1149 4328 μὴ
1176 4249 1305 4330 recipias
1329 4250 1387 4312 nisi
1410 4250 1555 4312 alimenta
1577 4259 1609 4311 et
1629 4250 1781 4331 impensas
1803 4250 1981 4330 disciplinae
1996 4251 2081 4312 resti-

246 4342 307 4418 τάς
339 4344 473 4433 τροφάς
505 4349 607 4429 ύγουν
639 4346 700 4423 τάς
738 4347 788 4413 έπί
821 4348 960 4427 διδαχῆς
997 4351 1150 4427 δαπάνας
1176 4357 1278 4418 tueris.
1845 4377 1870 4419 ο.
1889 4359 1916 4417 1.
1932 4356 1967 4419 Ο.
1984 4360 2012 4432 8,
2029 4359 2080 4418 51.

245 4454 541 4541 ἀποκαταστήσῃςι
559 4492 600 4502 -
851 4479 876 4520 ο.
895 4461 922 4519 1.
938 4457 971 4520 0.
987 4458 1080 4535 VIII,
1097 4464 1148 4522 51.

312 4556 372 4634 Ele
395 4565 536 4636 ἕκαστος
560 4560 620 4640 τὴν
643 4562 731 4628 ίδιάν
753 4560 855 4645 γονὴν
878 4568 1040 4651 τρεφέτωι
1064 4572 1090 4629 εί
1114 4566 1149 4630 δέ
1242 4566 1460 4650 Unusquisque
1483 4562 1620 4631 subolem
1643 4590 1730 4632 suam
1752 4570 1880 4644 nutriet3
1903 4568 1928 4632 si
1948 4591 2016 4633 eam
2030 4592 2080 4633 ex·

245 4667 389 4745 έκθηται
414 4666 519 4746 αὐτὴν
541 4669 643 4753 ἀξίως
666 4670 953 4756 τιμωρηθήσεται·
982 4672 1090 4736 οὐκέτι
1115 4673 1149 4737 δέ
1175 4684 1276 4758 ponet,
1299 4675 1407 4739 merito
1429 4672 1584 4757 punietur;
1608 4672 1748 4739 dominus
1771 4686 1827 4738 aut
1847 4685 1993 4757 patronus
2012 4698 2080 4741 sero

246 4773 407 4853 δεσπότης
429 4774 449 4852 ἢ
473 4777 611 4862 πάτρων
633 4778 804 4855 ἐκδικῆσαι
827 4777 977 4859 δύναται,
1002 4777 1082 4865 ύπερ
1107 4777 1149 4843 ἀν
1175 4803 1237 4845 non
1253 4783 1383 4864 amplius
1399 4782 1513 4863 poterit
1526 4783 1682 4847 vindicare
1698 4783 1781 4865 quod
1796 4785 1979 4865 exposuerit
2015 4806 2039 4847 c.
2051 4787 2079 4847 2.

244 4882 403 4958 ίκθηταιε
420 4879 479 4930 -⁸
1077 4908 1103 4950 c.
1120 4890 1148 4949 2.

313 4986 440 5065 Μηδείς
463 4986 523 5053 τὸν
545 4990 727 5055 ἐκτεθέντα
750 4990 811 5057 ὑπὸ
841 4991 1036 5057 δεσποτείαν
1058 4992 1148 5057 ίδιάν
1242 4992 1340 5059 Nemo
1363 4997 1534 5078 expositum
1558 4998 1590 5058 in
1613 5014 1700 5060 suem
1722 4998 1937 5079 proprietatem
1952 4997 2079 5079 redigito

246 5096 377 5160 ποιείτω
401 5099 464 5159 είτε
487 5093 553 5160 ἀπὸ
578 5097 726 5178 εὐγενοῦς
748 5097 768 5175 d
791 5098 1019 5184 ἀπελευθέρας
1037 5099 1148 5185 τεχθῇ
1176 5102 1239 5164 sive
1261 5120 1300 5163 ex
1322 5102 1456 5181 ingenua
1477 5103 1542 5165 sive
1564 5121 1603 5164 ex
1625 5103 1736 5165 liberta
1761 5115 1851 5166 nctus
1874 5106 1926 5180 sit,
1954 5105 2018 5168 sive
2040 5117 2098 5167 en¹

246 5200 265 5279 l
289 5200 407 5279 δούλω
430 5199 516 5266 ἀλλὰ
537 5201 581 5284 νὴ
600 5240 1147 5254 -------
1176 5207 1302 5285 mulla,
1335 5209 1387 5271 ιω
1437 5240 2078 5258 --------

246 5308 1149 5400 ----†----mw
1176 5348 2078 5365 -----------

246 5415 317 5478 ἀλλ’
343 5413 472 5497 εὐγενὴς
494 5419 579 5480 έστω
602 5415 659 5480 καί
683 5420 789 5499 έαυτηῖ
817 5421 1067 5503 προσποριζέτω
1090 5416 1147 5483 καί
1175 5422 1326 5502 ἱερεύετε
1348 5430 1412 5484 esto
1435 5430 1466 5484 et
1480 5423 1538 5485 sibi
1553 5422 1703 5504 adquirite
1719 5433 1751 5485 et
1764 5424 1796 5484 ln
1810 5424 1964 5505 propriam
1982 5432 2078 5486 trans·

245 5526 289 5597 είς
312 5521 372 5600 τὴν
395 5522 483 5586 ἰδίαν
499 5527 742 5607 παραπεμπέτω
758 5523 861 5607 νομὴν
879 5526 958 5607 μήτε
977 5526 1047 5591 δέδ
1067 5528 1147 5590 ἀνα·
1175 5520 1287 5590 mittito
1318 5529 1537 5609 possessionem
1567 5546 1664 5611 neque
1699 5530 1725 5591 is
1761 5530 1813 5611 qui
1844 5542 1914 5591 eum
1946 5533 2079 5612 suscepit

244 5627 358 5714 λαβὼν
381 5628 485 5695 αύτδν
507 5632 646 5717 πάτρων
673 5668 1051 5680 —————
1079 5637 1147 5696 ἐκτι
1177 5669 2077 5685 -----------

244 5736 313 5818 θεμ
345 5773 711 5786 -----
744 5737 827 5825 πρὸς
854 5738 1005 5803 δουλείαν
1027 5736 1149 5813 αὐτούς
1174 5761 1270 5822 neque
1292 5743 1324 5802 in
1347 5742 1523 5805 servitutem
1546 5763 1597 5805 eos
1619 5743 1771 5823 redigant:
1794 5743 1871 5806 haec
1888 5763 1961 5806 vero
1977 5744 2078 5807 obser-

317 6005 327 6038 ¹
345 6002 413 6060 (lod.
431 6003 608 6060 παιδοποιεῖν.
717 6005 728 6038 ¹
746 6005 793 6060 τὸν
811 6006 871 6061 cod.
979 6004 991 6038 ⁸
1009 6004 1076 6076 Syn.
