4842 7018
883 472 1037 539 LIBER
1059 473 1176 539 XLIV.
1221 474 1310 540 dlv.
1333 473 1425 538 XIX.
2054 470 2093 532 91

262 646 468 732 λαμβάνεται
493 648 549 714 καὶ
573 651 613 713 οδ
640 651 887 738 διαφερόμεθα,
914 658 940 717 εἰ
963 652 1021 717 καὶ
1044 654 1169 742 ψευδὴς
1196 655 1369 720 inveniatur
1390 655 1620 727 demonstratio,
1648 673 1716 715 cum
1739 652 1854 732 liqueat
1875 672 1964 732 quem
1988 650 2099 712 dixerit

264 756 389 843 εὑρεθῇ
412 759 431 833 ἡ
452 756 600 837 δήλωσις,
624 762 651 821 εἰ
667 759 767 835 δῆλόν
782 763 881 839 ἐστιν,
905 757 945 824 δν
960 757 1046 825 εἶπεν
1062 763 1080 824 ό
1098 763 1168 826 δια·
1196 771 1331 825 testam.
1363 761 1410 844 [fr.
1428 762 1469 823 34
1495 759 1554 843 pn]
1583 759 1683 833 diflert
1709 768 1811 822 autem
1839 759 2055 821 demonstratio
2079 778 2098 818 a

267 863 418 944 θέμενος.
450 864 499 949 [fr.
516 868 557 927 34
577 865 637 948 pr]
667 864 818 951 διαφέρει
851 866 884 929 δέ
913 866 1054 944 δήλωσις
1081 872 1168 952 αἶρέ·
1196 869 1370 932 condicione
1385 888 1421 929 eo
1436 867 1516 949 quod
1532 866 1747 929 demonstratio
1763 867 1939 946 plerumque
1957 864 1996 926 ad
2012 885 2098 945 prae·

263 991 358 1049 σεως,
397 967 449 1032 ὅτι
482 972 501 1047 ὴ
537 972 595 1052 μέν
627 972 768 1049 δήλωσις
804 975 848 1047 ὡς
879 972 931 1037 lul
968 972 1052 1039 πολὺ
1085 973 1168 1060 πρὸς
1195 977 1314 1039 teritam
1341 974 1469 1037 refertur
1491 994 1567 1046 rem3
1595 973 1729 1035 condicio
1758 980 1859 1034 autem
1887 972 1927 1033 ad
1955 973 2097 1034 futuram.

264 1077 511 1160 παρερχόμενον
536 1080 740 1166 ἀναφέρεται
766 1090 913 1164 πρᾶγμα,
941 1081 1017 1158 ῆδέ
1042 1080 1168 1167 αἵρεσις
1912 1079 1949 1141 fr.
1966 1082 2050 1155 365
2071 1082 2096 1139 l.

264 1180 346 1267 πρός
368 1184 497 1266 μέλλονε
514 1222 556 1231 -
982 1190 1018 1251 fr.
1035 1194 1086 1252 34.
1103 1197 1120 1267 6
1140 1195 1167 1253 1.

197 1324 226 1386 ζ’,
336 1306 388 1371 ve
414 1307 564 1393 αἰρετικδ
588 1309 719 1390 ληγάτα
745 1310 828 1392 μετά
856 1310 916 1389 τὴν
944 1313 1082 1399 έκβασιν
1109 1326 1167 1391 τῆς
1261 1312 1489 1376 condicionalis
1511 1312 1613 1394 legata
1634 1321 1793 1394 postqum
1809 1311 1943 1374 condicio
1966 1310 2098 1373 evenerit

264 1418 421 1499 αἱρέσεως
443 1418 723 1499 κεγρεοέστηνται,
752 1416 837 1482 ὅθεν
865 1419 940 1482 οὐδὲ
966 1423 1167 1507 μεταφέρεσ-
1196 1420 1352 1495 debentur,
1375 1419 1456 1481 unde
1478 1440 1535 1482 nec
1557 1419 1622 1481 cedi
1644 1420 1760 1481 interea
1782 1426 1918 1500 possunt.
1992 1414 2029 1475 fr.
2045 1416 2096 1474 41.

265 1523 330 1585 θαι
354 1527 388 1585 έν
411 1526 458 1603 τῷ
481 1519 605 1605 μεταξὺ
628 1523 817 1588 δύνανται.1
893 1528 929 1588 fr.
945 1530 997 1589 41.
1012 1529 1052 1590 D.
1070 1532 1121 1603 35,
1140 1532 1166 1590 1.

327 1645 359 1710 Ὁ
383 1646 417 1709 δὲ
432 1646 575 1734 γραφεὶς
589 1647 803 1733 κληρονόμος,
826 1647 884 1714 έάν
902 1651 1039 1737 ἀξιωθῇ
1054 1651 1167 1737 λαβεῖν
1260 1651 1359 1713 Herm
1386 1652 1525 1732 scriptus,
1557 1652 1583 1712 si
1609 1659 1732 1730 rogatus
1760 1649 1800 1711 sit
1826 1650 1961 1730 accipere
1992 1647 2097 1709 decem

264 1753 331 1816 ἀπό
356 1775 418 1816 σου
442 1754 522 1817 δέκα
544 1767 643 1837 νομγν
663 1754 720 1818 καὶ
737 1757 1023 1835 ἀποκαταστῆσαί
1037 1781 1089 1822 σοι
1107 1757 1168 1837 τὴν
1195 1778 1302 1820 aureos
1325 1767 1356 1820 et
1382 1760 1539 1820 restituere
1567 1757 1622 1819 tibi
1644 1756 1852 1830 hereditatem,
1879 1776 1938 1817 non
1966 1754 2098 1815 restituit

262 1860 498 1943 κληρονομιάν,
535 1860 596 1924 οὐκ
633 1864 889 1942 ἀποκαθίστησι
922 1864 978 1929 καλ
1012 1863 1056 1930 τά
1087 1866 1167 1930 δέκα
1195 1866 1286 1927 etiam
1309 1865 1414 1927 decem
1438 1885 1554 1927 aureos.
1742 1862 1778 1924 fr.
1793 1867 1846 1926 44.
1863 1868 1879 1939 6
1898 1867 1926 1925 ’1.
1941 1861 1981 1922 D.
1999 1863 2049 1935 35,
2069 1863 2096 1921 1.

263 1980 434 2049 ocpp'2-
812 1972 847 2033 fr.
865 1974 1120 2051 44.§7.D.35,
1139 1978 1166 2035 1.

209 2109 224 2162 ¹,
327 2090 402 2156 Ἐάν
417 2092 608 2173 ληγατεέσω
625 2115 679 2157 σοι
699 2092 754 2157 ότε
769 2098 813 2168 εἰς
829 2092 889 2158 τόν
904 2094 938 2179 ἒξ
953 2096 1010 2161 καλ
1027 2097 1167 2162 δέκατον
1261 2097 1293 2159 si
1316 2097 1455 2176 legavero
1473 2096 1529 2159 tibi
1544 2117 1614 2158 cum
1629 2096 1670 2157 ad
1685 2103 1803 2157 sextum
1819 2093 1968 2156 decimum
1983 2114 2096 2155 annum

262 2196 415 2263 ἐνιαυτόν
437 2200 550 2285 έλθης,
574 2201 635 2278 οὐχ
659 2198 730 2283 άμα
753 2206 800 2283 τῷ
819 2201 969 2287 ἐπιβῆναι
993 2208 1042 2286 τῷ
1059 2203 1094 2288 έξ
1109 2206 1166 2269 καὶ
1194 2204 1376 2285 perveneris,
1399 2223 1459 2265 non
1483 2203 1586 2265 statim
1609 2223 1679 2264 eum
1701 2203 1853 2283 ingressus
1868 2199 1961 2263 flieris
1977 2208 2097 2262 sextum

263 2306 391 2388 δεκάτῳ
415 2308 477 2370 έτει
501 2303 541 2370 τδ
564 2307 712 2388 ληγάτον
734 2311 898 2383 ἀπαιτεῖςε
916 2346 957 2356 -
1062 2314 1098 2375 fr.
1114 2317 1166 2377 48.
1195 2310 1344 2372 decimum
1367 2330 1482 2372 annum
1504 2309 1638 2390 legatum
1660 2308 1748 2390 petis.
1992 2307 2027 2368 fr.
2043 2309 2096 2368 48.

326 2429 359 2495 Ὁ
374 2430 564 2505 κελευσθεὶς
580 2432 696 2496 δοῦναι
713 2432 792 2497 δέκα
801 2447 899 2516 νομμ’
914 2434 971 2498 καὶ
981 2431 1064 2499 εἶναι
1074 2438 1166 2501 arite-
1260 2435 1324 2513 4ῆοὶ
1345 2436 1444 2497 iussus
1466 2444 1513 2496 est
1533 2433 1607 2495 dare
1629 2433 1732 2495 decem
1755 2453 1863 2495 aureos
1884 2441 1916 2495 et
1937 2431 2013 2494 liber
2031 2451 2097 2493 esse

262 2535 395 2618 ξούσιος
410 2535 468 2601 καλ
485 2542 532 2619 τῷ
547 2539 741 2622 κληρονόμῳ
757 2548 819 2603 τοῦ
833 2541 1041 2625 κληρονόμου
1056 2541 1167 2618 διδοὺς
1194 2552 1225 2603 et
1247 2542 1350 2603 heredi
1377 2541 1495 2603 heredis
1522 2540 1624 2602 dando
1646 2539 1723 2602 liber
1749 2540 1796 2602 fit:
1824 2561 1886 2602 non
1912 2539 1991 2601 idem
2015 2538 2097 2601 valet

262 2642 512 2727 ἐλευθεροῦται·
536 2646 597 2709 οῦκ
619 2650 688 2709 ἐστι
713 2645 747 2709 δὲ
763 2642 867 2710 ταὺτὸ
883 2646 934 2712 iol
949 2648 1165 2734 ληγαταρίσυ.
1194 2657 1225 2709 et
1246 2649 1278 2708 in
1303 2646 1461 2732 [persona]
1485 2645 1632 2728 legatarii.
1913 2646 1947 2706 fr·
1965 2649 2015 2707 51·
2033 2652 2049 2724 ἓ
2068 2649 2096 2707 1·

981 2757 1017 2818 fr.
1034 2761 1118 2835 sas
1139 2761 1166 2821 1.

176 2892 225 2964 μμ,
328 2871 403 2939 ‘Edu
426 2877 580 2962 ἀξιωθῇς
604 2876 684 2941 δέκα
706 2891 804 2959 κόμμ’
834 2877 949 2943 δοῦναι
973 2879 1030 2943 καλ
1053 2881 1167 2966 λαβεῖν
1261 2879 1294 2941 si
1316 2889 1441 2961 rogatus
1463 2880 1556 2940 fueris
1579 2878 1682 2941 decem
1704 2898 1811 2940 aureos
1830 2877 1903 2939 dare
1918 2887 1949 2939 et
1964 2878 2098 2958 accipere

262 2979 378 3065 ἀγρὸν,
412 2983 451 3045 οὐ
478 2982 620 3047 δύνασαι
650 2981 695 3048 τά
722 2987 815 3048 πέντε
848 2981 959 3060 διδοὺς
985 2986 1099 3072 λαβεῖν
1126 2985 1166 3051 τὸ
1194 2986 1330 3061 fundum,
1362 3007 1424 3049 non
1449 2994 1536 3066 potes
1563 2986 1698 3067 quinque
1723 2984 1824 3047 dando
1851 2986 1986 3066 accipere
2012 2985 2097 3045 dimi·

262 3086 361 3170 ῇμισυ
384 3099 445 3153 τοῦ
467 3092 583 3172 ἀγροῦ.
629 3096 655 3155 el
679 3090 714 3155 δέ
736 3092 868 3166 πολλοῖς
892 3089 955 3156 ὑπό
978 3091 1039 3171 τὴν
1062 3092 1167 3172 αὐτὴν
1194 3093 1277 3154 dium
1300 3092 1398 3156 fundi:
1423 3094 1448 3156 si
1471 3113 1543 3156 vero
1565 3092 1702 3174 pluribus
1726 3092 1783 3154 sub
1798 3091 1925 3154 eandem
1949 3091 2097 3153 condicio·

262 3194 390 3279 αἵρεσιν
422 3197 650 3283 καταλειφθῇ,
684 3202 825 3272 ἕκαστος
857 3195 968 3273 διδοὺς
995 3198 1056 3278 τὴν
1086 3203 1166 3264 ἀνα-
1194 3220 1263 3261 nem
1285 3199 1407 3261 relictus
1430 3199 1527 3274 fuerit,
1550 3200 1680 3280 quisque
1695 3198 1796 3261 dando
1818 3218 1874 3279 pro
1889 3198 2026 3279 portione
2042 3217 2098 3258 sua

261 3302 379 3382 λογίαν
401 3302 561 3388 λαμβάνει
585 3301 626 3368 τδ
649 3306 796 3388 ἁρμόζον
812 3306 912 3388 αὐτῷ.
954 3304 1065 3391 ὥσπερ
1090 3307 1165 3371 δὲδ
1194 3307 1304 3387 accipit
1325 3315 1441 3387 partem
1461 3305 1518 3367 sibi
1533 3315 1762 3386 competentem.
1807 3306 1885 3368 sieut
1900 3314 2002 3367 autem
2017 3324 2097 3366 unus

263 3404 306 3481 εἷς
330 3409 370 3471 οὐ
393 3408 533 3473 δύναται
557 3410 697 3494 διαιρεῖν
720 3411 781 3490 τὴν
803 3411 941 3495 αἵρεσιν,
966 3410 1072 3488 οὕτως
1091 3414 1165 3479 οὐδὲ
1196 3433 1258 3474 non
1279 3422 1381 3492 potest
1403 3412 1537 3475 dividere
1560 3412 1774 3488 condicionem,
1802 3414 1846 3476 ita
1867 3432 1966 3493 neque
1988 3411 2098 3474 substi-

263 3515 579 3592 δὺποκατάστατος
594 3518 699 3601 αὐτῷ·
722 3518 799 3583 ἀντὶ
814 3516 880 3603 γάρ
896 3517 968 3594 ένδς
983 3524 1166 3605 προσώπου
1193 3521 1252 3581 tuti
1279 3520 1357 3581 eius:
1384 3519 1417 3580 hi
1443 3519 1524 3580 enim
1551 3521 1641 3581 unius
1664 3539 1810 3601 personae
1830 3520 1929 3582 vicem
1952 3519 2097 3600 optinent.

262 3622 617 3708 παραλαμβάνονται.’
1060 3627 1095 3691 fr.
1114 3634 1164 3693 56.
1993 3625 2029 3687 fr.
2045 3628 2097 3687 56.

174 3768 224 3832 vg,
327 3746 378 3811 At
400 3749 541 3831 αἱρέσεις
564 3752 608 3822 εἰς
631 3751 711 3833 τρία
727 3750 824 3825 σκέλη
840 3750 1064 3835 διαιροῦνται·
1082 3751 1102 3829 l>
1121 3755 1165 3826 εἰς
1259 3749 1458 3813 Condiciones
1473 3753 1505 3813 in
1525 3753 1585 3814 tria
1599 3771 1711 3833 genera
1726 3750 1915 3814 dividuntur:
1939 3750 1988 3813 vel
2003 3750 2097 3812 dandi

262 3850 301 3917 τὸ
325 3853 442 3917 δοῦναι
465 3854 485 3931 δ
509 3866 645 3931 ποιῆσαι
669 3855 688 3933 δ
713 3857 877 3941 συμβῆναι
901 3856 921 3934 ἢ
943 3856 986 3940 μὴ
1011 3858 1126 3922 δοῦναι
1145 3859 1164 3937 ῆ
1192 3857 1242 3920 vel
1264 3857 1394 3919 faciendi
1416 3857 1467 3921 vel
1490 3860 1658 3932 eveniendi;
1681 3858 1731 3920 vel
1754 3879 1816 3920 non
1839 3858 1940 3932 dandi,
1963 3857 2013 3921 vel
2035 3878 2096 3919 non

260 3959 303 4043 μὴ
327 3972 463 4037 ποιῆσαι
488 3960 507 4038 δ
530 3961 572 4043 μὴ
589 3962 764 4046 συμβῆναι.
809 3962 866 4027 καὶ
890 3966 927 4028 αἱ
947 3965 1005 4046 μέν
1028 3968 1163 4042 ἔχουσαι
1192 3964 1323 4026 faciendi
1346 3963 1395 4027 vel
1418 3985 1479 4026 non
1502 3965 1671 4028 eveniendi:
1695 3975 1733 4040 et
1758 3965 1923 4046 siquidem
1942 3966 2097 4027 continent

261 4065 357 4131 δόσιν
375 4067 394 4144 l]
415 4070 548 4145 ποίησιν
569 4071 760 4151 προσώποις
780 4066 924 4147 ῆνωνται
945 4070 964 4146 ἢ
988 4081 1049 4135 τοῦ
1067 4072 1165 4154 ληγα·
1193 4071 1346 4133 dationem
1369 4081 1423 4133 aut
1448 4072 1571 4147 factum,
1594 4073 1731 4154 personis
1758 4072 1919 4135 cohaerent
1940 4070 1990 4134 vel
2016 4071 2097 4151 lega

261 4175 382 4257 ταριόυ
404 4174 423 4252 ῆ
447 4178 573 4258 ἐτέρου·
606 4178 642 4239 αι’
663 4179 775 4258 μέντοι
798 4178 1007 4242 ἀπαιτοῦσαί
1027 4201 1060 4242 τι
1088 4165 1165 4261 σνμ·Ι
1193 4179 1263 4241 tarii
1294 4176 1344 4240 vel
1376 4178 1513 4241 alterius:
1543 4200 1622 4260 quae
1652 4199 1724 4242 vero
1757 4179 1884 4259 exigtmt
1914 4188 1950 4241 ut
1980 4177 2096 4259 aliquid

260 4282 360 4367 βῆναι
385 4282 485 4359 πάγης
508 4284 678 4365 ἤρτηνται.
716 4279 761 4346 τά
777 4276 836 4347 οὖν
850 4287 974 4362 έχοντα
988 4283 1117 4369 αἵρεσιν
1132 4290 1167 4349 έν
1193 4285 1321 4359 eveniat,
1344 4305 1383 4346 ex
1401 4295 1480 4347 sorte
1502 4285 1643 4365 pendent
1689 4306 1768 4366 quae
1785 4285 1879 4364 igitur
1896 4284 2010 4347 habent
2027 4306 2096 4347 con·

264 4389 352 4451 δόσει
378 4388 397 4464 ἢ
424 4394 459 4452 έν
487 4389 614 4465 ποιήσει
644 4389 768 4474 πληροῖ
790 4393 808 4454 δ
834 4390 992 4472 δημόσιος
1016 4391 1165 4471 διαδεγό-
1194 4392 1343 4453 dicionem
1375 4393 1407 4452 in
1437 4391 1538 4454 dando
1566 4402 1621 4454 aut
1647 4393 1678 4479 in
1705 4392 1853 4467 faciendo,
1886 4411 1923 4453 ea
1950 4391 2098 4473 adimplet

262 4517 359 4576 μενος
382 4492 442 4558 τδν
465 4504 621 4559 τοιοῦτον
643 4495 862 4581 ληγατάριονε
879 4495 944 4547 —³
1062 4500 1098 4561 fr.
1115 4503 1166 4563 60.
1193 4498 1284 4561 fiscus
1307 4499 1470 4560 succedens
1492 4499 1548 4560 tali
1570 4498 1727 4579 legatario.
1992 4498 2027 4560 fr.
2045 4501 2096 4561 60.

181 4641 226 4692 α’,
328 4618 403 4684 Ἐἀν
425 4620 617 4702 ληγατεόσω
645 4624 686 4706 τῇ
708 4626 834 4707 γαμετῇ
860 4644 925 4704 μου
951 4619 1015 4686 ὑπό
1039 4621 1167 4707 αἵρεσιν
1261 4623 1294 4686 Si
1329 4623 1471 4704 legavero
1502 4623 1589 4684 uxori
1624 4643 1711 4684 meae
1748 4623 1805 4686 sub
1841 4623 2015 4685 condicione
2048 4624 2096 4697 „si

264 4726 477 4801 παιδοποιΐας
491 4726 549 4791 καὶ
565 4735 626 4791 τοῦ
639 4729 750 4809 γάμου
760 4740 966 4803 συνεστῶτος
975 4729 1166 4810 τελευτήσω,
1192 4730 1270 4792 filios
1307 4728 1463 4792 habuerit“
1500 4740 1532 4792 et
1568 4731 1759 4792 matrimonio
1797 4729 1927 4791 durante
1961 4737 2097 4791 mortuus

262 4834 302 4896 οὐ
323 4836 418 4914 μόνοι
443 4836 477 4896 σι’
498 4832 581 4916 μετὰ
604 4835 764 4898 θάνατόν
790 4855 855 4917 μου
882 4837 1058 4913 τεγθέντες
1082 4839 1167 4921 αὐτῇ
1193 4837 1289 4912 fuero,
1325 4857 1385 4897 non
1418 4836 1515 4898 solum
1547 4837 1598 4917 qui
1630 4845 1701 4917 post
1735 4847 1861 4898 mortem
1898 4858 1996 4898 meam
2032 4838 2097 4899 nati

263 4939 521 5023 συμβάλλονται,
545 4938 711 5005 ἀλλὰκαὶ
735 4944 753 5005 δ
778 4946 811 5005 έν
834 4943 900 5028 ζωῇ
922 4964 987 5024 μου
1004 4939 1087 5023 μετὰ
1106 4941 1167 5019 τῆν
1193 4943 1306 5005 fuerint
1336 4944 1395 5024 ipsi
1421 4944 1599 5023 proderunt,
1627 4943 1679 5004 sed
1707 4954 1738 5006 et
1764 4944 1816 5024 qui
1842 4945 1996 5018 marive,
2028 4952 2098 5024 post

262 5046 441 5124 draciliano.
1061 5050 1097 5110 fr.
1115 5053 1165 5111 61.
1193 5059 1416 5112 testamentum.
1992 5050 2028 5111 fr.
2045 5054 2107 5146 61.

327 5168 401 5234 Ἐάν
433 5174 452 5235 ὁ
484 5170 527 5254 μὴ
565 5171 744 5254 δυνάμενος
775 5170 815 5236 τό
848 5173 1056 5253 ληγατευθὲν
1088 5170 1167 5236 όλον
1261 5175 1293 5235 Si
1316 5175 1342 5236 is
1365 5174 1417 5255 qui
1440 5175 1544 5255 nequit
1564 5175 1698 5256 legatum
1722 5177 1873 5255 integrum
1888 5177 2026 5256 accipere
2043 5174 2097 5236 det

262 5277 375 5362 λαβεῖν
399 5279 490 5363 δώση
515 5302 546 5342 τι
570 5276 627 5342 διὰ
650 5276 688 5341 td
708 5278 930 5363 πληρωθῆναι
949 5277 1010 5356 τῆν
1028 5278 1165 5365 αἵρεσιν,
1193 5278 1322 5361 aliquid,
1361 5289 1396 5341 ut
1431 5279 1634 5361 adimpleatur
1667 5282 1816 5357 condicio,
1858 5292 1977 5345 tantum
2014 5283 2097 5363 capit

261 5385 420 5471 λαμβάνει
445 5382 485 5448 τὸ
509 5385 606 5449 πλέον
629 5393 690 5448 τοῦ
705 5389 998 5469 συγκεχωρημένον
1011 5384 1069 5449 καὶ
1085 5383 1167 5450 όσον
1193 5396 1313 5466 praeter
1327 5407 1500 5449 concessam
1520 5389 1697 5469 portionem,
1716 5399 1865 5470 quantum
1883 5399 2007 5470 propter
2024 5410 2094 5450 con·

262 5489 319 5555 διά
357 5490 417 5569 τῆν
456 5490 584 5575 αἵρεσιν
621 5492 740 5555 έδωκεν
778 5492 798 5568 ll
835 5495 882 5573 τῷ
914 5493 1108 5576 κληρονόμῳ
1147 5493 1341 5569 ῆιάἰοὶοοεω
1364 5494 1449 5557 dedit
1470 5494 1521 5557 vel
1544 5494 1646 5557 heredi
1668 5496 1718 5559 vel
1739 5496 1801 5557 alii.
1910 5496 1946 5556 fr.
1964 5499 2048 5572 62.§
2069 5501 2094 5557 1.

262 5601 435 5683 ειημ-
981 5599 1118 5677 τινες
1139 5562 1181 5755 a!

335 5918 344 5949 ¹
362 5917 448 5972 habet
466 5916 532 5989 Syn.
618 5918 733 5973 ¹habet
750 5917 818 5988 Syn.
909 5916 920 5949 ⁸
937 5917 1019 5972 simil.
1039 5917 1105 5988 Syn.
1124 5916 1166 5972 έκ-

261 6006 368 6074 ποιὴσει
386 6008 447 6061 cod.
