4978 7018
395 428 439 491 24
1072 429 1226 497 LIBER
1246 431 1340 499 XIX.
1384 433 1475 500 ΤΙΤ.
1496 434 1539 500 X

392 608 523 688 μειόσιι
546 616 609 671 τοῦ
625 607 808 691 τιμήματος
822 610 899 672 είσω
914 608 1091 675 ἐνιαυτοῦ.1
1129 608 1188 674 καί
1210 614 1293 676 ίσων
1321 614 1354 678 Si
1385 616 1474 697 paria
1503 617 1628 679 vendita
1663 615 1775 678 brerint
1811 625 1935 698 propter
1964 617 2055 679 unius
2086 618 2227 680 morbum

393 714 501 777 ὄντων
523 723 591 778 τῶν
617 713 822 800 πραθέντων
848 710 906 780 διά
931 714 972 780 τδ
1000 717 1117 791 πάθος
1139 725 1202 781 τοῦ
1223 716 1295 794 ίνδς
1322 731 1434 785 cuncta
1454 721 1658 786 redhibentur.
2071 724 2107 786 fr.
2124 726 2165 785 38
2181 745 2227 805 pr.

393 819 614 884 ἀποδίδονται
637 820 761 885 πάντας
778 819 841 870 —¹
1140 824 1177 886 ir.
1193 828 1235 889 38
1250 847 1295 908 pr.

186 948 364 1075 πσλῇυμφῇὴ
460 939 597 1021 Σχεδὸν
627 940 673 1008 τά
704 941 793 1008 αὐτὰ
823 947 923 1024 πάθη
946 944 1004 1010 καὶ
1026 949 1121 1012 αἴτιά
1143 953 1205 1013 είσι
1229 960 1296 1013 τῶν
1389 952 1467 1015 Fere
1482 953 1580 1015 eidem
1603 960 1676 1016 sunt
1689 954 1786 1017 morbi
1808 965 1839 1017 et
1861 954 1938 1018 vitia
1959 956 1991 1016 in
2014 955 2172 1036 mancipiis
2193 966 2226 1017 et
2256 959 2425 1016 red-§Mo

304 1039 338 1073 m

200 1090 347 1165 ὑποζυγίου
394 1048 617 1135 ἀνδραπόδων
631 1049 773 1114 καὶτῶν
787 1051 985 1134 ὑποζυγίων·
1001 1052 1053 1118 διδ
1069 1051 1114 1119 τά
1128 1055 1296 1133 λεχθέντα
1323 1063 1354 1122 in
1381 1061 1533 1122 iumentis:
1565 1060 1668 1140 itaque
1694 1080 1774 1141 quae
1800 1061 1882 1123 dicta
1904 1072 1976 1123 sunt
1998 1061 2037 1122 de
2066 1062 2225 1143 mancipiis
2259 1033 2409 1159 m

394 1154 610 1241 capidociae
631 1156 690 1220 καὶ
712 1162 756 1232 είς
771 1157 933 1240 ὑποζύγια
947 1161 1094 1242 ἕλκομεν·
1116 1160 1175 1225 καί
1190 1160 1295 1247 ὥςπερ
1323 1169 1416 1229 ctiam
1438 1166 1479 1228 ad
1501 1168 1636 1228 iumenta
1657 1167 1846 1229 deducimus:
1873 1178 1904 1230 et
1930 1168 2018 1230 sicuti
2042 1170 2226 1250 mancipium

227 1267 274 1337 sot
289 1272 357 1324 169¹.
394 1264 413 1325 ό
437 1261 554 1337 δοῦλος
576 1260 634 1327 καὶ
656 1259 740 1345 μετά
762 1262 802 1328 τδ
825 1266 1016 1331 ἀποθανεῖν
1038 1268 1296 1356 ἀναστρέφεται,
1323 1283 1540 1355 postmortem
1563 1294 1682 1354 quoque
1703 1273 1883 1348 redhibetur,
1906 1275 1951 1336 ita
1972 1284 2004 1337 ct
2026 1275 2202 1337 iumentum.

393 1365 481 1433 σίίτω
503 1367 561 1434 καί
576 1367 617 1435 td
632 1370 822 1454 δποζύγιονε
839 1370 897 1425 -⁸
944 1375 979 1437 fr.
995 1378 1047 1438 38.
1064 1383 1080 1453 5
1098 1380 1126 1439 2.
1141 1377 1182 1439 D.
1199 1379 1250 1451 21,
1268 1380 1295 1439 1.
1871 1381 1906 1443 fr.
1923 1383 1974 1443 38.
1992 1388 2008 1458 5
2026 1384 2055 1443 2.
2071 1382 2111 1444 D.
2127 1383 2180 1457 21,
2198 1386 2227 1443 1.

463 1492 531 1559 ota
553 1493 615 1558 είσδ
637 1495 697 1578 μὲν
719 1495 880 1578 ὑποζύγια
903 1499 1015 1564 πάντα
1036 1496 1082 1564 τά
1100 1501 1296 1585 θρέμματα·
1389 1505 1460 1567 Non
1483 1513 1556 1567 sunt
1579 1505 1713 1567 iumenta
1736 1506 1839 1568 omnia
1860 1526 1983 1587 pecora;
2013 1506 2062 1590 [fr.
2078 1509 2129 1569 38.
2155 1505 2224 1589 54]

393 1601 442 1686 [fr.
458 1604 510 1664 48.
527 1608 543 1679 5
560 1600 595 1685 4]
619 1601 753 1685 λέγομεν
775 1602 810 1667 δὲ
833 1604 906 1690 περὶ
929 1606 1040 1670 αὐτῶν
1063 1604 1108 1671 τά
1123 1606 1196 1693 περὶ
1219 1609 1296 1672 ὑπο-
1323 1612 1450 1674 dicimus
1474 1620 1575 1673 autem
1598 1610 1636 1674 de
1657 1612 1704 1673 his
1730 1633 1866 1693 eaquae
1893 1613 1933 1675 de
1953 1614 2095 1675 iumentis
2117 1623 2228 1674 tracta

392 1709 512 1791 ζυγίων
534 1711 698 1792 εἰρημέναι
715 1747 758 1758 -
1112 1715 1148 1778 ir.
1165 1719 1216 1780 38.
1233 1723 1249 1793 5
1267 1721 1296 1779 5.
1323 1721 1430 1783 vimus.
2043 1718 2080 1780 ir.
2096 1722 2147 1782 38.
2163 1725 2181 1796 5
2197 1722 2228 1780 5.

455 1831 489 1898 ‘O
515 1828 596 1917 βοός
624 1834 685 1897 οὐκ
711 1832 782 1899 ἐστὶ
808 1847 876 1900 τῶν
902 1837 1086 1920 ὑποζυγίων
1113 1837 1199 1904 ἀλλά
1229 1852 1297 1905 των
1389 1844 1452 1906 Βοε
1474 1863 1536 1905 non
1558 1853 1605 1905 est
1627 1842 1827 1906 iumentorum
1850 1844 1903 1906 sed
1925 1864 2076 1926 pecorum.

394 1939 613 2026 θρεμμάτωνε
629 1978 671 1988 -
1112 1948 1148 2011 fr.
1165 1952 1249 2027 385
1267 1954 1296 2013 6.
2040 1949 2077 2011 ir.
2094 1952 2179 2027 385
2198 1954 2228 2012 6.

460 2065 539 2128 Είσί
568 2087 645 2129 τινα
671 2066 772 2144 πάθη
803 2078 871 2131 τῶν
902 2069 1125 2156 ἀνδραπόδων
1169 2111 1211 2122 -
1255 2113 1294 2123 -
1390 2075 1470 2138 Sunt
1491 2074 1615 2155 quidam
1636 2074 1855 2154 mancipiorum
1877 2075 1974 2137 morbi
2014 2111 2057 2121 —
2099 2111 2141 2120 —
2183 2110 2228 2121 -

394 2207 1213 2227 ----------
1236 2182 2227 2245 ἀσ·-----------

395 2279 593 2364 θενέστερος
614 2279 695 2360 μήτε
717 2281 890 2367 ἀγρηστος
904 2285 1134 2367 ἐκτεμνόμενος
1148 2285 1206 2350 καί
1222 2288 1297 2352 οὕτε
1324 2322 2226 2337 -----------

393 2381 527 2471 Ησχῇρσῇ
546 2407 586 2448 ου
605 2384 720 2474 γενοΗΙ
745 2425 786 2435 -
804 2389 880 2453 οὔτε
895 2391 1007 2454 πάντα
1021 2388 1066 2455 τα
1081 2394 1297 2476 ἐκτεμνόμενοι
1325 2430 2226 2443 -----------

394 2527 436 2540 -
482 2514 525 2540 -»
570 2528 1041 2545 ------
1113 2499 1149 2563 fr.
1166 2505 1217 2563 aa.
1233 2509 1250 2580 ε
1269 2506 1296 2565 r.
1325 2536 2228 2550 -----------

457 2615 1544 2703 Ὁ--όνδτιμήματι-------’.
1591 2662 2229 2674 --------

395 2745 493 2786 τι-
517 2760 559 2771 —
582 2723 722 2802 ἐχούσης
744 2764 787 2775 -
812 2762 852 2776 -
877 2763 918 2776 -
943 2739 1015 2807 ικῆς
1037 2729 1151 2812 ἀγωγὴ
1174 2730 1294 2820 mccclii
1325 2768 2227 2783 -----------

396 3697 522 3775 παντὸς
574 3738 616 3749 -
665 3740 704 3751 -
728 3703 775 3768 ένλ
790 3706 947 3789 τιμήματι
966 3709 1068 3794 πραθ
1086 3747 2232 3760 --------------

397 3808 437 3870 οὐ
459 3806 619 3872 δύνανται
639 3811 872 3896 χωρισθῆναι
889 3851 931 3860 -
1091 3817 1127 3879 fr.
1145 3822 1195 3882 38.
1212 3826 1228 3897 5
1247 3823 1297 3883 14.
1326 3855 1975 3866 ————————
2020 3819 2055 3881 ir.
2072 3821 2123 3880 38.
2140 3825 2158 3895 5
2178 3821 2231 3880 14.

344 3951 360 4004 '·
486 3968 2230 3993 --------------------
2267 3961 2314 4009 sa.

397 4039 515 4123 ἄγριον
541 4038 561 4116 δ
584 4040 716 4124 κάπρον
742 4041 906 4129 δάρατον
932 4045 952 4123 ί)
974 4044 1075 4110 λύκον
1097 4047 1300 4136 ῇπανθῇρα
1325 4051 1454 4113 ferocem
1478 4059 1531 4112 aut
1552 4070 1661 4130 aprum
1684 4059 1737 4112 aut
1760 4071 1864 4113 ursum
1883 4059 1937 4112 aut
1959 4050 2065 4131 lupum
2081 4061 2136 4112 aut
2154 4070 2231 4131 pan-

397 4144 417 4223 ῇ
439 4146 559 4209 λέοντα
581 4145 601 4223 δ]
628 4150 740 4233 ἕτερον
766 4148 952 4235 βλαπτικὸν
979 4154 1065 4233 ζῶον
1086 4155 1257 4238 λελυμένον
1279 4157 1298 4235 ί)
1325 4158 1443 4220 theram
1466 4165 1521 4218 aut
1542 4157 1659 4218 leonem
1683 4166 1736 4218 aut
1759 4157 1886 4220 alterum
1909 4177 2020 4219 nocens
2042 4156 2157 4217 animal
2181 4177 2230 4217 so-

396 4249 440 4333 μδγ
464 4248 569 4327 οὕτως
592 4252 760 4336 δεδεμένον
781 4254 861 4332 dicta
883 4256 926 4340 μὴ
943 4257 1117 4325 δύνασθαι
1139 4260 1300 4346 βλάπτειν
1325 4264 1426 4326 lutum
1449 4264 1512 4326 sive
1534 4283 1594 4325 non
1618 4265 1662 4325 ita
1683 4263 1843 4342 alligabim
1865 4272 1901 4325 ut
1922 4264 2067 4325 damnum
2081 4263 2155 4324 dare
2177 4282 2231 4323 ne-

396 4361 482 4437 έγων
503 4362 538 4422 ἐν
560 4357 704 4442 δημοσία
727 4363 872 4446 παρόδῳ.
1195 4369 1231 4432 ir.
1247 4373 1298 4432 41.
1326 4380 1417 4452 queat
1438 4369 1554 4432 habens
1577 4390 1637 4450 qua
1659 4370 1780 4451 publice
1801 4372 1858 4431 iter
1879 4370 1922 4432 fit.
2122 4369 2159 4431 fr.
2175 4371 2229 4429 41.

344 4503 360 4555 ¹,
463 4483 504 4547 Εἰ
527 4485 714 4569 ἄνθρωπος
729 4487 904 4575 ἐλεύθερος
919 4495 955 4554 ἐκ
969 4490 1092 4556 τούτου
1107 4494 1297 4575 τελευτήσει,
1392 4494 1425 4556 Si
1448 4495 1537 4556 homo
1559 4493 1637 4557 liber
1662 4495 1730 4557 ideo
1757 4504 1894 4557 mortuus
1917 4496 1964 4569 sit,
1992 4495 2138 4557 ducentos
2160 4494 2230 4556 soli·
2268 4513 2319 4562 40.

397 4589 556 4654 διακόσια
593 4594 784 4676 νομίσματα
821 4595 971 4661 δίδωσιν·
1011 4605 1037 4663 εί
1076 4598 1110 4664 δὲ
1147 4599 1190 4683 μὴ
1222 4603 1298 4666 ἀπέ-
1324 4603 1380 4664 dos
1402 4602 1465 4664 det:
1497 4603 1523 4663 si
1554 4623 1615 4664 non
1642 4602 1682 4664 sit
1703 4610 1849 4676 mortuus,
1881 4602 1934 4663 sed
1965 4602 1994 4663 ei
2020 4603 2153 4664 nocitum
2180 4602 2230 4675 sit,

398 4696 519 4777 θαυευ,
548 4698 619 4761 ἀλλ’
649 4698 788 4787 ἐβλάβη,
816 4709 861 4778 είς
887 4701 926 4768 td
954 4704 998 4787 μὴ
1026 4707 1229 4793 φαινόμενον
1251 4712 1299 4789 τῷ
1325 4709 1358 4771 in
1379 4708 1411 4770 id
1432 4708 1514 4792 quod
1536 4710 1623 4772 abest
1645 4729 1664 4770 a
1686 4708 1786 4770 iudice
1808 4708 2036 4771 condemnetur:
2060 4717 2230 4771 ceterarum

397 4802 540 4891 δικαστῇ
561 4806 832 4888 καταδικάζεται·
855 4822 924 4874 τῶν
945 4811 980 4875 δὲ
1002 4813 1127 4876 λοιπῶν
1148 4815 1300 4900 πραγμά-
1324 4836 1425 4877 rerum
1447 4814 1575 4897 duplum
1597 4817 1702 4896 quanti
1725 4815 1870 4876 damnum
1894 4814 2014 4899 [datum
2037 4813 2097 4898 est]
2120 4814 2230 4877 solvat.

397 4933 464 4974 των
487 4909 604 4988 διπλῆν
626 4912 742 4977 δίδωσι
765 4913 826 4993 τὴν
849 4918 979 4998 ζημιάνι
995 4916 1058 4965 -⁴
1194 4922 1230 4983 fr.
1246 4925 1298 4984 42.
2125 4920 2160 4982 fr.
2177 4922 2230 4981 32.

461 5034 494 5100 ‘0
525 5040 566 5123 τῇ
598 5043 809 5127 παραγραφῇ
840 5051 908 5104 τῶν
939 5039 973 5124 ἓξ
999 5054 1110 5125 μηνῶν
1136 5055 1195 5123 τῆς
1226 5045 1298 5132 περὶ
1392 5047 1455 5126 Qui
1478 5068 1533 5109 sex
1547 5048 1695 5109 mensium
1710 5048 1887 5128 exceptione
1900 5046 2095 5109 redhibitoria
2109 5046 2231 5107 actione

397 5142 618 5230 ἀναστροφῆς
662 5146 794 5227 ἀγωγῆς
833 5146 1009 5232 ἐκβληθείς
1056 5150 1196 5215 δύναται
1240 5152 1300 5230 τὴν
1326 5153 1465 5236 repulsus
1497 5164 1544 5216 est
1574 5163 1675 5237 potest
1701 5155 1906 5216 aestimatoria
1932 5154 2013 5216 intra
2041 5173 2155 5214 annum
2178 5173 2230 5214 ex·

396 5256 555 5329 μειοῦσαν
576 5246 616 5313 τὸ
639 5252 764 5335 τίμημα
785 5263 886 5317 κινεῖν
908 5258 984 5319 εἵσω
1007 5261 1172 5322 ὲνιαυτοῦε
1189 5258 1247 5307 -5
1326 5262 1426 5343 periri.
2045 5259 2080 5323 fr·
2096 5262 2148 5321 48·
2165 5266 2181 5336 ἓ
2200 5262 2229 5321 2·

1120 5365 1155 5427 ir.
1171 5368 1223 5427 48.
1238 5372 1255 5443 5
1271 5370 1299 5428 2.

230 5496 279 5564 sol.
292 5500 360 5551 219¹.
462 5478 495 5545 ‘0
533 5478 699 5563 δεδεμένον
732 5485 930 5568 πιπράσκων
963 5488 1024 5566 οὐχ
1056 5488 1225 5552 ὑπόκειται
1259 5492 1300 5576 τῇ
1394 5493 1456 5571 Qui
1480 5493 1626 5578 [servum]
1651 5494 1683 5555 in
1704 5492 1834 5555 vinculis
1857 5492 1961 5556 vendit
1974 5513 2035 5555 non
2057 5502 2176 5555 tenetur
2190 5494 2230 5556 de

399 5584 471 5672 περὶ
495 5597 603 5675 φυγῆς
630 5590 759 5677 ἀγωγῇ·
786 5593 896 5672 μεῖζον
922 5594 988 5679 γάρ
1016 5598 1087 5663 ἐστι
1115 5604 1217 5659 τοῦτο
1240 5606 1301 5660 τοῦ
1327 5599 1401 5680 fuga
1433 5599 1525 5684 [eius]
1558 5602 1690 5663 actione:
1721 5602 1819 5681 magis
1849 5609 1896 5663 est
1926 5601 2008 5662 enim
2034 5599 2066 5662 id
2098 5598 2229 5684 [facere]

471 5781 614 5854 ¹hucusq.
633 5783 699 5856 Syn.
790 5785 898 5858 ’Syna
921 5788 997 5843 Male
1018 5789 1089 5845 haec
1106 5789 1162 5844 alio
1179 5789 1241 5845 loco
1258 5806 1300 5845 re-

397 5867 614 6032 farnuutssnflb.
686 5873 764 5931 ⁸lib.
782 5876 815 5931 dc
833 5877 933 5932 octaba.
951 5895 979 5948 p.
993 5882 1036 5933 64.
1102 5878 1213 5934 ‘simii
1232 5878 1299 5951 Syn.
