4680 7114
978 1297 1383 1376 BASILIOORUM
1410 1299 1587 1375 LIBER
1613 1295 1669 1374 1⁰⁸

914 1533 934 1573 ε
956 1511 988 1574 Ο.
1012 1512 1049 1573 Ε.
1073 1512 1266 1574 Ζευεεεεεεεε
1289 1530 1311 1574 Α
1334 1513 1557 1575 Lmsununnn
1579 1512 1745 1575 restitutus.

1011 1885 1115 1941 Rursus
1133 1902 1194 1940 cum
1213 1885 1286 1941 notis
1304 1886 1392 1941 edidit
1409 1885 1441 1940 E.
1461 1884 1491 1940 (l.
1512 1885 1637 1940 Fanum.

408 2062 481 2136 Περὶ
499 2065 546 2131 τῆς
563 2064 690 2117 ἀνωτάτω
709 2061 816 2135 τριάδος
833 2067 877 2116 καὶ
895 2066 1011 2125 πίστεως
1028 2065 1177 2132 καθολικῆς
1192 2066 1311 2135 καὶπερὶ
1337 2063 1382 2118 De
1400 2061 1514 2118 Summe
1530 2063 1668 2117 Trinitete
1687 2068 1717 2118 et
1733 2062 1788 2118 tide
1806 2062 1942 2119 catholice
1959 2068 1989 2117 et
2006 2068 2039 2116 ut
2056 2077 2134 2116 nemo
2150 2060 2180 2114 dc
2195 2078 2220 2114 ει

450 2154 498 2206 τοῦ
514 2151 615 2222 μηδένα
634 2154 735 2223 τολμᾶν
752 2156 814 2226 περὶ
832 2152 913 2220 αὐτῆς
931 2151 1066 2223 δημοσίως
1084 2152 1269 2225 ἀμφισβητεῖν.
1579 2151 1690 2223 publice
1708 2152 1874 2208 contendere
1891 2152 2001 2208 audeat

338 2290 373 2344 a'.
478 2278 686 2363 Χριστιανός
722 2283 813 2343 ἐστιν
850 2281 869 2343 ό
911 2277 1075 2342 πιστεύων
1111 2280 1192 2360 μίαν
1228 2275 1309 2342 εἶναι
1405 2277 1596 2342 Christianus
1619 2291 1666 2341 est
1687 2280 1739 2361 qui
1761 2279 1857 2341 credit
1878 2299 1971 2340 unam
1999 2298 2066 2340 esse
2088 2278 2220 2339 Deituteu

410 2386 561 2463 θεότητα
593 2391 627 2449 ἐν
660 2389 714 2472 ίση
746 2386 882 2469 ἐξουσία
913 2394 975 2449 τοῦ
1005 2383 1134 2469 πατρὸς
1164 2384 1221 2449 καλ
1251 2393 1313 2449 τοῦ
1339 2387 1369 2447 in
1391 2387 1458 2467 puri
1480 2386 1639 2449 maiestate
1661 2386 1762 2448 Putris
1784 2397 1815 2448 et
1836 2387 1909 2448 Filii
1931 2395 1963 2448 et
1981 2386 2113 2467 Spiritus
2128 2384 2220 2445 Sancti

408 2494 482 2556 υίοῦ
501 2491 561 2556 ’καὶ
584 2502 646 2557 τοῦ
667 2495 766 2574 όιγίευ
789 2494 981 2575 πνεύματος.
1020 2495 1039 2556 ό
1062 2490 1128 2576 γὰρ
1152 2490 1246 2577 παρὰ
1269 2488 1312 2556 tol
1339 2492 1496 2574 Numqui
1520 2492 1610 2556 uliter
1627 2514 1718 2575 quem
1741 2493 1855 2554 dictum
1879 2502 1925 2555 est
1947 2493 2050 2568 sentit,
2073 2493 2220 2554 haereticus
2302 2568 2303 2573 η

409 2601 561 2683 εἰρημένα
584 2600 734 2683 δοξάζων
757 2602 922 2685 αἱρετικός
945 2602 1064 2663 ἐστιν.1
1340 2609 1392 2662 est
1732 2598 1901 2681 (Thuleluei
1915 2601 2007 2662 iudex
2021 2598 2099 2663 cod.
2113 2599 2138 2672 Ι,
2154 2602 2178 2673 1,
2193 2601 2221 2677 1.)
2302 2606 2303 2623 ’

338 2713 372 2787 ῥ’.
477 2705 603 2782 Μηδεὶς
625 2716 695 2781 τοῖς
718 2708 896 2790 αἱρετικοῖς
918 2718 986 2770 τῶν
1003 2709 1193 2791 μυστηρίων
1210 2706 1313 2779 τόπος
1406 2705 1517 2769 Nullus
1544 2706 1700 2769 haereticis
1727 2707 1938 2787 mysteriorum
1966 2706 2052 2769 locus
2082 2707 2221 2787 aperietur.

410 2813 590 2895 ἀνεῴχθω·
614 2810 701 2877 εἰλλόι
722 2816 787 2877 κόν
809 2837 840 2877 τι
865 2814 1079 2901 ἀντίγραφον
1098 2814 1312 2896 πορίσωνται,
1341 2813 1401 2875 Sed
1429 2824 1460 2876 et
1486 2814 1511 2875 si
1540 2813 1621 2895 quod
1646 2814 1825 2894 rescriptum
1852 2813 2095 2894 impetraverint,
2125 2812 2221 2874 irritum

409 2920 593 3005 όνίσχυρον
620 2923 719 2984 ἔστω·
749 2921 1001 2984 κωλυέσθωσαν
1023 2919 1080 2985 καλ
1103 2931 1170 2983 τῶν
1193 2922 1313 3006 αίρετι-
1340 2930 1413 2982 esto.
1450 2919 1652 2983 Inhibeuutur
1675 2920 1766 2981 etium
1789 2921 2006 2983 haereticorum
2022 2918 2222 2983 conventiculi.

409 3037 478 3090 κων
508 3029 545 3090 αι’
577 3026 788 3102 συνελεύσεις·
819 3029 984 3110 κρατείτω
1016 3027 1051 3090 δὲ
1082 3030 1102 3105 η
1134 3031 1169 3090 ἐν
1199 3027 1314 3107 νικαίμ
1340 3027 1487 3090 Obtinest
1517 3027 1593 3090 fides
1614 3027 1765 3102 Ilioneus,
1799 3047 1877 3107 quse
1903 3026 2040 3100 Putrem,
2074 3026 2178 3087 Filium
2200 3034 2223 3085 et

410 3135 521 3208 πίστις
543 3135 563 3211 ἡ
586 3138 630 3208 εἰς
654 3136 782 3217 πατέρα
804 3132 861 3196 καλ
884 3132 957 3197 υἱὸν
982 3132 1040 3198 καλ
1068 3143 1193 3215 πνεῦμα
1215 3131 1313 3214 ύγιον
1340 3134 1487 3214 Spiritum
1519 3143 1659 3196 sunctum
1689 3133 1855 3215 profitetur.
1909 3134 2018 3214 Neque
2053 3134 2132 3195 enim
2160 3133 2223 3193 inus

410 3242 580 3322 ὁμολογία.
626 3241 666 3304 ού
692 3237 758 3325 γὰρ
787 3238 878 3314 ἐντός
906 3250 973 3303 τῶν
1000 3252 1118 3320 τειχῶν
1145 3238 1313 3326 αἱρετικὸν
1340 3261 1441 3303 muros
1473 3240 1658 3302 haereticum
1691 3261 1757 3303 esse
1788 3240 1942 3318 volumus,
1980 3240 2033 3302 sed
2072 3239 2224 3302 orthodoxis
2302 3272 2303 3301 ι

410 3343 491 3411 εἶναι
519 3348 731 3432 βουλόμεθα,
760 3344 847 3411 ἀλλὰ
873 3356 944 3422 τοῖς
972 3348 1179 3432 ὀρθοδόξοις
1201 3348 1313 3422 πείσας
1341 3368 1446 3410 omnes
1470 3347 1576 3409 mundi
1598 3347 1740 3410 ecclesius
1763 3347 1924 3409 reddimus.
2302 3424 2303 3433 ρ

409 3451 471 3528 τὰς
494 3463 556 3518 τοῦ
577 3456 706 3536 κόσμου
728 3454 898 3531 ἐκκλησίας
921 3452 1146 3536 ἀποδίδομεν)
1801 3455 1900 3534 (l'hsl.
1916 3453 2008 3515 index
2023 3453 2101 3516 cod.
2116 3453 2140 3528 Ι,
2156 3456 2181 3526 1,
2194 3454 2224 3527 2.)

338 3571 373 3643 γ.
478 3561 538 3624 Δεῖ
564 3557 609 3623 τὰ
640 3561 830 3647 πορφυρίσιν
861 3559 918 3624 καλ
950 3570 1018 3624 τῶν
1054 3562 1178 3643 όμοίων
1209 3562 1313 3626 αὐτοῦ
1407 3560 1568 3642 Porphyrii
1590 3569 1621 3623 et
1636 3560 1780 3622 similium
1801 3560 1894 3624 libros
1917 3561 1987 3641 igne
2006 3561 2142 3623 comburi
2157 3579 2225 3640 opor·

410 3668 657 3751 συγγροίμματα
689 3664 766 3751 πυρὶ
798 3667 975 3747 καίεσθαι,
1007 3664 1086 3742 τοὺς
1114 3668 1148 3731 δὲ
1175 3669 1313 3733 ἀκολου·
1340 3678 1397 3741 tet,
1420 3689 1472 3729 eos
1495 3678 1610 3743 eutem,
1637 3668 1691 3749 qui
1713 3667 1844 3729 Nestorii
1872 3668 2042 3730 doctrinam
2071 3677 2225 3748 sequuntur,

411 3775 563 3848 θοῦντας
590 3777 630 3861 τῇ
654 3775 828 3857 νεστοριόυ
850 3773 1065 3855 διδασκαλίᾳ,
1097 3779 1123 3838 ελ
1145 3775 1203 3856 μὲν
1225 3775 1313 3839 επίσ-
1341 3775 1367 3835 si
1389 3776 1519 3855 episcopi
1544 3774 1592 3837 vel
1614 3774 1714 3836 clerici
1738 3760 2067 3848 succensuisse,
2095 3774 2140 3835 sin
2160 3770 2225 3849 lu‘ci,

409 3901 508 3944 κοποι
531 3879 551 3958 λ)
573 3879 723 3964 κληρικολ
748 3876 817 3961 είεν,
841 3891 909 3944 τῶν
936 3881 1115 3957 ἐκκλησιῶν
1141 3881 1314 3968 εκβείλλεσ-
1341 3881 1529 3943 anathemati
1551 3881 1655 3955 subici,
1678 3880 1760 3943 omni
1778 3881 1900 3943 licentia
1923 3881 2089 3943 accusandi
2110 3900 2158 3942 eos
2171 3898 2225 3939 con·

411 3988 487 4068 θαι,
504 3992 530 4050 sl
547 3987 581 4050 δὲ
594 3985 714 4068 λαϊκολ,
730 3988 1047 4069 ύναθεματίζεσθαι
1058 3986 1189 4069 αὐτοὺς,
1206 3990 1314 4066 κτίστης
1342 4008 1436 4050 cesse
1474 3987 1508 4051 Si
1526 4008 1602 4069 quos
1619 3998 1720 4050 sutem
1735 3987 1828 4050 libros
1843 3987 1983 4049 nonnulli
1999 3987 2226 4068 conscripserunt

411 4094 563 4177 ἐξουσίας
596 4095 697 4170 οὔσης
727 4102 926 4180 κατηγορεῖν
958 4095 1081 4158 αὐτῶν·
1114 4099 1144 4159 εί
1172 4117 1248 4159 τινα
1281 4096 1314 4158 δὲ
1342 4116 1402 4156 non
1430 4094 1525 4157 secuti
1547 4095 1714 4156 Nicsenum
1741 4102 1772 4157 et
1798 4094 1985 4175 Ephesinam
2013 4094 2160 4174 synodum
2183 4110 2227 4150 nec

410 4198 527 4286 βιβλία
555 4202 775 4287 συνέγραψαν
802 4222 887 4275 τινες
914 4202 976 4279 ούχ
1003 4203 1151 4283 ἑπόμενοι
1180 4212 1254 4276 ταῖς
1281 4206 1315 4266 ἐν
1343 4201 1492 4282 Cyrillum
1514 4200 1722 4263 Alexandriae
1748 4202 1937 4283 episcopum,
1964 4201 2020 4263 hos
2049 4201 2142 4263 libros
2163 4219 2227 4260 con·

412 4307 526 4386 νικαίμ
547 4306 605 4370 καλ
628 4311 736 4394 ὲφέσῳ
760 4307 912 4381 συνόδοις
931 4308 1005 4371 οὐδὲ
1023 4307 1164 4393 κυρίλλῳ
1180 4313 1229 4391 τῷ
1244 4309 1313 4373 ἀλε-
1343 4308 1411 4369 buri
1432 4308 1580 4383 iubemus,
1603 4308 1741 4389 inprimis
1764 4329 1783 4370 s
1803 4308 1946 4371 Nestorio
1970 4308 2161 4388 conscriptos,
2180 4303 2227 4365 illis

411 4412 586 4498 ξανδρείας
609 4415 790 4496 ἐπισκόπιρ,
817 4414 981 4480 καίεσθαι
1004 4423 1114 4479 ταῦτα
1136 4413 1314 4498 κελεύομεν,
1343 4435 1494 4477 summum
1517 4416 1700 4496 supplicium
1722 4416 1933 4496 expecteturis.

411 4520 585 4606 ἐξαιρέτως
613 4519 657 4585 τύ
683 4523 871 4605 νεστοριόυ,
899 4520 959 4599 τὴν
986 4522 1132 4598 ἐσχάτην
1153 4523 1316 4608 τιμωρίαν
1805 4522 1903 4601 (ἨιεΙ.
1918 4521 2011 4584 iudex
2026 4520 2103 4583 Cod.
2118 4520 2143 4596 Ι,
2159 4522 2184 4594 1,
2197 4520 2228 4595 3.)

413 4624 675 4714 ὑφορωμένους.8

369 4781 375 4795 .
480 4732 606 4810 Μηδεὶς
628 4731 783 4819 κληρικός
807 4733 827 4811 η
849 4732 997 4816 μοναχδς
1020 4733 1317 4819 ἢστρατευόμενος
1409 4733 1523 4797 Nullus
1555 4734 1680 4797 clericus
1712 4735 1776 4798 sive
1807 4736 1973 4797 monachus
2011 4736 2076 4798 sive
2113 4734 2228 4796 militm

352 4913 353 4916 η
412 4839 432 4917 li
464 4839 564 4914 ἄλλος
596 4841 794 4917 οίοσδήποτε
827 4837 976 4918 πληθύν1
991 4842 1145 4923 συνάγων
1173 4841 1318 4923 δημοσίμ
1344 4841 1408 4904 sive
1436 4841 1516 4903 elius
1541 4843 1694 4924 quispiam
1720 4843 1812 4904 turbs
1837 4852 1944 4905 coucts
1969 4842 2093 4923 publice
2124 4838 2228 4902 εἰσεῖδε

413 4945 485 5030 περὶ
508 4958 568 5023 τῆς
591 4948 730 5021 πίστεως
753 4948 943 5029 διαλεγίτω·
973 4948 1116 5034 ὑβρίζειν
1138 4945 1204 5032 γὰρ
1229 4948 1322 5012 δοκεῖ
1344 4948 1485 5010 disserat:
1513 4949 1676 5011 iniuriosus
1702 4951 1782 5012 enim
1814 4969 1880 5012 esse
1905 4950 2026 5013 videtur
2057 4950 2090 5010 in
2117 4946 2228 5011 Chalce-

412 5051 473 5131 τὴν
500 5057 534 5116 ἐν
557 5053 741 5131 χαλκηδόνι
771 5054 914 5118 σύνοδον
941 5052 1002 5131 τὴν
1033 5054 1174 5128 δεόντως
1206 5056 1317 5119 πάντα
1345 5055 1509 5117 (lonensem
1541 5057 1707 5137 synodum,
1743 5076 1822 5137 quus
1852 5065 1964 5119 cuncte
1994 5057 2052 5119 rite
2082 5053 2228 5120 constituit

413 5159 689 5240 decrescimus,
725 5157 797 5237 ύτις
828 5160 885 5225 καλ
922 5171 992 5235 τοῖς
1024 5163 1203 5245 αίρετικοῖς
1235 5171 1316 5226 πᾶσι
1346 5171 1437 5242 etque
1464 5161 1555 5224 etiem
1583 5163 1742 5225 haereticis
1770 5163 1909 5225 omnibus
1936 5173 2041 5225 nostru
2067 5177 2229 5244 cognom

414 5266 528 5330 δίδωσι
557 5268 729 5349 γινώσκειν
756 5264 800 5330 sci
823 5270 977 5354 ἡμέτερα·
1009 5266 1094 5331 ὥστε
1122 5260 1181 5332 ούν
1207 5273 1234 5332 sl
1260 5270 1319 5349 μεν
1345 5268 1501 5349 permittit
1546 5268 1678 5332 Proinde
1705 5269 1731 5332 si
1759 5270 1885 5333 clericus
1913 5271 1964 5346 sit,
1992 5271 2043 5351 qui
2065 5270 2124 5333 hoc
2144 5268 2229 5341 facist
2302 5262 2303 5275 ¹

413 5370 568 5457 κληρικδς
590 5376 637 5450 είη
662 5375 680 5436 ό
703 5382 813 5438 ταῦτα
835 5385 948 5456 ποιῶν,
977 5384 1039 5439 τοῦ
1062 5375 1225 5455 συλλόγου
1251 5385 1319 5438 τῶν
1345 5396 1362 5437 ε
1385 5376 1535 5438 consortio
1550 5376 1726 5438 clericorum
1746 5376 1877 5440 excidet:
1900 5378 1947 5439 sin
1962 5376 2105 5451 militans,
2127 5374 2228 5437 militis:

414 5479 579 5562 κληρικῶν
605 5485 803 5545 ἐκπεσεῖται·
836 5484 862 5544 εἰ
890 5480 924 5544 δὲ
953 5481 1228 5566 στρατευόμενος,
1261 5491 1319 5557 της
1346 5482 1453 5563 reliqui
1475 5504 1530 5564 pro
1553 5503 1610 5545 sus
1632 5483 1807 5546 condicione
1829 5485 2003 5566 punientur.

416 5588 606 5669 στρατείας·
631 5588 664 5650 ol
686 5586 721 5651 δε
744 5586 853 5652 λοιποὶ
876 5585 966 5653 κατὰ
989 5587 1050 5665 τὴν
1073 5589 1198 5652 οίκειάν
1216 5586 1320 5665 τύχην
1807 5590 1906 5670 (lirul.
1921 5590 2013 5653 index
2026 5589 2102 5653 Ood
2117 5590 2143 5663 1,
2159 5582 2229 5665 tl.)

414 5692 721 5778 τιμωρείσθονσαν.4
1331 5710 1335 5779 1

523 5887 620 5956 ’ἅμα
638 5889 667 5942 iu
685 5906 725 5958 pr.
762 5888 891 5956 Διιιιιε,
911 5893 935 5943 1.
971 5888 1050 5943 Pitru
1066 5889 1117 5944 Ιειε
1135 5888 1195 5944 cccl.
1211 5905 1253 5958 με.
1272 5888 1311 5957 11,
1328 5905 1356 5958 p.
1376 5894 1436 5945 458.
1457 5894 1516 5945 600.
1536 5894 1596 5945 631.
1696 5890 1810 5946 ‘Aret
1829 5895 1854 5958 6,
1874 5895 1899 5945 2.
1935 5889 2013 5945 Pitrc
2030 5908 2057 5962 p.
2080 5893 2141 5947 637.

415 5976 523 6031 'Pitru
541 5994 568 6047 p.
581 5981 641 6032 602.
661 5981 721 6031 605.
741 5982 801 6032 668.
837 5978 912 6033 ΒοΙε.
931 5978 970 6032 cd
986 5977 1068 6032 Nom.
1086 5977 1154 6046 XII,
1174 5984 1198 6032 6.
1305 5976 1404 6048 ‘Syre
1422 5980 1453 6033 iu
1470 5997 1511 6050 pr.
1548 5979 1627 6034 Pitrc
1644 5997 1672 6050 p.
1685 5984 1745 6034 636.
1782 5979 1924 6035 Blnstures
1943 5979 2098 6050 δμπίαρνσω
2116 5982 2149 6048 Δ,
2166 5982 2189 6031 i.
