4842 7018
371 433 413 495 74
1006 432 1161 498 LIBER
1183 432 1301 498 XLIV.
1347 432 1437 498 TIT.
1460 432 1487 499 Ι.
1516 432 1560 498 Π.

433 607 507 674 Ἐάν
522 612 642 685 πάντες
658 612 691 674 οἱ
705 612 902 697 ληγατάριοι
928 617 1145 678 συναινέσωσι
1169 622 1209 702 τῇ
1225 620 1272 679 ἐκ·
1367 613 1401 675 Si
1423 634 1528 676 omnes
1554 614 1694 693 legatarii
1716 614 1893 676 alienationi
1919 613 1963 675 rei
1989 615 2110 696 legatae
2136 635 2207 676 con·

370 718 496 794 ποιήσει
520 726 581 781 τοῦ
602 718 758 799 ληγάτου,
783 720 844 782 οὐκ
866 722 1067 784 ἀπαιτοῦσιν
1090 721 1186 784 αὐτόι
1202 758 1245 769 -
1301 721 1457 795 senserint,
1480 741 1540 783 non
1562 730 1672 802 petunt
1693 740 1769 782 eam.
1998 721 2157 798 ferant
2179 724 2206 783 1.

1067 828 1102 889 fr.
1122 831 1193 890 120.
1210 835 1226 906 g
1246 833 1272 890 1.

281 937 332 1009 (ις’.
436 930 558 1005 Καλῶς
580 941 654 1005 ταῖς
677 931 811 996 πόλεσιν
834 938 878 1008 εἰς
900 935 1028 1016 κόσμον
1045 932 1102 998 καλ
1119 937 1163 1008 sle
1178 933 1274 1016 τιμὴν
1367 935 1462 997 Recte
1489 934 1665 997 cientibus
1693 935 1732 995 ad
1760 944 1899 996 ornatum
1933 942 1964 996 et
1990 935 2032 996 ed
2061 935 2207 998 honorem

369 1036 596 1118 ληγατεόεται·
624 1042 668 1112 εἰς
690 1040 828 1121 κόσμον,
861 1042 905 1114 ὡς
937 1042 956 1117 ὴ
984 1039 1035 1104 ἐπὶ
1063 1042 1275 1115 ἀνανεώσεως
1302 1042 1432 1122 legatur;
1460 1041 1500 1103 ad
1523 1050 1676 1115 ornatum,
1704 1042 1792 1103 sicuti
1816 1041 1856 1103 ad
1884 1041 1943 1102 loci
1965 1043 2207 1112 renovationemr

370 1146 488 1209 τόπου·
511 1149 555 1218 εἰς
579 1141 687 1226 τιμὴν,
712 1148 756 1219 ὡς
780 1144 818 1210 τὸ
842 1148 1066 1212 ἐπιτελεῖσθαι
1084 1145 1173 1211 θεάν
1198 1148 1275 1225 δεῖς
1302 1149 1342 1211 ad
1373 1149 1524 1221 honorem,
1557 1157 1592 1209 ut
1626 1146 1815 1228 compleatur
1848 1147 2055 1229 spectaculum
2085 1149 2134 1210 vel
2165 1149 2208 1210 ad

370 1250 531 1333 διανομὴν
547 1262 613 1314 των
629 1252 773 1316 πολιτῶν
791 1253 807 1330 λγ
824 1254 964 1331 ιάωγιάν
981 1254 998 1331 i>
1015 1259 1059 1328 εἰς
1075 1253 1275 1341 ἀποτροιγὴν
1303 1256 1544 1318 distributionem
1568 1255 1647 1316 inter
1669 1255 1750 1317 cives
1769 1255 1818 1316 vel
1840 1256 1964 1334 epulum
1987 1254 2037 1317 vel
2061 1255 2209 1316 alimenta

371 1358 612 1422 ἀσθενούντων
634 1360 763 1423 παίδων
788 1360 805 1437 λγ
828 1362 1006 1445 γερόντων
1023 1397 1066 1409 -
1098 1363 1134 1423 fr.
1153 1366 1214 1424 122
1231 1383 1275 1443 pr.
1303 1362 1488 1425 infirmorum
1511 1382 1673 1442 puerorum
1696 1370 1750 1422 aut
1772 1381 1885 1423 senum.
2030 1362 2066 1423 fr.
2085 1365 2145 1423 122
2160 1383 2208 1442 pr.

283 1471 330 1543 ot·
439 1465 480 1528 Er
507 1466 565 1546 μὲν
592 1463 691 1530 εἰπὼν
718 1464 762 1530 τά
785 1477 852 1530 τῶν
878 1467 1093 1551 κληρονόμων
1125 1469 1277 1549 ὀνόματα
1370 1469 1404 1531 Si
1419 1469 1568 1549 expressis
1583 1467 1726 1530 heredum
1745 1467 1917 1530 nominibus
1936 1466 2077 1548 legavero
2097 1467 2136 1530 ab
2153 1469 2209 1541 eis,

372 1571 563 1653 ληγατεύσω
586 1572 666 1656 παρ’
692 1574 816 1652 αὐτῶν,
839 1574 873 1654 ἐξ
896 1578 972 1638 ἴσον
983 1584 1226 1659 γρεωστοῦσιν·
1250 1580 1276 1637 εἰ
1304 1577 1418 1657 pariter
1440 1575 1566 1637 debent:
1594 1575 1620 1636 si
1644 1595 1704 1636 non
1728 1573 1892 1657 [expressis
1913 1575 2081 1655 legavero],
2104 1595 2209 1637 secun·

373 1679 407 1742 δδ
429 1677 482 1761 μὴ,
506 1674 589 1763 πρὸς
603 1676 631 1761 ,δ
653 1679 853 1763 κληρονομεῖ
871 1686 1024 1756 ἕκαστοςε
1041 1679 1103 1728 -¹
1150 1683 1186 1744 fr.
1206 1685 1276 1753 124,
1305 1684 1378 1745 dum
1400 1692 1519 1764 partem
1542 1681 1719 1743 hereditatis
1742 1680 1855 1759 singuli
1877 1679 2023 1764 {debent}
2082 1680 2117 1741 fr.
2136 1684 2209 1742 124.

437 1785 511 1848 Ἐάν
534 1810 583 1859 τις
607 1788 808 1870 παρανόμως
824 1789 991 1870 ἀγάγηται
1016 1788 1076 1867 τὴν
1090 1792 1277 1870 ἐπιτροπευ-
1371 1790 1405 1852 Si
1428 1789 1496 1870 quis
1519 1797 1625 1851 contra
1646 1786 1727 1867 leges
1749 1788 1871 1850 duxerit
1892 1787 2042 1868 pupillam
2065 1808 2149 1849 suam

375 1895 499 1957 θεῖσαν
521 1893 601 1976 παρ’
627 1895 733 1957 αὐτοῦ
754 1895 809 1959 λα·
1127 1897 1175 1977 [fr.
1194 1898 1276 1978 128.]
2056 1893 2104 1977 [fr.
2121 1893 2208 1975 128.]

232 2101 338 2165 γυλῖοὶ
376 2110 426 2153 πει
450 2087 533 2172 πρδς
556 2087 617 2166 τὴν
640 2090 819 2173 θυγατέρα
840 2089 884 2172 μὴ
908 2092 1097 2169 ὀγληθῆναι
1123 2091 1195 2174 περὶ
1220 2103 1277 2168 τῆς
1304 2113 1379 2173 erga
1400 2092 1493 2153 filiam
1516 2112 1577 2153 non
1600 2091 1753 2153 molestari
1776 2110 1846 2152 eum
1869 2091 1908 2151 de
1935 2090 2018 2152 dote:
2046 2091 2102 2152 erit
2128 2091 2208 2151 enim
2246 2095 2353 2173 [πειάιι

228 2172 340 2297 lm?
376 2192 514 2279 προικὸς
537 2195 655 2259 αὐτόν·
683 2199 776 2259 ἔσται
805 2194 870 2281 γάρ
894 2196 978 2279 μετά
1000 2197 1150 2276 τελευτὴν
1174 2200 1278 2263 αὐτοῦ
1305 2210 1374 2281 post
1400 2209 1527 2261 mortem
1550 2199 1613 2260 eius
1636 2207 1739 2259 tuaet
1761 2197 1891 2259 filiorum
1913 2204 2063 2272 tuorum‘⁴,
2087 2205 2210 2277 etpost
2281 2166 2327 2235 le

230 2313 329 2384 periit]
377 2300 422 2366 σά
444 2300 501 2366 καὶ
525 2313 592 2365 τῶν
615 2306 736 2365 τέκνων
759 2308 851 2384 σου“,
874 2302 930 2368 καλ
950 2302 1033 2387 μετά
1052 2314 1161 2369 ταῦτα
1179 2306 1277 2386 ληγα-
1305 2307 1382 2368 haec
1403 2306 1552 2386 legaverit
1573 2305 1601 2366 ei
1620 2304 1681 2365 alia
1695 2304 1842 2385 quamdiu
1857 2305 1979 2380 viveret,
2004 2305 2132 2384 accipiet
2146 2303 2210 2364 filia

376 2408 475 2495 τείισῃ
498 2410 590 2490 αὐτῷ
608 2413 721 2492 μέχρις
737 2403 776 2473 οὗ
795 2413 832 2497 ζῇ
848 2416 953 2494 έτερα,
975 2413 1118 2493 λήψεται
1135 2415 1154 2488 ἡ
1172 2412 1278 2493 θυγά-
1306 2423 1376 2495 post
1398 2422 1525 2475 mortem
1548 2413 1612 2474 eius
1627 2409 1723 2474 veluti
1745 2431 1783 2472 ex
1805 2409 1907 2491 legato
1923 2445 2206 2458 -----

377 2538 439 2601 τηρ
466 2512 549 2598 μετά
577 2514 727 2593 τελευτὴν
759 2518 864 2581 αὐτοῦ
895 2521 939 2592 ὡς
966 2516 1033 2582 άπὸ
1061 2519 1209 2599 ληγάτου
1235 2554 1277 2564 -
1898 2517 1936 2581 ir.
1953 2522 2038 2594 345
2059 2522 2086 2580 7.
2101 2517 2141 2579 D.
2157 2519 2207 2577 31.

970 2626 1006 2687 ο.
1024 2629 1074 2687 34.
1091 2633 1107 2703 ς
1127 2630 1154 2688 r.
1169 2625 1210 2687 n.
1228 2627 1278 2686 ει.

290 2732 340 2797 ld·
441 2729 474 2794 ‘O
497 2730 675 2813 ἀχρήστως
697 2729 940 2816 ἐλευθερωθεὶς
956 2737 989 2795 έν
1005 2732 1155 2818 διαθήκη
1171 2731 1280 2805 καλῶς
1373 2734 1438 2812 Qui
1469 2730 1616 2794 inutiliter
1646 2730 1678 2791 in
1712 2740 1893 2793 testamento
1930 2740 1977 2793 est
2006 2731 2208 2792 manumissus

377 2842 412 2902 έν
427 2838 511 2924 αὐτῇ
527 2836 753 2917 ληγατεύεται·
770 2839 845 2902 τότε
862 2835 927 2923 γὰρ
944 2842 963 2916 η
980 2839 1153 2924 ἐλευθερία
1168 2860 1280 2922 προτι-
1308 2849 1387 2903 recte
1409 2841 1441 2901 in
1463 2838 1569 2901 eodem
1591 2837 1722 2919 legatur:
1746 2846 1819 2899 tunc
1839 2838 1918 2900 enim
1941 2837 2040 2918 potior
2054 2846 2102 2899 est
2123 2836 2208 2899 liber·

378 2955 481 3027 μάται
505 2941 561 3008 ὅτε
584 2947 741 3027 ἕρρωταιτ
762 2982 804 2992 -
1176 2946 1212 3008 ir.
1229 2950 1280 3008 37.
1308 2958 1364 3021 tas,
1387 2966 1456 3008 cum
1479 2945 1570 3009 valet
2108 2944 2143 3004 ir.
2160 2948 2207 3006 37.

305 3050 342 3121 μ’·
445 3051 486 3114 El
509 3050 567 3133 μὲν
597 3051 751 3133 ἐξωτικός
778 3073 828 3126 τις
855 3052 1039 3137 ληγατευση
1067 3050 1197 3133 γυναικὶ
1221 3049 1281 3128 τὴν
1375 3053 1409 3115 si
1425 3062 1590 3114 extraneus
1605 3052 1729 3132 quidam
1744 3050 1892 3131 legaverit
1907 3051 1993 3112 uxori
2008 3051 2109 3112 dotem
2125 3070 2208 3111 suam

380 3159 483 3235 αὐτῆς
509 3166 634 3239 προῖκα
665 3159 872 3242 κληρονόμον
903 3160 1044 3243 γράψας
1080 3156 1140 3222 τὸν
1171 3157 1281 3241 ἀνδρα
1308 3160 1449 3223 heredem
1465 3158 1599 3220 scribens
1614 3159 1712 3220 virum
1728 3159 1802 3233 eius,
1821 3158 1868 3219 his
1883 3157 1996 3220 verbis:
2012 3156 2210 3238 „quidquid

380 3266 482 3341 αὐτῆς
514 3262 626 3329 εἰπὼν·
665 3261 740 3328 ὅσα
778 3266 993 3348 περιῆλθεν
1031 3271 1083 3340 εἰς
1115 3266 1155 3328 σὲ
1189 3265 1280 3349 ὑπὲρ
1309 3267 1482 3349 pervenit
1504 3265 1548 3326 ad
1570 3273 1606 3326 te
1628 3264 1772 3327 nomine
1795 3264 1921 3338 dotis“,
1944 3272 2010 3325 tota
2032 3263 2087 3325 dos
2110 3299 2209 3309 —-

380 3370 1352 3457 προικόςπιῖσαὴπροὶξ--τα----
1399 3409 1440 3418 -
1488 3408 1530 3418 -
1575 3407 1618 3417 -
1667 3408 1706 3418 —
1749 3408 1791 3417 —
1833 3406 1876 3418 —-
1917 3407 1959 3417 —
2001 3405 2043 3416 —
2090 3371 2211 3450 siergo

381 3516 423 3527 —
441 3516 483 3527 -
500 3475 561 3555 τὴν
577 3477 729 3555 δαπάνην
746 3515 788 3526 -
804 3515 845 3525 -
863 3484 889 3542 si
904 3481 1044 3561 μέντοιό
1061 3477 1146 3562 ἀνὴρ
1157 3483 1196 3565 τῇ
1214 3477 1282 3558 ἰδία
1310 3482 1356 3543 vir
1371 3500 1444 3543 suae
1460 3479 1548 3540 uxori
1563 3478 1710 3558 legaverit
1728 3479 1793 3540 eius
1808 3478 1919 3553 dotem,
1942 3497 1980 3539 ea
1999 3477 2110 3558 accipit
2124 3496 2210 3557 quae·

381 3589 505 3672 γαμετῇ
529 3584 714 3671 ληγατεύση
737 3583 1060 3669 reposcorreposcor
1075 3589 1182 3649 ἐκεῖνα
1204 3586 1283 3667 λαμ·
1311 3607 1440 3668 cumque
1462 3606 1518 3667 per
1540 3586 1692 3647 actionem
1714 3586 1752 3647 de
1774 3585 1845 3647 dote
1868 3605 1977 3665 capere
1999 3583 2153 3665 potuisset

381 3692 474 3779 βάνει
499 3689 566 3756 όσα
590 3688 646 3754 διά
668 3702 726 3768 τῆς
742 3690 792 3755 ἐπὶ
809 3695 849 3778 τῇ
866 3691 976 3776 προικὶ
993 3694 1124 3774 ἀγωγῆς
1139 3691 1283 3769 ηδύυατο

382 3799 507 3885 λαβεῖνε
524 3836 567 3846 -
1100 3801 1136 3862 fr.
1152 3803 1203 3861 41.
1221 3807 1237 3876 ξ
1257 3803 1283 3860 1.

291 3920 347 3992 μα’.
447 3906 480 3971 Ὁ
494 3909 593 3989 μέρος
608 3907 712 3987 μόνον
726 3905 839 3991 λαβεῖν
855 3909 891 3969 ἐκ
905 3905 1075 3984 διαθήκης
1095 3911 1285 3990 επιτετραμ-
1379 3907 1420 3981 Ιε,
1452 3905 1502 3968 cui
1530 3914 1646 3986 partam
1673 3904 1770 3967 solam
1798 3905 1935 3986 accipere
1963 3925 2002 3966 ex
2032 3912 2211 3966 testamento

383 4019 480 4097 μένος
506 4012 646 4076 δύναται
671 4010 710 4076 τδ
727 4009 806 4076 ὅλον
828 4012 950 4098 λαβεῖν,
974 4010 1031 4077 έάν
1049 4013 1182 4096 ἠξιώθη
1201 4010 1284 4076 αιίτό
1313 4013 1494 4087 conceditur,
1521 4021 1620 4094 potest
1647 4021 1746 4073 totum
1770 4030 1890 4092 capere,
1919 4012 1945 4072 si
1966 4020 2091 4091 rogatur
2114 4009 2212 4071 estid

384 4124 680 4196 ἀποκαταστῆσαιε
696 4156 738 4167 -

293 4240 348 4314 μγ.
448 4227 524 4290 Ἐάν
547 4249 597 4300 τις
620 4222 760 4301 πολλοὺς
784 4228 925 4312 γράψας
951 4227 1178 4311 κληρονόμους
1200 4230 1285 4311 εἴπῃ·
1380 4225 1511 4306 Siquis,
1534 4225 1637 4306 plures
1656 4245 1725 4287 cum
1745 4223 1914 4305 scripsisset
1935 4224 2069 4297 heredes,
2092 4223 2212 4285 dixerit:

385 4335 486 4399 δότω
515 4337 534 4397 ό
561 4335 805 4417 κληρονόμος
831 4355 904 4416 μου
932 4337 1045 4398 πέντε
1072 4346 1194 4415 νομμῐ,
1224 4333 1285 4410 οάγ
1313 4334 1421 4409 „dato
1444 4333 1546 4394 heres
1570 4352 1668 4393 meus
1690 4331 1850 4412 quinque
1869 4329 2036 4403 solidos“,
2060 4348 2213 4391 nonanus

385 4437 430 4516 εἷς
451 4444 552 4525 μόνος
576 4437 662 4505 ἀλλά
684 4442 805 4514 πάντες
828 4444 1049 4505 ἀπαιτοῦνται
1072 4438 1117 4504 τά
1139 4443 1241 4504 πέντε.
1314 4451 1434 4503 tantum
1457 4440 1509 4501 sed
1533 4458 1637 4500 omnes
1660 4438 1732 4500 dare
1755 4437 1868 4499 debent
1882 4438 2023 4518 quinque
2061 4436 2097 4497 fr.
2113 4439 2154 4498 44
2170 4456 2213 4516 pr.

450 4656 526 4720 Ἐάν
557 4677 607 4729 τις
644 4654 828 4742 ληγατεύσῃ
856 4677 912 4737 μοι
941 4652 1008 4719 ἀπδ
1036 4658 1159 4739 πέτρου
1195 4658 1288 4717 πέντε
1381 4654 1415 4716 si
1438 4653 1506 4734 quis
1528 4652 1675 4733 legaverit
1698 4651 1771 4712 mihi
1794 4672 1814 4713 a
1835 4650 1927 4712 Petro
1950 4650 2063 4712 solidos
2085 4651 2214 4730 quinque

386 4776 484 4845 νομμ’
514 4761 572 4826 καλ
601 4760 821 4847 παρακατιὼν
849 4758 917 4827 ἀπὸ
945 4760 1073 4826 παύλου
1105 4763 1211 4839 πέντε,
1245 4757 1289 4823 τά
1315 4770 1347 4824 et
1377 4760 1457 4821 infra
1489 4780 1508 4821 a
1534 4758 1633 4821 Paulo
1660 4759 1803 4840 quinque,
1835 4758 1940 4819 decem
1967 4757 2129 4837 accipiam,
2159 4756 2215 4817 nisi

387 4871 467 4934 δέκα
481 4867 652 4954 λαμβάνω,
676 4874 701 4932 εἰ
720 4867 762 4951 μὴ
780 4868 868 4953 δείξῃ
888 4871 907 4931 ὁ
923 4872 1043 4951 πέτρος
1059 4865 1109 4931 ότι
1127 4870 1171 4941 ὡς
1187 4870 1288 4953 cipar-
1317 4867 1481 4930 ostenderit
1502 4865 1614 4927 Petrus
1638 4863 1841 4948 [testatorem]
1865 4864 1929 4926 eius
1949 4863 2102 4925 adimendi
2117 4882 2214 4933 causa,

388 4976 544 5062 peripteroe
568 4973 607 5039 τδ
631 4975 710 5060 παρ’
729 4976 835 5040 αὐτοῦ
849 4975 1077 5062 καταληφθὲν
1093 4971 1132 5037 τό
1149 4970 1289 5057 ὕστερον
1316 4974 1398 5055 quod
1421 4973 1460 5035 ab
1483 4993 1519 5034 eo
1542 4972 1707 5053 legaverat,
1730 4972 1881 5052 posterius
1904 4971 2037 5050 legatum
2061 4969 2173 5031 fecisse

387 5080 625 5164 ῖληγάτενσενλ
1105 5082 1140 5143 fr.
1158 5085 1209 5144 44.
1227 5088 1242 5158 fi
1263 5084 1288 5141 l.
2034 5076 2070 5137 fr.
2087 5079 2139 5137 44.
2155 5081 2171 5151 ξ
2190 5077 2215 5134 1.

334 5201 350 5255 '.
452 5189 485 5255 ‘0
508 5189 697 5270 ληγατεάων
719 5188 738 5266 i>
762 5186 873 5263 διδοὺς
897 5190 1076 5273 ἐπίτροπον
1091 5197 1166 5262 ταῖς
1182 5189 1289 5268 θυγα-
1383 5188 1447 5266 Qui
1469 5186 1604 5267 legatum
1627 5185 1676 5247 vel
1699 5193 1827 5247 tutorem
1850 5183 1971 5245 filiabus
1990 5184 2045 5245 dat
2063 5203 2125 5244 non
2140 5181 2216 5244 vide·

388 5299 511 5383 τράσιν
534 5298 574 5360 οὐ
597 5294 759 5360 δοκεῖκαὶ
776 5305 847 5370 τοῖς
865 5298 948 5370 υἱοῖς
963 5295 1152 5376 ληγατεόειυ
1168 5294 1186 5371 λγ
1203 5294 1290 5358 διδό-
1318 5305 1368 5356 tur
1395 5294 1486 5356 etiam
1515 5293 1584 5354 filiis
1612 5293 1747 5371 legatum
1774 5290 1824 5352 vel
1853 5300 1984 5352 tutorem
2016 5290 2102 5352 dare:
2133 5300 2217 5369 turpe

388 5427 443 5469 ναι
468 5401 528 5468 τὸν
550 5406 741 5489 ἐπίτροπον·
765 5402 908 5485 αἰσχρὸν
931 5404 997 5486 γάρ
1021 5407 1090 5466 ἐστι
1108 5406 1148 5488 τῇ
1166 5403 1289 5486 θηλικῇ
1318 5402 1397 5463 enim
1430 5409 1477 5462 est
1507 5399 1652 5461 feminino
1684 5397 1833 5460 vocabulo
1864 5396 2033 5459 masculum
2065 5395 2217 5458 contineri

389 5511 602 5596 προσηγορία
624 5509 663 5575 τδ
691 5512 794 5593 ἀρρεν
821 5511 1047 5591 περιέχεσθαι.
1094 5509 1290 5573 τούναντίου
1318 5530 1335 5569 e
1358 5507 1507 5570 contrario
1530 5506 1651 5569 nomine
1673 5505 1840 5566 filiorum
1862 5514 1893 5567 et
1918 5504 2000 5566 filiae
2022 5504 2218 5564 continentur.

390 5617 424 5682 δέ
448 5622 488 5702 τῇ
512 5619 722 5699 προσηγορία
745 5627 812 5680 τῶν
835 5620 914 5679 υἱῶν
928 5615 985 5679 καὶ
1005 5617 1188 5698 θυγατέρες
1205 5637 1290 5699 περι·
2117 5608 2153 5670 fr.
2169 5610 2218 5668 45.

389 5720 549 5802 e'yccowr.³
1136 5723 1170 5784 fr.
1187 5726 1228 5784 45
1246 5743 1290 5803 pr.

464 5885 474 5916 ¹
492 5900 526 5938 er
543 5882 656 5938 scholiis
668 5882 730 5937 Bas.
744 5883 775 5937 Ii.
789 5882 846 5937 Hb.
910 5882 921 5915 ⁹
937 5899 970 5937 ex
983 5881 1097 5936 scholiis
1113 5880 1176 5935 Bas.
1190 5880 1221 5935 F.
1235 5881 1290 5934 Hb.

463 5971 475 6004 ⁸
492 5971 620 6027 similiter
636 5971 774 6027 Attaliata
792 5976 834 6040 89,
848 5977 873 6026 t.
