4842 7018
815 445 969 513 LIBER
989 444 1074 512 LIV.
1118 445 1208 511 'Plu
1232 445 1305 513 VII.
1328 444 1399 511 XV.
1975 448 2035 510 122

116 636 165 689 ια’.
269 629 308 694 ot
317 627 452 707 ποιηταὶ
462 628 617 711 οὐδεμίαν
626 633 759 707 λέγουσιν
768 628 1107 709 ἀλειτουργησίανι-
1201 627 1317 691 Poetae
1338 626 1456 690 nullam
1478 626 1594 690 babent
1615 626 1845 690 immunitatem.

861 757 886 799 ο.
903 740 932 799 3.
948 736 982 800 C.
996 736 1038 812 X,
1055 738 1106 797 53.
1781 755 1806 797 o.
1823 736 1852 795 3.
1867 734 1902 798 (λ
1919 736 1970 808 10,
1986 738 2037 797 53.

50 851 96 918 fot.
113 854 165 903 ιε’.
269 843 319 908 At
340 844 517 909 κολακιναλ
540 854 654 930 ψῆφοι
679 853 737 920 τῆς
759 843 882 916 πόλεως
901 842 943 905 δι’
962 838 1009 905 ὧν
1023 841 1106 906 ἀλει-
1200 840 1374 905 Ambitiosa
1396 841 1528 906 civitatis
1543 850 1616 905 vota
1631 842 1741 923 quibus
1756 842 1932 903 immunitas
1947 840 2038 903 elicui

203 952 388 1035 τουργιγσία
406 951 584 1035 χαρίζεταί
604 972 693 1025 τισιν
715 950 977 1035 ἀνῃρλσθωσανι
996 984 1034 996 -
1134 948 1307 1011 conceditur
1327 948 1545 1011 rescindantur.
1781 969 1807 1011 o.
1823 951 1851 1011 2.
1867 947 1901 1011 O.
1919 948 1969 1021 10,
1985 950 2036 1009 47.

857 1078 881 1120 o.
899 1060 927 1119 2.
943 1055 977 1118 C.
993 1055 1037 1133 X,
1053 1057 1106 1118 47.

113 1171 165 1223 ια’.
267 1162 618 1246 Οίποιυταλούδεμιάν
626 1163 1105 1247 λγουσινάλιιτουργησίανι-
1200 1161 1312 1224 Poetae
1334 1161 1451 1225 nullam
1472 1161 1588 1225 babent
1609 1162 1838 1225 immunitatem.

860 1291 885 1334 ε.
902 1274 931 1331 3.
947 1269 1106 1343 u.x‚53.
1780 1290 1804 1331 ι.
1821 1273 1851 1332 3.
1867 1269 1902 1331 c,
1920 1271 1969 1346 10,
1986 1273 2036 1332 53.

113 1384 163 1457 ιγ.
271 1377 311 1443 Οἱ
342 1376 453 1463 ίατρολ
480 1375 537 1441 ναὶ
570 1378 750 1462 ἀργίατροι
782 1375 840 1440 καλ
873 1379 906 1441 οί
931 1376 1105 1461 λξάργιοι-
1200 1374 1313 1438 Medici
1331 1385 1363 1439 et
1385 1376 1529 1439 srobictri
1548 1386 1580 1438 et
1602 1396 1641 1437 ex
1658 1375 1818 1438 urcbiutris
1835 1385 1866 1438 et
1889 1396 2037 1456 gramm

201 1495 290 1565 τρων
316 1483 373 1549 καλ
400 1487 433 1550 oi
459 1483 684 1569 γραμματικοὶ
707 1483 764 1547 καὶ
788 1486 822 1547 οἱ
848 1481 1020 1549 παιδευτοά
1047 1481 1104 1547 καλ
1132 1483 1184 1547 tici
1207 1491 1238 1545 et
1260 1483 1398 1563 magistri
1419 1491 1451 1545 ot
1473 1484 1564 1545 ceteri
1578 1482 1746 1545 litterarum
1768 1483 1952 1564 professores
1968 1504 2036 1545 cum

202 1591 295 1655 ἄλλοι
325 1591 522 1656 διδάσκαλοι
554 1601 622 1654 τῶν
648 1591 854 1675 γραμμάτων
881 1588 952 1672 ἀμα
975 1590 1103 1672 γυναιξί
1132 1589 1278 1652 uxoribus
1309 1600 1341 1651 et
1372 1589 1474 1652 liboris
1506 1600 1537 1652 et
1567 1590 1657 1653 rebus
1690 1589 1830 1652 omnibus
1861 1589 2036 1653 munoribus

199 1697 257 1761 troci
280 1698 375 1763 παισὶ
397 1698 454 1763 καὶ
474 1698 667 1783 πράγμασιν
685 1695 753 1763 ἀπὸ
772 1698 881 1773 πάσης
899 1697 1104 1782 λειτουργίας
1131 1716 1185 1757 seu
1212 1695 1351 1759 civilibus
1378 1716 1432 1760 seu
1462 1696 1594 1778 publicis
1625 1697 1774 1759 immunes
1805 1705 1907 1771 sunto,
1939 1716 2037 1777 neque

200 1806 220 1882 i>
257 1805 426 1882 πολιτικῆς
463 1804 483 1882 λ)
522 1806 683 1887 δημοσίας
717 1802 966 1889 ἀλειτούργητοι
1005 1806 1104 1868 ἔστω·
1133 1810 1246 1867 metato
1267 1803 1444 1883 recipientes
1470 1823 1567 1885 noque
1594 1823 1721 1865 munera
1747 1804 1910 1866 subeuntes
1937 1822 2036 1884 noque

200 1934 274 1992 σαν,
297 1912 377 1994 μήτε
395 1913 530 1993 μητοίτα
552 1912 720 1994 δεχόμενοι
743 1912 823 1992 μήτε
841 1911 1104 1994 λειτουργοῦντες
1131 1909 1171 1971 ad
1203 1908 1348 1971 iudicium
1378 1909 1555 1972 deducendi
1609 1910 1692 1990 quod
1721 1911 1749 1973 si
1779 1912 1847 1992 quis
1878 1931 1929 1974 eos

199 2020 278 2101 μήτε
297 2020 460 2100 ἀγώγιμοι
476 2021 652 2105 φερόμενοι
668 2022 712 2092 είς
731 2017 958 2103 δικαστήριον.
996 2014 1054 2083 λάν
1069 2017 1104 2082 δέ
1132 2015 1302 2091 vexaverit,
1333 2016 1439 2090 iudex,
1466 2026 1501 2079 ut
1526 2037 1585 2100 par
1610 2026 1669 2093 ost,
1696 2018 1805 2099 puniat
1826 2038 1905 2081 eum.
1950 2038 2035 2100 prac-

199 2147 249 2198 τις
272 2120 395 2199 αὐτοὺς
417 2128 644 2207 παρανομήσει
665 2173 672 2187 .
690 2172 723 2205 .,
751 2127 770 2189 ὁ
794 2122 954 2203 δικαστὴς
977 2123 1103 2209 [cosp
1131 2123 1260 2186 beantur
1282 2131 1385 2186 autem
1408 2122 1468 2185 illis
1490 2125 1583 2187 etiem
1605 2125 1758 2189 mercedes
1780 2146 1892 2188 eorum.
1963 2145 1988 2187 c
2006 2129 2034 2188 6.

199 2230 274 2314 δ[εῑ]
286 2232 502 2314 τιμωρείσθω
518 2231 635 2298 αὐτὸν·
651 2232 923 2317 παρεχέσθωσαν
938 2231 973 2296 δὲ
988 2231 1103 2305 αὐτοῖς

197 2337 255 2401 καλ
274 2340 307 2402 οἱ
328 2337 451 2420 μισθοὶ
470 2340 594 2404 adcor:
611 2377 653 2389 -
1029 2359 1055 2401 ο.
1073 2343 1102 2401 6.

116 2451 161 2504 κ’.
262 2446 309 2509 Ἡ
335 2445 487 2528 διάταξις
518 2446 634 2511 κελεύει
668 2443 745 2520 τοὺς
777 2446 984 2529 ἀργιάτρους
1015 2449 1102 2507 duco·
1195 2442 1377 2505 Gonsututio
1391 2443 1548 2525 praecipit,
1563 2444 1750 2508 utcrcbiatri
1764 2466 1912 2527 pauperes
1928 2455 2034 2509 curent

197 2561 310 2615 κοπεῑν
336 2548 414 2627 τοὺς
437 2556 578 2630 πένητας
604 2552 624 2630 ἢ
648 2585 2032 2600 ——————————————————————

514 2666 517 2675 ’
1029 2680 1055 2722 c
1072 2663 1100 2721 9.
1129 2692 1170 2703 -
1196 2693 1238 2704 —
1262 2693 1303 2702 -
1329 2692 1370 2704 -
1962 2680 1987 2722 o
2004 2663 2032 2721 9.

90 2824 97 2836 ,
145 2771 161 2824 ’.
270 2764 315 2829 Τὸ
343 2762 428 2829 είναί
453 2789 530 2830 τινα
556 2765 783 2851 ἀπελεύθερον
810 2767 871 2830 οὐκ
894 2765 1099 2830 ἀπαλλάσσει
1194 2762 1243 2824 Εο
1269 2763 1352 2844 quod
1379 2763 1487 2844 uliquis
1514 2762 1640 2827 libertus
1668 2772 1722 2839 est,
1750 2785 1812 2827 non
1838 2764 1985 2827 liberatur
2007 2766 2032 2826 is

197 2869 301 2936 αὐτὸν
328 2874 506 2939 πολιτικῶν
533 2874 746 2957 λειτουργιῶν
772 2872 849 2937 οὐδὲ
875 2877 909 2937 ἐν
937 2877 977 2960 τῇ
1000 2872 1100 2953 πόλει,
1128 2891 1148 2931 a
1170 2868 1309 2933 civilibus
1324 2869 1500 2933 muneribus
1515 2891 1554 2934 ne
1568 2870 1600 2932 in
1615 2872 1738 2934 civitate
1752 2872 1875 2952 quidem
1894 2871 1957 2946 ilic,
1979 2872 2032 2933 ubi

197 2983 231 3043 ἐν
249 2971 268 3066 ᾗ
287 2984 381 3043 οἰκεῖ·
404 2981 589 3066 λειτουργει·
606 2977 672 3064 γάρ
691 2977 749 3043 καὶ
768 2985 802 3043 ὲν
824 2979 908 3067 αὐτῇ
926 2976 983 3041 καὶ
1007 2983 1041 3041 ἐν
1060 2982 1099 3064 τῇ
1129 2977 1259 3038 habitat:
1287 2976 1436 3039 subicitur
1457 2978 1538 3039 enim
1561 2979 1736 3040 munoribus
1764 2988 1794 3041 et
1816 2979 1848 3039 in
1871 2979 1925 3041 illa
1946 2988 1977 3041 et
1998 2980 2030 3040 in

198 3089 285 3150 πόλει
309 3096 371 3150 τοῦ
392 3087 573 3172 πάτρονοςε
593 3126 635 3135 -
833 3108 858 3149 c.
873 3107 924 3149 un.
940 3086 974 3149 C.
990 3085 1032 3161 X,
1048 3088 1099 3148 58.
1128 3083 1250 3146 civitate
1272 3085 1402 3164 patroni.
1753 3106 1778 3147 o.
1794 3105 1844 3146 un.
1861 3084 1894 3147 G.
1913 3087 1962 3160 10,
1980 3088 2029 3147 58.

265 3192 332 3258 Δύο
360 3199 396 3288 ἐν
422 3194 611 3258 τοῦαύτοῦ
637 3197 731 3258 οίιτου
758 3197 802 3267 είς
828 3193 1037 3276 λειτουργιάν
1061 3192 1101 3254 oti
1193 3190 1265 3251 Duo
1293 3210 1332 3252 ex
1359 3190 1465 3252 eadem
1492 3191 1583 3253 domo
1612 3192 1651 3253 ad
1678 3212 1803 3254 munera
1830 3212 1890 3253 non
1921 3212 2030 3255 vocan-

195 3302 390 3368 ναλοῦνται·
427 3298 484 3364 διά
515 3310 616 3367 τοῦτο
654 3310 731 3375 παῖς
763 3298 956 3383 ἀπεξούσιος
986 3296 1043 3362 καλ
1080 3299 1099 3360 ὁ
1126 3307 1189 3371 ειυς
1223 3296 1292 3357 ideo
1323 3295 1403 3358 filius
1435 3297 1467 3358 in
1497 3306 1649 3379 potestate
1675 3308 1706 3361 et
1737 3307 1824 3379 pater
1852 3297 1942 3359 simul
1969 3319 2029 3360 non

197 3393 261 3491 τῇρ
285 3406 356 3490 ἀμα
379 3408 419 3471 οὐ
442 3407 681 3491 λειτουργοῦσι·
706 3392 771 3492 ιῖιῷ
789 3403 894 3469 δὲκαὶ
915 3414 992 3479 παῖς
1008 3406 1098 3468 αὐτε-
1127 3402 1329 3477 subiciuntur3
1357 3412 1445 3484 pater
1470 3424 1542 3465 vero
1568 3413 1599 3466 et
1625 3404 1705 3466 iilius
1732 3405 1779 3467 sui
1805 3405 1878 3466 iuris
1904 3414 2031 3486 possunt

196 3514 329 3597 ξούσιος
353 3513 511 3578 δύνανται
535 3516 747 3598 λειτουργεῖνε
764 3511 826 3560 —¹
902 3534 927 3575 c.
945 3516 973 3574 3.
988 3513 1029 3585 X,
1048 3515 1097 3574 62.
1126 3510 1301 3571 muneribus
1323 3509 1417 3591 fungi.
1773 3533 1798 3574 o.
1815 3514 1844 3575 3.
1860 3510 1894 3573 C.
1912 3514 1961 3586 10,
1979 3514 2028 3573 62.

263 3617 591 3704 Λειτουργηματικάς
628 3621 835 3703 λειτουργίας
872 3620 1003 3700 ἀνάγκη
1041 3617 1097 3682 καὶ
1192 3615 1323 3696 Munera
1345 3617 1571 3698 patrimonialia
1594 3626 1712 3698 oportet
1734 3627 1766 3679 et
1783 3638 1893 3680 uxores
1916 3619 1946 3678 in
1969 3618 2028 3680 illis

196 3726 257 3802 τάς
283 3724 429 3810 γαμετάς
456 3732 490 3791 ὲν
516 3729 649 3802 ἕκειύοις
676 3736 747 3801 τοῖς
775 3709 890 3800 τόποις
918 3763 959 3773 -
989 3764 1030 3772 -
1055 3761 1097 3772 -
1125 3721 1199 3785 loeis
1221 3723 1369 3785 sustinere
1388 3759 2027 3773 ----------

197 3834 376 3916 ὑπομένεινι
394 3872 435 3880 -
831 3854 855 3895 o
872 3853 922 3895 un.
938 3832 971 3895 G.
987 3833 1029 3906 X,
1046 3835 1097 3895 64.
1750 3853 1774 3894 ο.
1790 3853 1840 3893 un.
1858 3831 1891 3892 C.
1910 3833 1959 3906 10,
1976 3835 2026 3894 64.

437 4009 558 4065 ΤΙΤΛΟ(
577 4011 625 4079 ΙΕ’,
645 4010 778 4065 ΒΙΒΛΙΟΥ
796 4010 854 4063 ΝΔ’
1348 4003 1516 4062 TITULUS
1534 4004 1596 4074 XV,
1614 4005 1720 4061 LIBRI
1738 4006 1805 4062 LIV

503 4121 566 4191 περὶ
582 4118 787 4191 προξενητιιιῶν.
1455 4114 1491 4168 dc
1507 4114 1701 4183 proxenetieis.

27 4246 29 4277 ²
123 4248 158 4301 α’.
261 4242 447 4327 Συννόμως
470 4246 691 4308 ἀπαιτοῦνται
717 4239 789 4326 [τ]ἀ
805 4242 1037 4327 προξενιγτιιιάε
1054 4280 1096 4291 -
1191 4239 1289 4303 Licite
1309 4249 1456 4321 petuntuu
1478 4241 1679 4321 proxenotico.
1756 4241 1790 4302 fr.
1809 4244 1836 4302 1.
1851 4240 1892 4303 D.
1908 4245 1958 4316 50,
1976 4245 2025 4304 14.

822 4350 859 4411 fr.
878 4352 905 4411 1.
921 4354 961 4414 D.
978 4353 1029 4425 so,
1047 4352 1096 4413 14.
1691 4332 1698 4342 ’

123 4458 156 4531 β’-
258 4457 290 4523 Ὸ
313 4455 514 4542 προξενητὴς
537 4456 766 4539 δανείσματος,
790 4460 816 4519 εἰ
838 4453 896 4519 καὶ
920 4460 1047 4520 ἐπαινεῖ
1058 4454 1097 4520 τὸ
1192 4453 1367 4516 Proxeneta
1388 4452 1500 4528 mutui,
1533 4453 1591 4516 cisi
1612 4453 1716 4516 laudet
1738 4463 1938 4531 contractum,
1966 4476 2025 4518 non

193 4565 423 4647 συνάλλαγμα,
462 4564 524 4628 οὐκ
555 4567 707 4643 ἐνέχεται,
746 4562 822 4626 οὔτε
853 4561 1033 4647 λαμβάνων
1064 4586 1096 4627 τι
1124 4569 1257 4635 tenetur,
1295 4580 1394 4641 neque
1425 4560 1575 4642 accipiens
1613 4559 1726 4641 aliquid
1760 4581 1814 4641 pro
1845 4561 2025 4624 mediatione

194 4672 272 4756 ὑπὲρ
295 4673 459 4753 μεσιτειάς
481 4672 661 4734 ὑπόκειται.
707 4668 778 4732 ἀλλ’
800 4672 827 4732 sl
843 4668 942 4732 δόλον
957 4671 1096 4751 ἐποίησε,
1124 4666 1256 4747 punitur.
1294 4668 1347 4729 sed
1363 4669 1388 4729 si
1407 4667 1510 4730 dolum
1533 4667 1611 4740 fecit,
1635 4667 1816 4730 aoreditore
1832 4668 1893 4730 doli
1908 4670 2024 4731 actione

192 4783 240 4861 τῷ
260 4778 414 4866 δανειστῇ
433 4782 607 4856 κατέχεται
628 4781 667 4864 τῇ
684 4772 756 4861 περὶ
772 4774 873 4839 δόλου
890 4778 1005 4862 ἀγωγῇ
1010 4800 1018 4840 :
1034 4773 1098 4823 -¹
1122 4783 1223 4855 potcst
1245 4776 1405 4839 conveniri.
1944 4775 1979 4837 ir.
1996 4778 2024 4837 2.

234 4933 242 4947 .
1014 4884 1049 4946 fr.
1067 4887 1095 4947 2.

121 5014 155 5067 γ.
258 4993 301 5055 Et
322 4990 380 5055 καλ
403 4993 556 5077 ῥυπαρόν
578 4996 646 5055 ἐστι
671 4988 710 5054 τὸ
733 4988 915 5074 λαμβάνειν
942 4990 1094 5073 προξενη·
1188 4988 1257 5050 Etsi
1276 4996 1365 5070 turpe
1383 4989 1422 5049 sit
1440 4987 1635 5068 proxeneticc
1648 4989 1790 5069 occipere,
1804 4997 1905 5051 tamen
1919 4997 2024 5069 potun-

193 5097 280 5181 τιιτά,
309 5097 397 5182 ὅμως
424 5102 613 5163 ἀπαιτεῖται
636 5100 842 5180 μετρημίνως
868 5095 925 5160 καὶ
949 5093 1032 5180 πρὸς
1053 5094 1093 5160 τὸ
1122 5103 1172 5156 tur
1203 5095 1329 5170 modico,
1358 5095 1524 5158 secundum
1551 5104 1582 5156 et
1609 5096 1811 5176 quantitatem
1842 5105 1873 5157 et
1898 5115 1961 5156 rem
1993 5104 2024 5156 et
2079 5123 2081 5126 ·

192 5202 299 5271 ποσὸν
329 5205 386 5270 καὶ
418 5202 458 5270 τὸ
487 5216 624 5291 πρᾶγμα
649 5204 706 5269 καί
735 5202 795 5281 τὴν
821 5203 1006 5288 ὑπουργίαν
1033 5212 1094 5267 τοῦ
1120 5201 1256 5265 laborem
1278 5210 1463 5284 proxenetae
1491 5237 2022 5250 --------

191 5310 419 5399 προξενητοῦ.3
464 5313 616 5395 προξενεῖ
639 5311 673 5375 δὲ
702 5343 2023 5359 --------------------

1941 5415 1977 5478 fr.
1993 5418 2022 5479 3.

121 5632 153 5689 δ’.
254 5635 299 5697 Ἡ
318 5633 469 5716 διάταξις
490 5631 647 5717 βούλεται
669 5631 730 5696 τὸν
745 5632 970 5717 προξενοῦντα
984 5633 1093 5713 γάμον
1186 5630 1369 5694 Constitutio
1392 5629 1549 5693 vulteum
1573 5630 1625 5710 qui
1643 5630 1766 5710 nuptias
1784 5628 1925 5691 conciliat
1946 5630 2020 5691 nihil

189 5742 336 5823 μάλιστα
362 5741 420 5821 μὲν
446 5740 546 5822 μηδὲν
571 5739 766 5825 λαμβάνειν.
794 5743 821 5802 εί
848 5738 883 5802 δὲ
911 5736 994 5813 ὅλοις
1022 5741 1091 5802 ἀνέ-
1119 5738 1298 5818 generaliter
1319 5738 1468 5817 accipere;
1491 5737 1572 5816 quod
1594 5736 1619 5797 si
1638 5737 1759 5798 omnino
1781 5736 1915 5817 accipere
1935 5737 2020 5797 susti·

262 5901 372 5955 ¹si1nil.
392 5899 458 5969 Syn.
498 5898 542 5954 cf.
560 5897 616 5952 Hb.
636 5899 684 5968 qui
703 5900 732 5952 in
751 5899 811 5951 eius
829 5897 906 5951 fonte
925 5897 1092 5967 requirendo

190 5991 299 6045 erravit.
373 5987 468 6060 ’Syn
542 5987 686 6058 ’buoueq.
705 5985 772 6057 Syn.
