4842 7018
423 451 465 514 58
1058 444 1211 513 LIBER
1232 442 1371 511 XXXV.
1416 441 1506 509 TIT.
1527 441 1618 509 XIV.

663 625 1081 693 intromitterentur
1545 621 2065 690 nmunuexrv,1.me1xxxv

421 713 442 805 ιλ
468 751 686 826 προσποριστόας
710 754 754 804 καί
781 752 960 823 παραιτητέος
985 752 1032 802 καί
1056 749 1259 823 προσελεύσεως
1280 752 1325 801 καί
1370 749 1405 804 de
1428 748 1601 821 adquirenda
1623 752 1652 803 et
1674 747 1827 802 omittenda
1849 752 1878 800 et
1900 747 1935 801 de
1953 747 2081 802 adeunde
2098 752 2132 802 et
2149 748 2243 817 requi-

423 894 611 966 όκζητονμόνης
627 895 804 967 κληρονομίας
821 895 867 946 καί
883 853 904 946 ιιι
923 894 969 960 τῆς
985 892 1040 966 πρὸ
1058 893 1187 956 ἀνοίξεως
1204 894 1250 961 τῆς
1268 890 1325 946 δια·
1351 856 1439 912 mm
1460 855 1614 912 h⁰¹⁰dit⁸⁸⁰
1637 861 1666 911 θλ
1688 855 1722 910 de
1745 859 1810 909 ⁸¹¹oe
1833 853 1944 910 “bum
1966 860 2077 925 mm
2099 853 2259 909 hmffitffl

568 983 657 1051 θήκης
673 983 850 1055 κληρονομίας
866 983 1125 1055 παραπεμπομόνηςε
1144 1012 1178 1021 -
1718 964 1888 1018 ransmissa

275 1136 302 1169 ,κ
338 1155 344 1169 .
369 1115 404 1167 α’.
487 1108 519 1174 Ὁ
547 1108 726 1192 δυνάμενος
752 1108 953 1185 κτήσασθαι
982 1117 1096 1172 πᾶσαν
1123 1106 1183 1185 τήν
1209 1109 1326 1189 κληρο·
1420 1107 1482 1184 Qui
1505 1115 1606 1188 potest
1621 1127 1763 1188 quaerere
1786 1116 1881 1169 totum
1897 1107 2093 1170 hereditatem
2117 1127 2161 1169 ex
2176 1117 2260 1187 parte
2286 1109 2374 1164 titii

296 1187 312 1258 Ι·
352 1243 359 1258 ·
422 1217 541 1297 νομιάν
563 1220 599 1278 ἐκ
620 1218 739 1299 μέρους
760 1215 973 1299 κληρονομεῖν
996 1216 1036 1278 οὐ
1058 1214 1208 1295 δύναται,
1230 1214 1326 1279 καλό
1354 1215 1441 1276 heres
1459 1233 1525 1277 esee
1540 1214 1652 1296 nequit,
1676 1222 1706 1275 et
1722 1214 1774 1294 qui
1790 1235 1828 1275 ex
1842 1214 1981 1295 pluribus
1995 1213 2138 1295 partibus
2155 1213 2260 1275 eudem

423 1327 458 1386 ἐκ
481 1323 611 1387 πολλῶν
637 1332 746 1407 μερῶν
773 1327 806 1385 ἐν
829 1326 870 1409 τῇ
893 1322 979 1408 αὐτῇ
1007 1320 1158 1407 διαθήκη
1186 1320 1328 1408 γραφείς
1353 1330 1535 1383 testamento
1559 1321 1689 1402 scriptus
1716 1330 1763 1382 eet
1789 1342 1852 1383 non
1879 1329 1981 1402 poteet
2002 1318 2163 1402 quendam
2187 1320 2260 1382 aeci·

424 1431 463 1493 οίι
486 1428 630 1493 δύναταί
650 1452 727 1493 τινα
749 1428 1004 1506 καταδέχεσθαι
1027 1429 1088 1491 καί
1108 1450 1185 1492 τινα
1207 1449 1326 1513 παραι·
1354 1448 1425 1510 pere
1447 1438 1477 1491 et
1499 1428 1654 1508 quendam
1676 1429 1821 1491 omittere.
1937 1427 1973 1489 fr.
1991 1430 2086 1489 1-2.
2102 1428 2145 1489 D.
2164 1429 2217 1503 29,
2233 1430 2260 1489 2.

424 1537 575 1600 τεῖσθαιε
592 1533 655 1584 -¹
1008 1535 1044 1596 fr.
1062 1537 1156 1597 1-2.
1171 1535 1211 1597 D.
1229 1539 1279 1610 29,
1297 1540 1326 1599 2.

352 1629 386 1703 ῥ’·
487 1642 556 1729 Ἐφ’
583 1639 666 1706 όσον
689 1644 887 1716 όένστατος
905 1642 1152 1727 κληρονομῆσαι
1176 1641 1325 1722 δύναται,
1419 1640 1525 1703 Donee
1552 1642 1709 1703 institutus
1735 1641 1822 1704 heree
1845 1662 1912 1704 esee
1937 1651 2045 1723 potest,
2073 1642 2261 1705 substitutus

423 1754 442 1815 ὁ
466 1751 748 1822 ὑποκατάστατος
772 1750 812 1812 οδ
834 1748 988 1812 δύναταιε
1005 1786 1047 1794 -
1244 1749 1280 1811 fr.
1298 1754 1326 1811 3.
1353 1769 1414 1810 non
1435 1757 1543 1830 petest
2182 1747 2218 1812 fr.
2234 1751 2260 1811 3.

490 1854 559 1921 Καί
583 1858 602 1919 ό
625 1857 758 1929 ἄσωτος
780 1856 993 1941 γραφόμενος
1010 1856 1216 1939 κληρονόμος
1231 1854 1326 1919 δόνα-
1420 1856 1464 1917 Et
1484 1855 1628 1936 prodigus
1650 1854 1735 1917 heree
1758 1856 1887 1936 eeriptue
1910 1855 1994 1918 edire
2015 1865 2127 1937 petest

423 1987 479 2028 ται
502 1963 729 2045 κληρονομεῑνε
746 1999 788 2008 -
1164 1963 1201 2026 fr.
1217 1968 1246 2025 5.
1263 1969 1279 2040 ξ
1299 1968 1326 2024 1.
2097 1962 2137 2024 fr.
2154 1964 2185 2024 t.
2202 1964 2260 2039 51.

488 2069 520 2135 ‘0
544 2064 637 2153 παρὰ
656 2077 717 2132 τοῦ
731 2064 860 2153 πατρὸς
874 2067 1064 2143 κελευσθείς
1079 2069 1325 2155 κληρονομῆσαι
1421 2068 1484 2147 Qui
1512 2089 1531 2130 a
1557 2076 1644 2149 patre
1671 2068 1755 2131 edire
1781 2070 1881 2131 iueeue
1908 2078 1954 2131 eet
1981 2077 2013 2131 et
2037 2080 2109 2151 poet
2134 2080 2261 2131 mertem

423 2175 480 2241 καί
504 2173 587 2258 μετὰ
611 2176 770 2239 θάνατον
793 2176 899 2238 αὐτοῦ
920 2175 1029 2250 καλῶς
1051 2177 1260 2259 κληρονομεῑ;
1284 2213 1326 2224 -
1355 2176 1419 2237 eius
1441 2183 1522 2238 reete
1544 2175 1617 2238 adit
2096 2176 2135 2237 fr.
2154 2179 2183 2238 6.
2200 2182 2217 2252 5
2232 2179 2259 2237 4.

1164 2284 1200 2346 fr.
1218 2288 1246 2347 6.
1263 2290 1279 2361 ς
1297 2288 1326 2346 4.

355 2378 387 2433 δ’·
496 2390 565 2454 Τοῦ
586 2389 782 2471 ὑπεξουσίου
803 2389 1013 2475 κληρονόμου
1030 2389 1170 2454 κελεύσει
1189 2400 1251 2454 τοῦ
1264 2376 1328 2475 {p}
1421 2388 1634 2450 Filiofamiiiae
1661 2388 1772 2452 herede
1794 2391 1879 2452 iueeu
1903 2390 1999 2471 patrie
2022 2391 2168 2465 ed0unte,
2195 2390 2260 2452 enh

424 2497 718 2580 κληρονομοῦντας,
750 2497 769 2559 ὁ
800 2496 1082 2571 δποκατοίστατος
1112 2499 1218 2561 αὐτοῦ
1247 2499 1327 2561 drio-
1355 2497 1478 2558 stitutus
1501 2496 1566 2558 eiue
1588 2496 1769 2559 excluditur.
2127 2496 2165 2558 fr.
2184 2500 2258 2578 7pr.

425 2604 581 2667 retulerat:
596 2639 639 2649 -
1193 2605 1229 2667 fr.
1247 2610 1264 2667 7
1282 2627 1326 2687 pr.

354 2701 389 2766 ἕ·
490 2706 565 2773 'Edu
586 2709 696 2772 λαλεῖν
723 2711 742 2772 ό
765 2708 892 2794 ἄνηβος
914 2708 1085 2787 diverat)
1112 2709 1177 2775 κᾶν
1200 2710 1243 2792 μή
1266 2716 1327 2798 νοῇ
1421 2709 1455 2772 si
1472 2710 1555 2790 loqui
1572 2709 1707 2791 pupillus
1730 2719 1838 2792 potent,
1861 2713 2001 2791 quumvis
2017 2730 2079 2773 non
2100 2711 2261 2790 intellegat

426 2813 464 2881 τό
488 2817 661 2898 γινόμενον
684 2815 756 2879 ἀλλ’
782 2819 886 2880 ἔοικεν
908 2821 955 2898 τῷ
978 2821 1163 2900 μαινομένην
1186 2816 1243 2882 καί
1267 2814 1328 2881 σὺν
1354 2817 1386 2878 id
1409 2817 1492 2897 qued
1513 2816 1549 2879 fit
1570 2817 1623 2878 red
1645 2817 1759 2879 firrioeo
1778 2818 1818 2879 eit
1832 2817 1946 2891 eimiiie,
1969 2826 2000 2879 et
2022 2818 2111 2899 (ipee)
2136 2817 2259 2880 auetori-

425 2924 592 3003 αόθεντιά
619 2930 681 2985 τοῦ
705 2924 887 3008 ἐπιτρόπου
916 2925 1072 2988 κτᾶσθαι
1104 2925 1329 3009 κληρονομίαν
1355 2933 1419 2986 tete
1442 2925 1550 2986 tutoris
1572 2923 1729 3005 adquirere
1750 2924 1948 2987 hereditatem
1970 2933 2078 3006 potest
2181 2924 2217 2987 fr.
2233 2928 2258 2986 9.

426 3030 582 3094 δύναταιε
599 3066 641 3076 -
1246 3033 1282 3095 fr.
1299 3037 1327 3096 9.

373 3131 389 3183 ’·
490 3133 565 3200 'Ede
595 3136 629 3220 ἐξ
656 3136 841 3221 ὁλοκλήρου
866 3138 1072 3220 κληρονόμος
1106 3139 1204 3225 όρίση
1231 3142 1329 3223 μέρος
1423 3136 1456 3199 Si
1478 3138 1504 3200 ie
1526 3138 1579 3218 qui
1600 3157 1639 3200 ex
1661 3158 1730 3200 aeee
1752 3146 1799 3200 eet
1820 3137 1906 3200 heres
1930 3139 2122 3202 eonstituerit
2145 3149 2258 3220 partem

425 3252 527 3324 σχεῖν,
551 3248 595 3317 είς
618 3239 657 3306 td
681 3253 748 3307 παν
772 3242 865 3307 δοκεῖ
882 3246 1069 3328 ἐγχειρίζειν
1091 3243 1152 3322 τήν
1171 3246 1328 3329 κληρονο-
1356 3244 1475 3317 habere,
1490 3245 1522 3305 in
1536 3251 1633 3306 tetum
1649 3244 1771 3306 videtur
1785 3246 1921 3326 aeeipere
1935 3245 2147 3308 hereditatem
2170 3246 2258 3308 frio.

424 3352 517 3431 μίανε
535 3387 577 3397 -
1225 3352 1260 3414 fr.
1278 3355 1328 3415 10.

492 3456 561 3521 Καί
577 3459 596 3521 ὁ
615 3458 757 3538 νομίζων
778 3454 821 3537 μή
838 3458 1015 3542 ἐρρῶσθαι
1031 3456 1092 3535 τήν
1115 3457 1286 3536 διαθήκην
1309 3458 1328 3535 λη
1422 3457 1465 3518 Et
1486 3458 1539 3538 qui
1559 3466 1650 3539 putat
1671 3478 1732 3520 non
1751 3458 1852 3521 velere
1875 3467 2089 3521 teetamentum
2111 3459 2258 3521 falsumve

426 3562 577 3640 πλαστήν
605 3559 687 3627 εἶναι
716 3565 755 3626 οὐ
782 3562 922 3628 δύναται
951 3565 1211 3649 παραιτεῖσθαι·
1240 3569 1267 3628 εἰ
1295 3565 1329 3628 δέ
1357 3584 1421 3626 eeee
1443 3586 1504 3626 non
1525 3573 1625 3646 potest
1647 3567 1791 3627 omittere.
1837 3567 1862 3628 ei
1889 3586 1959 3628 vero
1982 3565 2094 3627 dieitur
2115 3587 2184 3629 esee
2205 3565 2258 3627 fel·

425 3671 551 3751 λέγεται
567 3671 625 3753 μίν
641 3668 745 3747 αὐτήν
760 3666 842 3733 εἶναι
859 3670 1018 3752 πλαστὴν,
1035 3671 1136 3748 δῆλον
1151 3671 1185 3735 δί
1200 3676 1269 3735 ἐστι
1286 3669 1328 3754 μή
1357 3692 1437 3745 eum,
1464 3680 1551 3752 patet
1578 3683 1680 3734 autem
1706 3672 1819 3735 falsum
1846 3693 1908 3735 nen
1935 3693 2000 3735 eree
2027 3683 2058 3736 et
2079 3674 2191 3736 adiens
2212 3672 2258 3734 ed·

426 3772 507 3841 είναι
524 3775 683 3855 πλαστήν,
699 3776 756 3841 καί
771 3777 987 3861 κληρονομων
1001 3788 1123 3842 κτᾶται
1139 3777 1196 3842 καί
1209 3800 1329 3861 παραι-
1357 3778 1450 3859 quirit
1471 3786 1502 3840 et
1523 3779 1687 3859 repudians
1710 3780 1823 3842 amittit
1845 3780 2049 3843 hereditatem.
2103 3779 2141 3842 fr.
2160 3784 2200 3843 17
2216 3800 2257 3860 pr.

426 3882 584 3964 τοόμενος
599 3884 760 3948 ἀπόλλυσι
778 3882 838 3962 τήν
852 3885 1089 3969 κληρονομιάνε
1100 3921 1142 3932 -
1175 3885 1210 3946 fr.
1229 3888 1268 3946 17
1285 3907 1329 3967 pr.

491 3986 566 4054 Ἐολν
597 3992 616 4054 ὁ
649 3990 828 4072 δυνάμενος
860 3991 894 4073 ἐξ
926 3991 1115 4055 ἀδιαθίτου
1146 3986 1329 4055 καλεῖσθαι
1424 3992 1458 4055 Si
1479 3993 1505 4054 ia
1528 3994 1580 4073 qui
1601 4001 1702 4073 poteet
1724 3992 1764 4054 ab
1787 3993 1931 4054 intestato
1954 3995 2057 4057 vecari
2078 3994 2170 4056 heres
2193 3993 2257 4056 emi·

427 4102 544 4185 γραφῇ
566 4098 772 4182 κληρονόμος
794 4096 851 4161 καί
868 4099 1117 4180 παραιτήσηται
1134 4097 1194 4175 τήν
1210 4102 1246 4161 ἐκ
1261 4096 1330 4161 δια·
1357 4100 1449 4160 batur
1475 4107 1506 4160 et
1531 4099 1750 4179 (hereditatem)
1773 4120 1812 4162 ex
1833 4109 2016 4164 teetemente
2038 4103 2175 4177 omittat,
2202 4121 2258 4162 non

427 4204 538 4281 θήκης
561 4206 622 4267 οὐκ
644 4205 807 4268 ἀπόλλυσι
826 4202 886 4281 τήν
901 4206 936 4287 ἐξ
951 4205 1153 4269 εἰδιαθίτου·
1178 4210 1204 4268 εί
1220 4204 1255 4268 δί
1270 4202 1331 4281 τήν
1357 4205 1458 4287 perdit
1480 4202 1723 4291 (eueeeeeionem)
1746 4206 1786 4268 ab
1807 4207 1959 4270 inteetat0.
2005 4208 2038 4271 Si
2060 4228 2132 4270 vero
2159 4207 2198 4270 eb
2219 4208 2257 4267 in·

426 4311 461 4393 ἐξ
493 4309 683 4375 ἀδιαθίτου
718 4311 975 4396 παραιτήσεται,
1008 4317 1034 4374 εί
1066 4312 1124 4393 μέν
1156 4313 1330 4392 ἐγίνωσκεν
1358 4321 1469 4374 testate
1491 4312 1688 4375 hereditatem
1707 4313 1848 4389 omiserit,
1871 4334 1940 4375 eum
1959 4315 2050 4377 eoiret
2064 4335 2096 4376 ee
2116 4317 2257 4395 scriptum

426 4414 531 4480 αὐτὸν
562 4419 763 4504 γεγράφθαι
795 4418 1011 4501 κληρονόμον,
1051 4421 1210 4505 ἑκατέραν
1243 4417 1335 4481 δοκεῖ
1359 4439 1424 4482 eeee
1444 4419 1594 4493 heredem,
1618 4428 1777 4501 utramque
1798 4421 1919 4483 videtur
1941 4422 2115 4502 repudiare;
2144 4423 2172 4484 ei
2195 4441 2258 4483 eum

426 4525 685 4607 παραιτεῖσθαι·
713 4528 740 4588 εἰ
763 4524 797 4588 δὲ
819 4526 945 4605 ήγνώει,
975 4525 1159 4610 οὐδετέραν,
1188 4523 1249 4602 τήν
1274 4525 1332 4606 μὲν
1359 4527 1499 4600 nesciret,
1531 4535 1682 4589 neutram:
1714 4547 1776 4589 non
1803 4547 1871 4588 eam
1898 4547 1938 4589 ex
1965 4537 2163 4604 testamento,
2194 4547 2257 4590 enm

426 4635 463 4695 ἐκ
486 4630 663 4710 διαθήκης,
687 4633 731 4705 ὡς
754 4630 858 4708 αὐτήν
880 4629 923 4712 μή
947 4633 1247 4717 παραιτησάμενος,
1271 4629 1332 4708 τήν
1360 4653 1428 4694 eam
1455 4653 1516 4695 non
1542 4632 1698 4714 repulerit,
1725 4654 1787 4694 non
1810 4653 1879 4696 eum
1907 4633 1947 4696 ab
1970 4635 2127 4710 intentato,
2157 4642 2257 4716 utpote

426 4738 460 4821 ἐξ
491 4737 680 4801 ἀδιαθίτου
717 4738 751 4801 δὲ
783 4740 827 4812 ὡς
864 4739 959 4820 μήπω
992 4740 1195 4821 ἁρμόσασαν
1227 4738 1331 4819 αὐτῷ·
1359 4760 1437 4821 quee
1451 4741 1479 4802 ei
1494 4739 1628 4802 nondum
1644 4739 1747 4802 delata
1761 4740 1860 4804 fuerit
1885 4740 1934 4824 [fr.
1953 4744 2002 4803 17.
2020 4748 2036 4819 5
2056 4746 2084 4803 1.
2099 4742 2139 4804 D.
2158 4745 2208 4815 29,
2218 4738 2255 4822 2.]

427 4845 479 4929 [fr.
498 4850 547 4908 17.
564 4851 580 4922 ξ
600 4848 627 4907 1.
642 4846 683 4906 D.
700 4848 751 4920 29,
769 4845 810 4929 2.]
836 4848 956 4919 ἐκεῖνος
980 4845 1119 4910 δύναται
1140 4854 1331 4931 παραιτεῖσ-
1359 4848 1411 4910 ille
1424 4854 1527 4927 potest
1541 4845 1700 4927 repudiare
1716 4847 1769 4928 qui
1784 4856 1815 4910 et
1831 4847 1989 4928 adquirere
2003 4858 2112 4931 potest
2158 4849 2194 4911 fr.
2211 4850 2256 4908 18.

428 4951 493 5014 θαι
518 4953 536 5014 ό
559 4949 617 5014 καλ
639 4952 839 5028 κτήσασθαι
865 4951 1052 5033 δυνάμενος.
1227 4953 1263 5016 fr.
1282 4956 1332 5016 18.

491 5055 523 5121 ‘O
544 5057 656 5120 θέλων
673 5058 922 5143 κληρονομῆσαι
938 5057 957 5136 h
974 5057 1180 5137 διακατογήν
1195 5063 1330 5135 αἰτήσαι
1426 5060 1490 5137 Qui
1512 5059 1595 5122 adire
1617 5060 1685 5123 vult
1706 5061 1892 5124 bonorumve
1918 5064 2138 5143 peeeeeeionem
2160 5072 2255 5145 petere

427 5165 549 5251 ὀφείλει
579 5166 751 5245 γινώσκειν
779 5165 944 5229 τεθναναι
973 5162 1033 5229 τὸν
1055 5165 1269 5248 διαθέμενονε
1290 5202 1331 5214 -
1361 5168 1450 5230 debet
1472 5168 1547 5229 eeire
1569 5177 1721 5230 mortuum
1743 5188 1808 5231 esee
1830 5179 2015 5232 testatorem.
2158 5170 2193 5231 fr.
2211 5171 2254 5230 19.

1230 5274 1266 5337 fr.
1284 5278 1334 5337 19.

491 5374 566 5440 ’Edu
592 5377 679 5465 λαβη
708 5380 726 5441 δ
755 5375 825 5452 υίὸς
852 5376 896 5442 td
928 5381 1083 5463 αἱρέσεως
1111 5379 1334 5464 πληρουμένης
1428 5381 1461 5444 Si
1484 5383 1636 5463 acceperit
1657 5382 1737 5444 filine
1759 5384 1943 5447 condicionis
1970 5384 2142 5465 implendae
2170 5401 2255 5447 eenra

425 5483 529 5567 γοίριν
552 5487 615 5546 εἴτε
638 5483 791 5559 ἀποστὰς
807 5494 869 5548 τοῦ
886 5485 1045 5570 πατρῴου
1062 5486 1187 5571 κλήρου
1202 5490 1264 5550 είτε
1279 5485 1331 5568 μή,
1360 5489 1441 5564 deta,
1465 5489 1529 5551 eive
1553 5488 1732 5551 abstinuerit
1753 5500 1882 5570 paterna
1902 5490 2079 5566 hereditate,
2105 5493 2170 5554 eive
2191 5509 2255 5561 non,

429 5593 456 5652 εί
482 5590 540 5672 μὲν
567 5591 668 5671 μόνος
694 5590 764 5655 ἐστί
793 5593 998 5677 κληρονόμος
1027 5591 1119 5656 δοκεῖ
1147 5594 1332 5675 ἐγχειρίζειν
1360 5597 1387 5657 ei
1404 5595 1526 5677 quidem
1542 5594 1624 5657 eolus
1644 5595 1731 5658 heres
1746 5597 1793 5672 eit,
1817 5597 1937 5660 videtur
1951 5619 2006 5679 pro
2021 5598 2131 5661 herede
2147 5615 2253 5679 gerere:

430 5694 491 5772 τήν
512 5696 752 5781 κληρονομίαν·
775 5703 801 5761 εί
825 5698 859 5761 δέ
883 5699 1154 5785 συγκληρονόμον
1176 5702 1239 5777 ἐγει
1258 5701 1332 5777 κλη-
1361 5704 1386 5764 ei
1417 5723 1490 5765 vero
1518 5701 1696 5765 coheredem
1722 5701 1816 5764 habet
1847 5703 2021 5777 adeuntem,
2054 5726 2116 5766 non
2147 5703 2255 5784 eogitur

501 5891 510 5923 ¹
528 5890 584 5945 hab
598 5890 664 5962 Syn.
733 5891 744 5923 ¹
763 5892 831 5948 Cod.
844 5894 918 5965 λαλῇ.
937 5893 1067 5964 Duplieia
1079 5894 1208 5949 lectionis
1226 5901 1333 5964 prostat

429 5978 503 6033 forte
516 5981 719 6035 testimonium:
736 5979 803 6037 Ἐὰν
821 5983 886 6053 λαλῇ
906 5981 920 6036 δ
939 5982 980 6036 ἄν.
1000 5989 1029 6037 et
1046 5983 1088 6036 Εί
1103 5985 1193 6038 λαλεῖν
1212 5983 1226 6038 ὁ
1246 5984 1270 6038 ἅ.
1290 5983 1314 6039 δ.
