4842 7018
872 452 1025 520 LIBER
1046 451 1164 518 XLIV.
1209 451 1298 517 TIT.
1321 451 1365 516 Π.
2004 457 2044 519 77

278 634 328 697 Ἐν
351 643 421 708 τοῖς
436 634 593 715 ληγάτοις
612 635 645 697 οἱ
660 634 818 719 ἀφήλικος
832 632 889 698 καὶ
903 632 1009 718 χωρὶς
1024 632 1117 718 ὑπερ·
1210 633 1250 695 ln
1271 633 1379 713 legatis
1402 634 1533 697 minores
1556 644 1586 697 et
1608 636 1672 698 sine
1694 655 1781 697 mora
1801 644 1910 718 petunt
1924 656 2045 709 usuram

215 742 342 816 θέσεως
365 743 545 805 ἀπαιτοῦσι
570 741 683 804 τόκον·
713 738 797 824 μετά
820 740 853 804 δέ
878 739 939 805 τὸν
966 739 1117 806 είκοστδν
1144 750 1213 822 poet
1235 748 1338 803 autem
1352 742 1532 822 vigesimum
1547 741 1687 823 quintum
1702 762 1815 804 annum
1830 763 1891 805 non
1906 742 2046 824 amplius,

213 850 360 930 uipereo
375 846 527 912 ἐνιαυτὸν
542 849 659 929 οὐκέτι,
676 852 703 912 εί
717 845 761 930 μή
778 848 958 933 ὑπέρθεσις
973 851 1115 930 γένηται.
1143 848 1202 909 nisi
1224 868 1310 910 mora
1331 847 1414 910 faeta
1435 849 1532 912 fuerit
1578 847 1697 911 Sufficit
1719 869 1791 912 vero
1816 869 1931 913 moram
1955 850 2047 912 semel

213 957 310 1039 ἀρκεῖ
331 955 365 1018 δὲ
388 955 572 1041 ὑπέρθεσιν
594 952 687 1039 άπαξ
709 956 880 1038 γενέσθαι.
932 956 969 1018 ir.
986 958 1036 1018 87.
1054 963 1069 1033 5
1089 958 1116 1017 1.
1144 954 1256 1018 saetam
1279 975 1353 1019 esse.
1863 957 1899 1017 l'r.
1915 959 1966 1019 87.
1983 962 2000 1033 5
2019 959 2046 1019 1.

278 1059 352 1127 Ἐἀν
374 1063 455 1144 γυνή
478 1084 546 1127 τισι
571 1073 638 1126 των
652 1065 771 1140 ἐαυτῆς
790 1062 918 1127 παίδων
932 1062 1008 1127 κατ’
1035 1063 1117 1145 ἐξαί-
1211 1062 1246 1124 Si
1276 1062 1385 1125 mulier
1415 1062 1596 1144 quibusdem
1628 1083 1666 1124 ex
1697 1061 1766 1125 filiis
1793 1064 1856 1125 suis
1887 1064 2047 1147 praecipue

214 1189 311 1254 ρετον
334 1170 415 1256 ἐάσῃ
440 1166 484 1233 τά
506 1167 574 1233 ἀπὸ
597 1180 656 1246 τῆς
678 1170 900 1253 κληρονομίας
919 1178 979 1234 τοῦ
994 1167 1117 1253 ἀνδρὸς
1143 1170 1290 1250 legaverit
1310 1191 1348 1233 ea
1370 1190 1449 1251 quae
1471 1190 1509 1232 ex
1533 1168 1698 1233 hereditate
1718 1170 1776 1233 viri
1799 1171 1847 1232 sui
1870 1171 1909 1233 ad
1928 1191 1960 1232 se
1983 1190 2048 1251 per·

213 1281 257 1351 είς
275 1275 379 1353 αὐτὴν
398 1276 630 1360 περιελθόντα,
654 1280 793 1341 εἰποῦσα
811 1286 879 1341 πάν
892 1277 1001 1363 βάρος
1016 1278 1118 1354 αὐτῆς
1144 1278 1290 1352 venerint,
1306 1277 1409 1340 dicens
1424 1297 1513 1340 omne
1528 1297 1604 1339 onus
1622 1275 1712 1360 [eius]
1723 1277 1900 1340 hereditatis
1915 1298 1966 1340 eos
1982 1296 2047 1339 sen·

213 1385 438 1464 ἐπιγιυώσκειυ
465 1380 588 1458 αὐτοὺς
620 1381 796 1470 παρελθὸν
822 1383 881 1449 καλ
911 1384 1029 1467 μέλλον
1060 1383 1117 1448 καὶ
1145 1405 1232 1446 suros
1246 1383 1441 1465 praeteritum
1457 1403 1511 1445 seu
1526 1383 1703 1445 futurumst
1718 1384 1827 1464 siquid
1841 1392 2047 1466 postmortem

213 1494 243 1553 εί
263 1514 294 1554 τι
317 1488 401 1573 μετά
423 1488 574 1568 τελευτήν
597 1499 658 1554 τοῦ
681 1488 804 1576 ἀνδρὸς
827 1494 977 1572 συνέστη,
1004 1492 1118 1573 μόνοις
1144 1491 1203 1553 viri
1225 1492 1272 1553 eui
1288 1491 1462 1565 eonstiterit,
1485 1489 1556 1553 solis
1571 1491 1608 1552 iis
1623 1489 1741 1565 debitis,
1757 1512 1837 1572 quae
1851 1500 2047 1573 superessent,

213 1607 283 1672 τοῖς
310 1597 544 1685 ὑπολειφθεῖσι
568 1596 681 1680 γρεεσλ
708 1597 810 1683 βαρεῖ
832 1595 911 1673 τοὺς
934 1599 1056 1672 παῖδας
1078 1599 1118 1662 οὐ
1145 1599 1284 1661 oneravit
1306 1598 1383 1661 lilios
1406 1618 1468 1660 non
1489 1598 1526 1659 iis
1550 1598 1640 1660 etiam
1663 1619 1742 1679 quae
1763 1599 1832 1679 ipsa
1854 1600 1927 1662 viva
1948 1598 2046 1661 solvit

212 1703 347 1786 μήνκαὶ
364 1701 414 1778 οἷς
429 1703 513 1782 αὐτή
530 1713 691 1789 περιοῦσα
705 1705 896 1791 κατέβαλεν.
951 1707 987 1767 ir.
999 1710 1076 1782 885
1089 1710 1116 1769 2.
1865 1706 1900 1768 fr.
1917 1708 1967 1767 88.
1985 1710 2001 1781 5
2019 1708 2047 1767 2.

277 1808 352 1874 Ἐἀν
379 1811 571 1892 ληγατεήοω
598 1821 669 1885 τοῖς
701 1812 938 1894 ἀπελευθέροις
969 1835 1033 1895 μου
1060 1811 1116 1876 καὶ
1212 1813 1246 1876 Si
1272 1812 1412 1892 legavero
1439 1811 1555 1874 libertis
1584 1813 1659 1874 meis
1695 1821 1726 1875 et
1756 1813 1876 1874 Mariae
1906 1811 2048 1873 alumnae

212 1920 319 2003 μαρίρι
345 1922 386 2005 τῇ
414 1919 615 2005 ἀναθρεπτῇ
642 1940 706 2000 μου
733 1918 854 2003 ἀγρὸν,
883 1921 923 1984 οὐ
949 1917 989 1983 τὸ
1017 1916 1117 2001 ήμισυ
1144 1940 1230 1982 meae
1260 1919 1397 1993 fundum,
1430 1939 1490 1981 non
1522 1919 1678 1981 dimidiam
1714 1919 1801 1981 fundi
1831 1928 1962 2001 partem,
1994 1918 2048 1980 sed

213 2034 274 2089 τοῦ
305 2026 421 2108 ἀγροῦ,
452 2023 538 2089 ἀλλά
568 2027 752 2108 ἀναλογίαν
782 2024 853 2101 ένδς
884 2028 1066 2113 προσώπου
1097 2029 1117 2104 ή
1145 2026 1260 2089 virilem
1283 2026 1450 2107 portionem
1474 2026 1575 2088 Maria
1598 2027 1733 2107 aooipiet
1863 2027 1899 2088 fr.
1916 2028 1967 2087 88.
1984 2032 2001 2102 5
2019 2028 2047 2086 6.

212 2134 319 2218 μαριά
341 2131 511 2217 λαμβάνει.
932 2135 968 2197 ir.
985 2138 1037 2198 88.
1054 2141 1070 2212 5
1089 2138 1117 2197 6.

276 2237 350 2304 Ἐἀν
373 2241 391 2302 ὁ
416 2238 616 2322 διαθέμενος
631 2244 702 2327 ε’ίπῃ
717 2250 899 2324 γρεωστεῖν
915 2244 1022 2326 πέτρῳ
1038 2240 1118 2305 δέκα
1212 2238 1246 2302 Si
1277 2239 1387 2302 dixerit
1417 2249 1544 2302 testator
1574 2239 1683 2302 debere
1723 2238 1784 2323 [se]
1821 2239 1912 2324 Petro
1944 2239 2048 2301 deoem

211 2359 309 2428 oopp'
329 2346 386 2410 καὶ
407 2345 633 2431 παραθήιιηυ1
656 2351 741 2425 έχειν
757 2345 903 2411 erratiles²
925 2348 1006 2411 δέκα
1020 2361 1118 2430 νομμ’
1145 2346 1257 2409 solidos
1281 2355 1313 2408 et
1328 2346 1481 2427 depositos
1496 2347 1592 2428 [apud
1608 2351 1652 2424 se]
1669 2346 1780 2409 habere
1795 2345 1928 2408 Paulum
1944 2346 2048 2407 decem

211 2452 267 2516 καί
306 2452 495 2537 βούλεσθαι
535 2464 644 2519 ταῦτα
680 2453 794 2540 λαβεῖν
827 2451 963 2536 αὐτοὺς,
1002 2460 1028 2518 εί
1059 2456 1117 2537 μέν
1145 2453 1255 2515 solidos
1269 2463 1300 2515 et
1313 2452 1392 2515 velle
1408 2453 1468 2537 [se]
1485 2452 1554 2515 illos
1573 2455 1731 2534 pecuniam
1747 2473 1862 2535 eapere,
1885 2453 2048 2533 siquidem

212 2564 251 2646 τῇ
271 2560 419 2641 ἀληθεία
436 2564 693 2644 ἐχρεωστοῦντο,
713 2564 757 2636 ὡς
769 2565 869 2647 χρέος
884 2564 1116 2643 ἀπαιτοῦνται,
1144 2580 1251 2625 revera
1265 2559 1420 2635 debentur,
1443 2568 1479 2622 ut
1492 2560 1627 2623 debitum
1646 2569 1803 2643 petuntur;
1826 2562 1872 2623 sin
1891 2561 1998 2633 minus,
2014 2568 2049 2621 ut

212 2671 238 2729 εί
262 2666 296 2730 δὲ
319 2666 372 2749 μή,
396 2670 440 2742 ώς
463 2668 622 2750 ληγάτονε
639 2705 681 2716 -
910 2669 945 2731 fr.
963 2672 1013 2731 88.
1030 2676 1046 2745 5
1066 2671 1115 2732 16.
1143 2668 1287 2749 legatum.
1841 2667 1877 2729 fr.
1895 2670 1945 2728 88.
1962 2673 1979 2743 5
1998 2669 2047 2727 10.

275 2773 533 2857 Ἐνστησάμευος
560 2774 622 2853 τήν
647 2776 793 2858 γαμετήν
819 2797 883 2857 μου
910 2775 1116 2859 κληρονόμον
1210 2775 1315 2839 Uxore
1336 2794 1405 2836 mea
1427 2774 1537 2836 herede
1560 2774 1708 2849 instituta,
1731 2775 1776 2836 ita
1797 2774 1873 2836 dixi:
1901 2793 1991 2855 „rogo
2018 2782 2048 2834 te

212 2879 317 2955 οὕτως
345 2877 450 2945 είπον·
484 2886 587 2946 «uitet
615 2904 652 2946 σε
679 2880 762 2965 μετά
788 2882 850 2959 τήν
877 2882 1027 2959 τελευτήν
1055 2904 1117 2946 σου
1144 2890 1366 2962 postmortem
1395 2892 1479 2944 tuam
1506 2881 1584 2943 nihil
1614 2880 1758 2943 fratribus
1785 2881 1846 2942 tuis
1873 2880 2048 2960 relinquere,

213 2988 313 3071 μηδὲν
341 2998 411 3062 τοῖς
434 2998 506 3063 σοῖς
529 2988 686 3075 ἀδελφοῖς
709 2989 914 3069 καταλιπεῖν,
938 2987 1028 3053 κακά
1050 2987 1116 3073 γάρ
1144 2987 1227 3050 mala
1258 2990 1339 3050 enim
1369 2989 1458 3051 nobis
1489 2986 1637 3050 fecerunt:
1669 2987 1763 3049 hahes
1794 2987 1871 3049 filios
1903 3007 2048 3060 sororum,

212 3099 288 3178 ήμῖν
311 3094 526 3178 ἐνεδείξαντο·
549 3100 631 3173 έγεις
654 3099 753 3161 τέκνα
776 3107 842 3159 των
862 3097 1008 3174 θηλειῶν
1027 3096 1117 3160 ἀδελ·
1144 3094 1255 3176 quibus
1286 3103 1374 3176 potes
1404 3095 1597 3178 relinqueret
1647 3096 1674 3157 si
1704 3097 1849 3157 intestata
1880 3095 2048 3167 deessserit,

213 3213 289 3288 φῶν
321 3199 370 3277 οίς
397 3202 539 3267 δύνασαι
572 3203 796 3267 καταλιπεῖν».
845 3201 904 3268 έάυ
931 3202 1117 3277 ἀδιάθετος
1144 3200 1199 3263 lilii
1226 3202 1336 3264 sororis
1364 3222 1437 3264 suae
1467 3211 1573 3264 eontra
1599 3202 1722 3263 fratrem
1749 3203 1814 3264 eius
1843 3199 1883 3262 ab
1906 3201 2049 3263 intestato

212 3310 389 3396 ἀποθάνῃ,
417 3312 530 3387 έχουσι
559 3306 603 3373 τά
631 3313 730 3374 τέκνα
758 3320 815 3386 τῆς
842 3310 988 3397 ἀδελφῆς
1015 3311 1118 3386 αὐτῆς
1145 3308 1283 3371 heredem
1310 3308 1424 3371 habent
1453 3308 1492 3371 de
1526 3309 1715 3371 restitutione
1747 3308 1985 3389 persecutionem
2018 3318 2049 3369 et

213 3413 303 3479 κιιτά
318 3424 379 3479 τοῦ
394 3415 544 3502 ἀδελφοῦ
561 3418 664 3493 αὐτῆς
679 3425 741 3480 τοῦ
754 3417 1068 3503 κληρονομήσαντος
1083 3416 1117 3499 ἐξ
1144 3416 1329 3497 petitionem.
1848 3415 1883 3477 fr.
1901 3416 1951 3476 88.
1968 3416 2047 3490 516.

212 3522 401 3587 ἀδιαθέτου
428 3521 500 3607 περὶ
529 3533 587 3600 τῆς
614 3525 923 3598 ἀποκαταστάσεως
949 3521 1118 3606 ἐναγωγήν

211 3628 267 3693 καί
291 3631 480 3705 ἀπαίτησιν.
910 3631 946 3692 fr,
964 3635 1014 3694 88.
1031 3639 1047 3709 5
1067 3635 1116 3693 16.

277 3736 351 3800 Ἐιίν
378 3758 428 3811 τις
456 3736 655 3819 διαθέμενος
682 3741 753 3823 είπη
782 3736 851 3821 [μή]
881 3738 1027 3825 φυλάξαι
1057 3735 1117 3814 τήν
1211 3736 1244 3800 si
1276 3736 1384 3799 dixerit
1411 3745 1538 3799 testator
1566 3735 1653 3818 [non]
1689 3754 1825 3798 servasse
1853 3734 1912 3817 [se]
1944 3732 2046 3813 legum

212 3854 279 3906 τῶν
306 3845 416 3925 νόμιον
444 3844 618 3929 ἀκρίβειαν
644 3843 701 3907 καί
729 3845 872 3931 ὀφείλειν
899 3846 1013 3928 ἀρκεῖν
1041 3843 1115 3908 ἀντὶ
1144 3843 1343 3924 suptilitatem
1366 3852 1397 3905 et
1412 3842 1521 3905 debere
1543 3842 1679 3905 suffioere
1701 3862 1756 3922 pro
1779 3841 1845 3922 lege
1859 3840 2047 3903 voluntatem

212 3952 316 4032 νόμου
344 3948 404 4027 τήν
435 3951 541 4014 αὐτοῦ
567 3953 712 4034 γνώμην,
737 3952 966 4035 εὑρισκομένης
989 3950 1117 4034 ἀκύρου
1144 3970 1240 4025 suem,
1262 3959 1294 4012 et
1315 3950 1421 4012 inutile
1443 3950 1617 4012 inveniatur
1630 3968 1694 4011 esse
1715 3957 1938 4021 testamentum
1966 3947 2048 4009 here

212 4068 270 4133 τῆς
293 4056 471 4137 διαθήκης,
501 4061 534 4121 οἱ
561 4059 595 4141 ἐξ
618 4058 1031 4144 ἀδιαθέτουκληρονόμοι
1055 4055 1117 4132 τάς
1144 4057 1197 4119 dee
1219 4057 1347 4137 legitimi
1369 4058 1405 4118 iis
1428 4057 1530 4137 quiin
1549 4077 1584 4117 eo
1607 4057 1736 4119 instituti
1759 4064 1830 4117 sunt
1851 4053 2048 4116 hereditatem

214 4168 248 4226 ἐν
270 4164 356 4251 αὐτῇ
379 4166 549 4239 ἐνστάσεις
572 4162 639 4229 ἀπὸ
663 4165 810 4247 ληγάτου
833 4169 1043 4250 παρέχουσιν.
1144 4185 1181 4226 ex
1204 4163 1304 4244 legato
1327 4164 1482 4245 praebent
1718 4161 1754 4224 fr.
1771 4165 1821 4223 88.
1839 4166 1855 4236 5
1875 4165 1924 4224 17.
1940 4160 1979 4222 D.
1997 4163 2047 4223 31.

788 4273 823 4336 fr.
841 4277 993 4351 εεςει.
1009 4274 1048 4334 1).
1066 4276 1115 4335 31.

273 4378 379 4455 Ἕγων
400 4374 483 4460 μετά
499 4387 560 4443 τοῦ
577 4378 726 4466 ἀδελφοῦ
742 4403 807 4461 μου
821 4377 919 4444 κοινά
935 4381 1117 4462 πράγματα
1211 4377 1341 4439 Habens
1364 4398 1433 4439 oum
1455 4373 1548 4438 fratre
1571 4396 1638 4438 meo
1660 4396 1707 4437 res
1722 4395 1896 4438 eommunes
1919 4374 2047 4437 duorum

214 4486 385 4563 δισχιλίων
411 4487 625 4568 νομισμάτων
657 4484 745 4551 αὐτά
776 4487 1028 4568 ἀπετιμησάμηυ
1059 4484 1116 4549 καλ
1144 4484 1274 4547 millium
1310 4503 1469 4546 arueorum
1506 4483 1745 4546 aestimationem
1782 4502 1887 4545 earum
1924 4481 1982 4545 feei
2017 4490 2049 4544 et

108 4642 111 4648 .
213 4594 341 4677 ήξίωσα
363 4589 442 4666 τοὺς
464 4592 586 4666 παῖδάς
608 4614 673 4675 μου
695 4593 771 4657 ἀντὶ
794 4603 856 4658 τοῦ
882 4593 1117 4678 ἐπιβάλλοντός
1144 4593 1250 4671 rogavi
1281 4590 1359 4653 tilios
1390 4611 1473 4652 meos
1504 4611 1560 4672 pro
1586 4591 1725 4671 portione
1755 4589 1829 4651 mihi
1861 4597 2048 4670 competente

213 4723 266 4782 μοι
295 4703 413 4783 μέρους
441 4710 508 4763 των
530 4700 642 4763 αὐτῶν
670 4701 876 4783 πραγμάτων
894 4700 989 4777 χίλια
1007 4701 1116 4781 νομίσ-
1144 4719 1248 4761 earum
1271 4718 1370 4759 rerum
1393 4696 1531 4760 millenos
1554 4717 1660 4760 aureos
1675 4698 1813 4778 aeeipere
1828 4716 1847 4757 a
1865 4695 1958 4757 fratre
1972 4715 2047 4756 meo.

212 4829 304 4889 ματα
319 4805 433 4892 λαβεῖν
449 4804 542 4889 παρά
558 4815 619 4870 τοῦ
634 4805 782 4892 ἀδελφοῦ
795 4828 868 4888 μου.
892 4804 978 4870 ἀλλά
989 4808 1117 4891 χρόνου
1145 4826 1214 4868 eum
1237 4826 1308 4869 vero
1327 4806 1380 4866 diu
1395 4806 1621 4886 supervixerim,
1645 4804 1767 4866 maioris
1784 4803 1871 4884 pretii
1886 4823 1934 4864 res
1949 4801 2048 4863 saetae

213 4911 448 4993 ἐπιζήσαντός8
479 4935 556 4995 μου,
589 4914 737 4987 πλείονος
763 4913 844 4995 ἀξια
875 4913 1044 4994 γεγόνασι·
1077 4914 1117 4976 οὐ
1145 4922 1227 4975 sunt:
1250 4933 1311 4974 non
1335 4912 1433 4974 solum
1455 4912 1516 4974 duo
1530 4911 1627 4973 millia
1641 4931 1799 4972 aureorum
1815 4910 1968 4990 aeeipiunt
1985 4907 2047 4982 lilii,

212 5022 316 5102 μόνον
331 5020 479 5098 δισχιλια
488 5034 586 5102 νομμ’
598 5019 828 5105 λαμβάνουσιν
843 5021 877 5082 οἱ
892 5018 1013 5099 παῖδες,
1031 5017 1117 5083 ἀλλά
1145 5020 1199 5081 sed
1226 5028 1345 5101 partem
1377 5019 1533 5080 dimidiam
1563 5018 1792 5091 aestimationis,
1823 5036 1886 5097 qua
1915 5025 2047 5096 tempore

213 5124 253 5189 τὸ
276 5124 376 5209 ήμισυ
398 5131 496 5213 μέρος
520 5138 578 5204 τῆς
601 5138 703 5208 τιμῆς,
726 5120 764 5202 ής
786 5131 820 5189 ἐν
841 5130 949 5211 καιρῷ
968 5137 1026 5203 τῆς
1042 5131 1117 5208 ἐμῆς
1144 5128 1249 5188 mortis
1268 5146 1354 5188 meae
1368 5125 1478 5206 dignae
1501 5125 1613 5187 fuerim
1631 5146 1688 5187 res.
1863 5123 1899 5185 fr.
1916 5126 1967 5197 89,
1984 5129 2000 5199 5
2020 5126 2047 5183 1.
2101 5129 2103 5133 ‘

213 5233 361 5310 τελευτῆς
384 5233 465 5316 ἀξια
487 5230 574 5311 ήσαν
597 5232 641 5297 τά
665 5234 856 5317 πράγματα.
932 5234 967 5297 fr.
985 5237 1035 5296 89.
1053 5241 1069 5311 5
1089 5237 1115 5296 l.

277 5340 352 5405 Ἐάν
374 5342 508 5425 ἀξιώσω
532 5338 592 5416 τήν
615 5340 793 5424 θυγατέρα
819 5362 884 5420 μου
911 5341 1052 5424 ἀλλάξαι
1076 5338 1116 5404 τὸ
1210 5339 1243 5401 ei
1266 5359 1410 5421 rogavero
1425 5339 1519 5401 filiam
1539 5360 1637 5401 meam
1653 5347 1688 5400 ut
1702 5336 1834 5400 dotalem
1850 5334 2047 5420 [eaufionem]

213 5452 381 5532 προικῷον
408 5448 524 5527 αὐτῆς,
553 5446 606 5533 ἐφ’
637 5437 746 5528 ᾦτόυ
773 5443 921 5533 ἀδελφὸν
953 5447 1054 5524 αὐτῆς
1082 5446 1117 5529 ἐξ
1144 5467 1230 5509 suam
1253 5455 1392 5521 mutaret,
1415 5448 1458 5508 ita
1481 5455 1516 5508 ut
1537 5445 1631 5508 frater
1650 5447 1713 5508 eius
1731 5453 1835 5526 posset
1849 5443 1929 5504 dotis
1952 5442 2047 5523 [resti-

213 5553 372 5628 ἀπαιδίας
395 5558 597 5635 ἐπερωτῆσαι
622 5552 682 5631 τήν
709 5562 845 5636 προῖκα,
873 5552 929 5617 καλ
953 5553 1116 5639 ἀποθάνῃ
1144 5555 1291 5617 tutionem
1319 5553 1389 5634 sibi]
1421 5553 1569 5634 stipulari,
1603 5552 1629 5614 si
1660 5551 1722 5635 [ea]
1756 5553 1820 5615 sine
1850 5549 1953 5611 liberis
1986 5548 2048 5632 [de-

213 5663 231 5723 d
260 5659 343 5745 ἀνήρ
374 5662 477 5737 αὐτῆς
505 5660 627 5724 τούτου
657 5659 700 5742 μή
729 5663 911 5741 γενομένου,
946 5655 1018 5723 εἶτα
1050 5659 1117 5723 δευ-
1144 5661 1277 5740 oesserit]
1311 5669 1342 5722 et
1369 5658 1477 5722 obierit
1503 5659 1631 5721 maritus
1657 5661 1735 5733 eius,
1766 5677 1864 5739 neque
1895 5658 1927 5719 id
1958 5657 2049 5718 fuerit

213 5771 296 5849 τέρῳ
327 5769 548 5854 συναφθεῖοα
581 5767 755 5853 τελευτήσῃ
783 5768 897 5847 ἀπαις,
935 5770 998 5844 ἔχει
1027 5765 1117 5830 κατά
1144 5767 1268 5839 fautum,
1292 5777 1323 5829 et
1344 5767 1412 5847 ipsa
1435 5766 1522 5828 alteri
1546 5765 1641 5849 [viro]
1665 5774 1762 5846 nupta
1784 5766 1848 5826 sine
1874 5764 1976 5826 liberis
1999 5763 2048 5825 de·

290 5917 478 5989 ιπροσθήκην
501 5917 561 5971 eod.
652 5917 726 5987 ’ἔχῃ
748 5916 852 5970 πυέλου
877 5915 937 5970 cod.
1027 5914 1117 5970 'eod

213 5997 418 6065 -ζητήσανεος,
