4842 7018
453 479 515 543 156
1113 471 1265 538 LIBER
1286 471 1375 537 mx
1419 472 1508 539 TIT.
1530 472 1556 539 Ι.

370 665 414 737 ιν.
522 656 656 721 Τούτων
679 655 713 720 δὲ
730 654 773 738 μή
797 657 913 735 όντων,
929 651 973 719 τά
988 655 1135 740 ἀργυρία
1149 652 1206 718 καί
1218 656 1346 737 χρυσέα
1441 654 1502 717 Ηίε
1523 674 1584 717 non
1602 654 1784 730 extantibus,
1808 664 1964 737 argentum
1978 662 2009 717 et
2023 673 2129 716 aurum
2144 656 2256 719 veniunt

452 766 636 829 πωλοῦνται
659 763 955 849 ήὲνεχυράζονται,
978 761 1007 842 ή,
1030 763 1089 825 ἐάν
1107 765 1198 825 ἐστιν
1212 762 1346 847 εὐχερὲς,
1374 761 1424 825 vel
1438 762 1555 844 pignori
1570 762 1690 839 dantur,
1707 763 1764 839 vel,
1787 764 1891 827 sifieri
1904 771 2014 845 potest,
2037 762 2165 843 exigitur
2177 763 2255 824 etiam

451 873 639 937 ἀπαιτεῖται
662 869 719 935 καλ
738 873 850 955 χρίοςε
866 905 909 917 -
1120 870 1346 946 fr.12.56.13.
1374 889 1493 931 nomen
2020 869 2056 931 fr.
2074 872 2124 931 12.
2140 877 2156 947 5
2172 874 2198 932 6.
2214 873 2255 930 13.

516 1002 590 1069 Ἐάν
612 1005 665 1093 ἐφ’
690 1001 781 1090 ὕβρει
810 1012 871 1067 τοῦ
896 1002 1151 1080 τελευτήσαντος
1178 1001 1346 1083 πλουσίου,
1442 1003 1475 1066 si
1497 1002 1529 1064 in
1551 1004 1764 1066 contumeliam
1786 1003 1889 1067 divitis
1911 1004 2022 1067 mortui
2048 1004 2115 1086 quis
2138 1004 2256 1068 modicos

285 1118 332 1189 sol.
345 1123 415 1173 ιη’.
451 1113 569 1197 μέτριά
591 1134 640 1186 τις
663 1110 852 1196 δαπανήση,
876 1110 936 1173 οὐκ
958 1113 1021 1188 ἔχει
1045 1110 1239 1186 ἀπαίτησιν
1255 1106 1316 1157 -1
1376 1119 1514 1191 sumptus
1536 1109 1649 1185 iecerit,
1671 1131 1732 1173 non
1754 1111 1869 1194 repetit
2073 1110 2108 1172 fr.
2121 1114 2169 1173 14.
2184 1117 2199 1188 5
2217 1114 2256 1175 10.

1143 1216 1179 1279 fr.
1196 1219 1245 1280 14.
1263 1224 1279 1294 5
1298 1220 1347 1279 10.

374 1342 414 1395 ιε’.
516 1334 698 1412 Ὲυέχουται
725 1337 767 1420 τῇ
789 1331 839 1397 ἐπὶ
867 1335 960 1420 ταφῇ
987 1333 1101 1418 ἀγωγῇ
1128 1334 1160 1395 οἱ
1186 1336 1227 1418 τῇ
1255 1337 1348 1419 ταφῇ
1442 1333 1609 1395 itinerans
1631 1334 1748 1396 actione
1771 1343 1910 1395 tenentur
1932 1333 1962 1407 ii,
1984 1334 2035 1415 qui
2057 1333 2149 1396 funus
2166 1354 2258 1397 οιιτεεε

451 1442 662 1522 ἀποκείμενοι,
678 1435 750 1504 ολον
764 1440 961 1525 κληρονόμοι
977 1436 1033 1503 καλ
1050 1439 1212 1523 πάτρονες
1222 1444 1348 1504 αῖτοῦυ-
1376 1441 1499 1515 debent,
1521 1440 1617 1503 veluti
1638 1440 1763 1505 heredes
1779 1449 1810 1502 et
1830 1441 1951 1523 patroni
1966 1440 2019 1521 qui
2040 1450 2148 1522 petant
2167 1450 2258 1502 contra

451 1570 504 1623 τες
526 1546 587 1626 τήν
608 1544 698 1612 ιιατά
720 1558 778 1624 τῆς
801 1545 968 1624 διαθήκης
992 1547 1195 1610 ἑυαυτίωσινε
1213 1581 1255 1595 -
1376 1547 1496 1611 tabulas
1518 1549 1744 1610 successionem.
1939 1548 1974 1610 fr.
1993 1550 2043 1609 14.
2060 1554 2078 1624 5
2097 1550 2146 1608 17.
2164 1583 2200 1595 -
2217 1553 2258 1610 15.

1017 1654 1052 1716 fr.
1071 1657 1119 1715 14.
1137 1660 1153 1730 5
1172 1657 1222 1715 17.
1238 1689 1279 1701 -—
1298 1659 1347 1717 15.

369 1796 415 1861 td.
518 1788 586 1853 Καὶ
602 1792 620 1852 ὁ
637 1786 697 1865 τήν
712 1797 834 1872 προῖκα
849 1798 907 1864 της
922 1787 1159 1864 τελευτησάσης
1168 1786 1349 1870 κερδαίνων
1442 1789 1484 1851 Et
1514 1790 1565 1869 qui
1597 1788 1698 1851 dotem
1725 1796 1861 1851 mortuae
1888 1787 2030 1862 lucratur,
2062 1789 2126 1852 sive
2152 1789 2197 1849 vir
2220 1789 2258 1862 ait

452 1900 514 1960 εἴτε
537 1896 621 1981 ἀνήρ
645 1898 819 1960 bercscire
842 1892 952 1979 πατήρ
975 1895 1089 1971 αὐτῆς
1106 1929 1148 1942 -
1245 1895 1281 1957 fr.
1299 1898 1348 1957 16.
1377 1897 1440 1957 sive
1462 1904 1551 1977 pater
1573 1895 1646 1957 eiua.
2169 1895 2202 1957 fr.
2218 1899 2259 1957 16.

376 2036 416 2099 ιζ’.
518 2028 559 2093 El
582 2028 615 2092 δὲ
637 2030 732 2111 μήπω
756 2028 914 2113 ἀνέλαβεν
936 2027 1039 2106 αὐτήν
1061 2031 1080 2092 δ
1103 2025 1223 2111 πατήρ,
1249 2030 1349 2110 μόνος
1444 2028 1478 2089 Si
1500 2029 1634 2091 nondum
1656 2028 1801 2110 receperit
1823 2049 1890 2090 eam
1912 2038 2006 2110 pater,
2028 2028 2113 2090 aolus
2131 2030 2178 2091 vir
2193 2040 2260 2091 tene

452 2134 579 2220 δάνήρ
602 2137 753 2216 ὲυάγεται
768 2135 824 2199 καλ
840 2136 1001 2215 λογίζεται
1025 2139 1073 2216 τῷ
1089 2133 1191 2219 πατρί
1206 2132 1246 2197 τὸ
1262 2133 1348 2198 διδό-
1378 2149 1427 2198 tur
1449 2145 1480 2199 et
1502 2136 1669 2216 imputatur
1689 2135 1770 2216 patri
1791 2134 1822 2196 id
1846 2135 1927 2215 quod
1948 2135 2053 2197 datum
2077 2145 2133 2198 eet.
2169 2136 2203 2197 fr.
2219 2140 2260 2197 17.

451 2264 561 2324 μενουε
577 2279 619 2291 -
1246 2241 1281 2304 fr.
1300 2246 1348 2305 17.

373 2384 416 2451 ιη’.
515 2376 561 2439 Ἡ
582 2370 648 2460 γάρ
676 2375 807 2451 δαπάνη
834 2384 892 2451 τῆς
919 2385 1030 2462 ταφης
1054 2371 1172 2458 χρόος’
1199 2374 1268 2437 ἐστὶ
1291 2385 1349 2451 της
1442 2376 1525 2437 Nam
1546 2375 1659 2438 funeris
1682 2383 1820 2456 sumptus
1843 2376 1920 2438 dotis
1943 2396 1995 2438 aes
2017 2376 2151 2439 alienum
2174 2385 2261 2439 estet

453 2478 590 2566 προικὸς
612 2480 670 2546 καλ
692 2490 779 2563 μειοῖ
791 2482 907 2558 αὐτήυε
924 2517 966 2530 -
1178 2482 1214 2543 fr.
1232 2486 1281 2545 18.
1299 2485 1348 2544 19.
1377 2483 1486 2544 minuit
1507 2502 1583 2544 eam.
2102 2484 2139 2546 fr.
2157 2486 2203 2546 18.
2219 2485 2259 2545 16.

365 2623 415 2677 ιδ’.
516 2611 591 2680 Ἐάν
608 2612 789 2689 ἐπιδιδοὺςθ
812 2616 891 2698 ὑπὲρ
906 2612 1061 2695 γυναικὸς
1076 2624 1200 2698 προῖιια
1215 2637 1349 2701 συμφω·
1443 2616 1488 2690 si,
1515 2616 1589 2678 data
1609 2637 1664 2696 pro
1685 2614 1811 2677 muliere
1833 2617 1917 2691 dote,
1940 2619 2116 2679 eonvenerit
2141 2628 2176 2680 ut
2195 2617 2260 2679 dues

452 2722 541 2800 νήσω
564 2719 604 2786 τδ
628 2721 779 2806 δίμοιρον
801 2720 980 2807 ἀναλαβεῖν
1001 2719 1057 2785 καὶ
1081 2718 1140 2786 τόν
1155 2720 1264 2805 ἄνδρα
1278 2743 1349 2806 ιιερ-
1376 2732 1476 2804 partes
1499 2743 1555 2803 ego
1582 2724 1743 2804 reciperem
1770 2731 1802 2785 et
1822 2724 1870 2785 vir
1895 2725 2014 2785 tertiam
2037 2733 2155 2805 partem
2177 2724 2260 2786 lucra·

453 2828 551 2893 δαυαι
575 2825 614 2892 τὸ
638 2829 753 2914 τρίτον
775 2826 831 2891 καλ
854 2826 953 2909 μηδὲν
976 2832 1019 2902 είς
1041 2826 1102 2905 τήν
1117 2826 1230 2916 ταφήν
1246 2826 1349 2892 δαπα-
1377 2839 1458 2892 retur
1479 2838 1511 2891 et
1531 2829 1606 2891 nihil
1628 2829 1660 2890 in
1682 2828 1773 2892 funus
1795 2830 1993 2911 impenderet,
2010 2830 2046 2915 ‚ai
2074 2831 2194 2912 quidem
2215 2851 2260 2910 ego

453 2947 565 3017 νήσαι,
593 2940 619 2999 εί
646 2934 704 3017 μὲν
726 2932 788 3016 ἐγὼ
813 2934 924 3020 θάψω
947 2932 1008 3011 τήν
1035 2944 1185 3016 γυναῖκα,
1209 2931 1248 2998 τό
1272 2934 1349 3017 σύμ
1377 2937 1532 2998 mulierem
1558 2935 1748 3012 funenvero,
1780 2936 1862 3000 valet
1887 2938 2016 3018 pactum'
2038 2947 2069 3000 et
2097 2938 2173 3000 nihil
2202 2948 2260 3020 peto

453 3063 568 3130 φωυον
594 3045 737 3128 ἔρρωται
764 3039 820 3104 ιιαλ
844 3041 905 3104 οὐκ
927 3043 1059 3106 ἀπαιτῶ
1087 3039 1147 3105 τὸν
1173 3042 1295 3128 ἄνδρα·
1323 3046 1350 3105 εί
1377 3045 1495 3118 avir03
1519 3044 1545 3105 si
1568 3052 1729 3106 extraneus
1750 3044 1942 3119 limeraverit,
1966 3044 2067 3107 aviro
2089 3046 2179 3126 petit3
2200 3065 2260 3106 nam

453 3149 487 3213 di
509 3149 608 3222 ἄλλος
632 3148 753 3235 θάψει,
773 3150 910 3212 ἀπαιτεῖ
926 3144 987 3211 τόν
1009 3148 1130 3233 ἀνδρα·
1154 3146 1193 3213 τδ
1211 3144 1278 3234 γάρ
1297 3148 1349 3226 δη-
1376 3151 1531 3232 publicum
1558 3151 1605 3212 ius
1632 3159 1721 3232 pacto
1747 3150 1869 3231 infringi
1891 3172 1953 3213 non
1980 3160 2089 3232 potest
2134 3151 2260 3229 Quodsi

452 3257 571 3337 μόσιον
593 3255 724 3319 δίκαιον
746 3255 785 3318 οὐ
806 3254 989 3339 βλάπτεται
1008 3252 1065 3319 διά
1079 3264 1142 3319 τοῦ
1157 3258 1349 3343 συμφώνου·
1376 3259 1467 3320 etiam
1498 3259 1669 3320 convenerit
1699 3266 1735 3319 ut
1768 3267 1864 3320 totam
1895 3259 1995 3321 dotem
2030 3258 2205 3340 reciperem,
2236 3266 2261 3319 et

453 3366 480 3426 el
513 3362 547 3425 di
579 3365 636 3426 ιιαλ
670 3363 889 3448 συυεφόυησα
923 3370 1037 3425 πᾶσαν
1074 3361 1253 3448 ἀναλαβεῖν
1290 3360 1350 3441 τήν
1377 3376 1496 3428 mortua
1517 3364 1641 3428 muliere
1662 3385 1814 3445 recepero,
1841 3365 1873 3426 in
1900 3365 2087 3446 sepulturam
2111 3365 2260 3429 conferam.

454 3478 577 3553 προῖκα
591 3466 649 3533 ιιαλ
667 3469 905 3546 τελευτησάσης
922 3469 1024 3545 αὐτῆς
1038 3468 1207 3555 ἀναλάβω,
1227 3490 1350 3533 συνεισ-
2124 3473 2161 3535 fr.
2177 3474 2215 3534 20
2231 3492 2261 3553 pr

454 3579 545 3665 φέρω
568 3580 612 3649 εἰς
634 3575 695 3654 τήν
717 3576 841 3664 ταφήυε
858 3612 900 3624 -
1195 3577 1231 3637 fr.
1248 3580 1289 3639 26
1306 3599 1349 3659 pr.

516 3708 549 3774 Ὁ
560 3706 656 3809 ἀνὴρ
679 3706 739 3786 τήν
762 3717 886 3794 προῖκα
906 3708 1088 3792 κερδαίνων
1103 3710 1272 3773 ὑπόκειται
1295 3707 1350 3774 ὅτε
1442 3711 1501 3774 Vir
1528 3713 1581 3792 qui
1607 3713 1709 3775 dotem
1735 3711 1870 3775 lucratur
1895 3721 2026 3787 tenetur,
2054 3734 2124 3775 curn
2152 3714 2190 3775 ait
2211 3711 2260 3796 [et]

454 3813 495 3894 ήν
516 3818 535 3880 ό
559 3838 638 3898 πηρ,
666 3821 693 3879 εί
719 3815 762 3897 μή
786 3818 856 3901 ἀρα
877 3817 995 3901 μετρία
1022 3809 1108 3880 οὖσα
1131 3817 1191 3880 οὐκ
1213 3816 1349 3904 ἐξαρκῇ·
1376 3828 1469 3899 pater,
1493 3820 1550 3881 nisi
1572 3818 1648 3881 forte
1670 3821 1780 3900 exigua
1801 3840 1870 3881 oum
1893 3820 1932 3881 sit
1954 3819 2033 3900 [dos]
2054 3840 2116 3882 non
2134 3819 2260 3882 sufficiat

454 3924 530 3987 τότε
553 3919 618 4006 γάρ
642 3925 661 3986 ὁ
685 3920 794 4007 πατήρ
818 3920 922 3999 αὐτήν
945 3924 1091 3987 θάπτειν
1113 3927 1268 4001 ενόχεταιε
1285 3961 1327 3971 -
1377 3934 1449 3988 tnnc
1472 3927 1552 3989 enim
1573 3936 1661 4008 pater
1682 3946 1748 3989 eam
1771 3926 1909 3990 firnaare
1932 3926 2056 4007 cogitur.
2101 3927 2198 3989 fauo.
2213 3929 2260 4003 51.

1166 4032 1349 4109 lr.20.51.

519 4142 592 4209 Ἐἀυ
614 4148 634 4221 ή
656 4129 722 4227 pipp
745 4145 918 4231 τελευτήσῃ
941 4144 999 4210 ιιαλ
1020 4147 1063 4227 μή
1087 4150 1176 4209 ἐστιν
1198 4147 1349 4232 ήιιληρσ-
1443 4147 1476 4211 Si
1508 4158 1604 4210 mater
1633 4156 1753 4211 mortua
1784 4148 1876 4210 fuerit
1906 4159 1938 4211 et
1968 4171 2029 4212 non
2057 4150 2098 4212 sit
2123 4149 2261 4211 heredites

455 4253 553 4332 νομία
584 4252 686 4328 αὐτῆς
717 4253 868 4336 εὔπορος,
899 4249 966 4316 ἀπὸ
997 4254 1097 4335 μόνης
1128 4264 1186 4330 τῆς
1214 4252 1350 4335 προιιιδς
1378 4256 1441 4318 eius
1464 4255 1618 4331 solvendo,
1642 4276 1679 4317 ex
1702 4255 1769 4317 sola
1790 4255 1860 4318 dote
1883 4255 2048 4319 funeratur.
2089 4258 2126 4319 fr.
2144 4261 2192 4320 20.
2207 4263 2222 4333 5
2237 4258 2260 4317 2.

455 4358 639 4422 θάπτεταιι
658 4393 700 4407 -
1162 4361 1198 4423 fr.
1216 4365 1299 4438 205
1321 4365 1349 4425 2.

403 4508 418 4560 ',
519 4489 552 4555 ‘O
574 4488 719 4568 ἐσχηκὼς
742 4490 935 4575 ὑπεξούσιου
950 4489 1021 4556 υἱὸν
1036 4490 1096 4557 τόν
1110 4493 1351 4570 τελευτήσαντα
1443 4495 1507 4573 Qui
1532 4495 1672 4559 habuerit
1697 4497 1729 4557 in
1749 4504 1899 4579 potestate
1921 4496 2030 4572 filium,
2057 4497 2111 4579 qui
2138 4508 2261 4559 mortuus

455 4598 605 4678 ἐνάμεται
621 4594 704 4681 πρός
719 4595 779 4674 τὴν
794 4597 893 4680 ἀξίαν
907 4597 964 4663 ιιαλ
974 4598 1034 4677 τήν
1049 4602 1167 4664 οὐσίαν
1182 4600 1298 4664 αὐτοῖς
1309 4637 1348 4649 -
1378 4612 1431 4678 est,
1454 4611 1573 4665 tenetur
1596 4601 1651 4687 [ad
1664 4603 1880 4687 funerandum]
1897 4604 2060 4668 seeundum
2075 4626 2163 4668 suam
2179 4604 2261 4685 digui-

1244 4708 1279 4772 fr.
1299 4712 1349 4771 21.
1378 4720 1471 4772 tatem
1493 4718 1525 4771 et
1547 4708 1756 4773 substantiam.
2170 4713 2204 4775 fr.
2219 4714 2261 4772 21.

519 4837 565 4901 Ἡ
587 4834 666 4919 γυνή
693 4835 750 4900 ιιαλ
777 4842 813 4901 ἐκ
838 4848 897 4914 τῆς
923 4836 1060 4924 προιιιδς
1086 4839 1142 4904 ιιαλ
1171 4852 1228 4918 τῆς
1251 4841 1351 4918 άλλης
1444 4842 1556 4905 Mulier
1576 4852 1608 4904 et
1629 4863 1667 4904 er
1689 4843 1759 4906 dote
1780 4855 1864 4907 etex
1878 4845 1983 4908 ceteris
2005 4846 2100 4928 ipsius
2115 4846 2201 4909 bonis
2215 4863 2261 4925 pro

455 4945 556 5020 αὐτῆς
579 4944 694 5018 οὐσίας
717 4945 887 5025 ἀναλόγως
906 4945 1077 5010 θάπτεται
1101 4945 1194 5031 παρά
1216 4958 1278 5012 τοῦ
1296 4951 1350 5013 ἀν·
1378 4950 1514 5032 portione
1535 4949 1693 5012 firneratur
1715 4951 1813 5014 aviro
1829 4961 1861 5013 et
1876 4952 1915 5014 ab
1938 4952 2052 5014 huede.
2101 4953 2138 5015 fr.
2155 4955 2204 5014 22.
2219 4953 2262 5013 23.

456 5047 535 5136 δρός
557 5048 614 5114 καλ
636 5059 698 5114 τοῦ
719 5051 938 5135 ιιληρουόμουι
955 5089 997 5099 -
1180 5057 1215 5118 fr.
1233 5059 1282 5118 22.
1300 5060 1350 5119 23.
1917 5048 1920 5051 ¹

368 5202 420 5255 ια’,
519 5184 826 5269 Ὑπεξαιρουμίυωυ·
843 5195 911 5247 τῶν
936 5185 1089 5267 λημάτων
1119 5186 1139 5265 ή
1172 5199 1240 5251 των
1269 5189 1351 5252 ἑλευ·
1444 5189 1590 5253 Deductis
1617 5190 1724 5271 legatis
1751 5200 1782 5254 et
1806 5191 1996 5255 libertatibus
2023 5202 2055 5255 et
2076 5214 2146 5256 aere
2168 5192 2261 5254 alieno

456 5292 584 5374 θεριῶυ
606 5290 625 5367 ή
648 5301 715 5355 τῶν
734 5300 855 5376 χρεωνε
871 5329 914 5339 -
1159 5296 1195 5357 fr.
1213 5300 1351 5360 24-26.
2080 5300 2261 5369 feet-so.

371 5441 420 5514 μμ,
521 5420 595 5487 Ἐάν
622 5426 641 5487 ὁ
669 5422 752 5506 ἀνήρ
780 5428 814 5487 ὲν
836 5437 1015 5490 συνεστῶτι
1043 5432 1090 5509 τῷ
1113 5431 1207 5512 γάμῳ
1235 5429 1350 5513 ἀποδῷ
1445 5431 1478 5493 si
1508 5432 1556 5494 vir
1586 5440 1743 5495 constante
1773 5433 1963 5496 matrimonio
1993 5434 2157 5496 reddiderit
2186 5430 2262 5494 uxori

457 5534 498 5616 τῇ
525 5534 649 5617 γαμετῇ
676 5529 736 5609 τήν
763 5539 886 5616 προῖκα
920 5529 1025 5616 ὲξῶν
1054 5539 1170 5599 αἰτιῶν
1203 5538 1221 5600 δ
1252 5539 1351 5619 νόμος
1378 5539 1479 5602 dotem
1505 5559 1544 5600 ex
1574 5539 1634 5602 illie
1662 5540 1774 5619 cauam,
1801 5540 1911 5622 quibus
1937 5543 2001 5603 iure
2032 5540 2077 5624 [id
2099 5540 2177 5624 fieri]
2205 5559 2263 5601 eon·

458 5639 627 5719 ἐπιτρέπει,
644 5637 704 5701 oda
718 5638 868 5721 ὲνάμεται
883 5644 925 5725 τῇ
940 5639 990 5704 ἐπὶ
1006 5645 1046 5728 τῇ
1061 5648 1154 5730 ταφῇ
1170 5645 1350 5730 ἀγωγῇε-
1379 5646 1502 5721 aedium,
1516 5666 1577 5708 non
1593 5648 1770 5712 convenitur
1784 5647 1904 5711 actione
1919 5649 2080 5711 mnenrie.
2112 5648 2262 5723 lr.27.51.

1168 5751 1203 5815 fr.
1220 5755 1271 5815 27.
1288 5760 1304 5830 5
1323 5756 1351 5815 1.

457 5835 667 5844 .——-.

530 5919 540 5952 ¹
556 5918 643 5974 habet
660 5918 726 5991 Syn.
815 5919 826 5953 ¹
840 5921 971 5994 χρεόστης
987 5925 1028 5981 sic
1046 5927 1105 5981 cod.
1190 5928 1201 5960 ⁸
1219 5927 1351 6004 ἀπαμυνιιι-

459 6005 560 6070 διδοὺςι
578 6028 658 6089 puras
675 6007 784 6064 lineolis
802 6009 953 6073 inductum.
