4978 7018
418 452 460 515 46
1012 449 1165 516 LIBER
1187 449 1327 519 XXXV.
1372 450 1461 516 ΤΙΤ.
1484 449 1577 517 VIII.
1600 450 1659 516 IX

418 636 453 695 ἐκ
480 642 538 709 της
565 630 735 707 διαθήκης
763 630 797 714 ἐξ
825 630 1015 695 σἰδιαθέτου
1041 655 1096 716 μοι
1123 633 1322 719 κληρονομεῖ
1345 654 1414 697 eum
1438 633 1495 695 suh
1518 653 1586 695 eam
1609 632 1813 701 condicionem
1841 654 1920 714 quoe
1947 635 1980 695 in
2006 635 2070 696 eius
2097 644 2249 716 potestate

418 737 520 813 αὐτὸς
543 740 561 801 ό
585 740 720 819 ἔγγονος
735 735 839 819 ὥςπερ
857 740 982 820 γίνεται
1003 736 1058 803 ὅτε
1080 739 1143 804 ύπδ
1167 741 1318 824 ἔξουσιω-
1346 741 1385 803 sit
1407 740 1537 821 scriptus
1551 740 1630 802 filius
1645 740 1791 802 morietur
1806 750 1971 823 antequem
1989 761 2056 804 eom
2073 741 2248 824 adimpleat

418 845 513 923 τικὴν
535 843 663 931 αἵρεσιν
686 846 705 907 ό
728 843 798 920 υἱὸς
820 844 962 932 γραφεὶς
978 847 1190 924 ἀποθνήσκει
1206 847 1283 933 πρὶν
1298 848 1318 926 ἢ
1973 848 2009 911 fr.
2027 849 2077 912 16.
2092 849 2133 911 Ι).
2150 851 2200 925 28,
2217 852 2246 911 2.

418 953 580 1038 πληρώσει
604 953 718 1028 αύτήν.
1045 956 1082 1017 fr.
1101 958 1150 1019 16.
1165 956 1205 1018 D.
1222 958 1272 1031 28,
1290 960 1318 1018 2.

340 1060 381 1124 εἴ·
482 1054 557 1123 Ἐάν
579 1057 770 1139 ληγατεύσω
794 1063 841 1140 τῷ
864 1062 924 1142 υἱῷ
946 1083 1011 1143 μου
1033 1061 1090 1125 καλ
1114 1065 1192 1126 εἴπω
1216 1061 1319 1127 αὐτόν
1413 1059 1446 1122 Si
1468 1060 1607 1142 legavero
1629 1062 1691 1123 filio
1713 1083 1780 1124 meo
1802 1071 1834 1125 et
1855 1063 1960 1126 dixero
1987 1082 2057 1125 eum
2080 1084 2118 1125 ex
2141 1064 2247 1126 ceteris

417 1171 453 1230 ἔκ
480 1176 547 1229 τῶν
574 1165 698 1229 λοιπῶν
725 1161 808 1230 εἶναι
835 1167 1040 1253 άπόκληρον,
1074 1170 1135 1233 ούκ
1161 1172 1318 1255 ἔρρωται·
1346 1168 1522 1230 exheredem
1550 1190 1629 1245 esse,
1658 1189 1720 1230 non
1746 1169 1841 1246 velet,
1868 1171 1940 1250 quie
1971 1190 2070 1251 neque
2098 1180 2247 1233 oertnrnm

417 1271 525 1350 ἐπειδὴ
553 1272 628 1337 ούτε
655 1274 675 1349 ἡ
703 1283 770 1336 τῶν
797 1272 904 1351 δήλων
931 1275 1138 1360 πραγμάτων
1165 1278 1319 1350 ἔνστασις
1345 1295 1446 1337 rerum
1468 1276 1618 1338 institutio
1640 1275 1732 1338 velet
2144 1277 2179 1339 fr.
2197 1281 2247 1340 19.

352 1433 354 1437 ,
417 1379 531 1458 ῖσχύει.
1215 1383 1251 1444 fr.
1269 1384 1319 1446 19.

330 1489 381 1542 ιδ’·
483 1483 557 1551 Ἐάν
572 1484 633 1551 τόν
647 1484 720 1551 υἱὸν
735 1487 928 1573 άπόκληρον
943 1489 1085 1566 ποιήσας
1101 1489 1200 1553 πάλιν
1215 1488 1320 1554 αὐτόν
1413 1490 1446 1553 Si
1468 1489 1530 1551 filio
1552 1489 1747 1565 exheredato,
1774 1511 1877 1553 rursus
1900 1510 1969 1552 eum
1997 1478 2144 1573 scripsero
2165 1491 2248 1553 here

417 1595 544 1681 γράφω
567 1594 783 1679 κληρονόμον,
807 1597 931 1675 γίνεται
954 1595 1167 1681 κληρονόμος.
1216 1598 1251 1661 tr.
1268 1602 1319 1661 21.
1346 1597 1424 1671 dem,
1446 1596 1533 1659 heres
1555 1597 1597 1658 fit
2143 1598 2180 1660 fr.
2196 1601 2246 1660 21.

481 1700 514 1766 Ὁ
541 1699 735 1783 ύπεξούσιος
762 1698 825 1765 ὑπὸ
853 1701 1008 1780 αἰτιατην
1035 1701 1163 1788 αἵρεσιν
1189 1707 1319 1790 γραφό·
1412 1703 1493 1766 Suus
1525 1704 1582 1766 suh
1614 1704 1796 1779 condicione,
1828 1725 1908 1785 quse
1935 1725 1995 1768 non
2022 1713 2101 1767 esset
2126 1705 2157 1766 in
2184 1706 2248 1767 eius

417 1830 514 1891 μενος
536 1808 741 1893 κληρονόμος
762 1806 820 1872 καλ
843 1806 907 1873 ύπδ
931 1807 991 1886 τὴν
1006 1811 1161 1874 ἔναντιάν
1176 1812 1319 1888 άπόκλη-
1347 1818 1508 1891 potestate,
1534 1810 1621 1873 heres
1649 1812 1777 1892 scriptus
1804 1822 1834 1874 et
1860 1812 1917 1873 suh
1944 1813 2096 1873 contraris
2123 1812 2247 1874 exheres

420 1937 491 2001 ρος,
515 1910 573 1978 ἐάν
596 1917 755 1998 ἔκατέρας
777 1918 957 2001 ἠρτημένης
975 1917 1152 2004 άποθάνη,
1176 1917 1319 2001 ἔξάδια-
1347 1918 1458 1991 foetus,
1486 1918 1511 1979 si
1533 1927 1662 1997 utreque
1683 1917 1833 1997 pendente
1855 1919 2014 1995 morietur,
2042 1919 2081 1981 eh
2104 1919 2248 1981 intestato

418 2022 527 2086 θέτον
542 2019 644 2096 αύτδς
659 2021 753 2086 δοκεῖ
763 2023 924 2103 γενέσθαι
939 2023 1155 2109 κληρονόμος.
1183 2025 1219 2089 fr.
1229 2028 1269 2089 28
1275 2048 1319 2107 pr.
1347 2024 1466 2086 videtur
1489 2024 1574 2085 heres
1597 2024 1748 2087 desedere.
2093 2025 2129 2086 fr.
2146 2028 2187 2087 28
2203 2047 2247 2106 pr.

323 2131 381 2185 κθ.
482 2125 558 2192 Ἐάν
579 2125 640 2193 τὸν
663 2128 879 2212 αὐτεξούσιον
902 2130 1094 2216 άπόκληρον
1116 2133 1243 2210 ποιήσω
1262 2131 1320 2196 καὶ
1414 2130 1448 2193 Si
1469 2129 1564 2191 filium
1588 2131 1620 2191 in
1642 2139 1792 2212 potestate
1810 2152 1879 2193 mes
1901 2132 2081 2194 exheredem
2103 2131 2199 2194 feeero
2219 2142 2249 2194 et

417 2232 478 2299 τόν
500 2234 696 2319 ύπεξούσιον
714 2238 968 2318 ἀμνημόνευτον,
992 2242 1011 2302 ό
1034 2239 1092 2322 μὲν
1107 2238 1321 2322 αύτεξούσιος
1347 2239 1570 2318 emancipatum
1585 2237 1650 2300 sine
1664 2240 1814 2301 mentione
1828 2241 2017 2320 praeteriero,
2041 2240 2248 2320 emancipatus

419 2343 459 2406 ού
475 2341 615 2408 δύναται
630 2353 763 2419 κινῆσαι
783 2343 843 2420 την
863 2347 1056 2409 ἐναντίωσιν
1070 2342 1160 2410 κατά
1175 2357 1234 2423 τῆς
1250 2346 1319 2410 δια·
1347 2365 1409 2405 non
1431 2352 1531 2424 potest
1552 2353 1654 2424 petere
1681 2354 1788 2407 eontra
1814 2345 1936 2408 tehulss
1963 2346 2112 2408 bonorum
2134 2367 2249 2427 posses·

419 2450 543 2529 θήκης,
560 2449 595 2533 ἐξ
610 2449 843 2514 άδιαθέτουδὲ
857 2452 1005 2516 καλεῖται
1023 2454 1186 2537 ἑκάτερος.
1216 2455 1251 2517 fr.
1268 2458 1319 2518 32.
1348 2451 1475 2524 sionem;
1499 2451 1538 2513 ab
1562 2452 1705 2513 intestato
1720 2460 1823 2512 eutem
1839 2461 1965 2533 uterque
1979 2463 2114 2515 vocetur.
2150 2454 2186 2515 fr.
2197 2457 2249 2517 32.

332 2560 381 2633 λγ.
483 2556 557 2619 Ἐάν
573 2578 622 2631 τις
639 2555 871 2640 διατιθέμενος
887 2555 992 2633 ούτως
1008 2563 1092 2646 εῖπη·
1116 2557 1184 2625 ἐὰν
1199 2557 1320 2638 vitot
1414 2557 1448 2620 si
1470 2560 1538 2638 quis
1560 2558 1592 2618 in
1615 2567 1795 2621 testamento
1818 2560 1862 2621 its
1884 2560 2007 2622 dixerit:
2030 2560 2075 2635 „si
2096 2560 2176 2622 filius
2198 2560 2249 2623 vel

419 2664 604 2748 θυγάτηρ
628 2664 755 2751 τεχθῇ
773 2685 837 2745 μοι
858 2669 947 2729 εῖσω
968 2665 1061 2730 δέκα
1079 2679 1206 2747 μηνῶν
1224 2665 1320 2750 μετὰ
1347 2665 1411 2727 filis
1437 2675 1581 2728 nosostur
1607 2665 1682 2726 mihi
1712 2667 1792 2727 intre
1824 2665 1928 2729 desem
1960 2687 2078 2729 menses
2108 2689 2128 2729 s
2154 2678 2250 2730 morte

418 2767 587 2852 τὴνέμην
603 2769 795 2852 τελευτὴν,
812 2768 961 2848 ἢούτως·
977 2770 1046 2836 tois
1060 2772 1176 2852 νῖδςλ
1193 2774 1319 2856 θυγά·
1347 2780 1434 2834 mes“
1456 2781 1511 2834 eut
1532 2773 1587 2835 sio:
1610 2772 1654 2846 „si
1676 2771 1756 2833 filius
1771 2772 1820 2835 vel
1841 2773 1904 2835 filis
1918 2776 2000 2835 intre
2015 2774 2118 2837 deeem
2133 2795 2251 2838 menses

420 2898 489 2961 τηρ
519 2874 625 2951 όςτις
652 2882 742 2941 εἴσω
774 2877 867 2942 δέκα
894 2890 1023 2961 μηνῶν
1053 2891 1130 2944 τῶν
1157 2881 1319 2963 ἔγγυτά·
1347 2880 1501 2960 proximos
1528 2900 1548 2941 ο
1575 2889 1671 2942 morte
1697 2900 1767 2941 mes
1788 2890 1965 2955 nmosntur,
1992 2881 2119 2943 heredes
2142 2890 2250 2944 sunto“

420 3005 497 3047 των
520 2988 571 3065 τῷ
596 2984 763 3067 θανάτῳ
778 3008 852 3067 μου
866 2986 1058 3067 τεχθῶσι,
1082 2988 1319 3073 κληρονόμοι
1349 2987 1413 3049 eive
1435 2986 1506 3049 vivo
1529 3006 1565 3049 eo
1580 2996 1754 3061 nascentur,
1777 2987 1841 3049 εἰπε
1863 2996 1933 3067 post
1950 2996 2077 3050 mortem
2092 2988 2155 3051 eius
2170 2989 2253 3050 intre

419 3092 611 3171 ἔστωσαν,
628 3095 691 3155 εἴτε
707 3093 830 3172 ζῶντος
845 3093 951 3157 αὐτοῦ
965 3094 1145 3174 τεχθῶσιν,
1162 3099 1224 3160 εἴτε
1238 3092 1321 3177 μετά
1349 3093 1452 3156 deoem
1483 3113 1611 3167 menses,
1642 3093 1726 3156 velet
1753 3103 1980 3169 testamentum
2012 3094 2178 3156 absurdum
2204 3104 2253 3158 est

420 3198 579 3261 θάνατον
601 3198 713 3279 αὐτοῦ,
737 3202 813 3262 εἴσω
837 3209 904 3263 τῶν
920 3199 1000 3264 δέκα
1014 3212 1125 3283 μηνῶν
1144 3203 1320 3287 ἔρρωσθαι
1350 3202 1431 3262 enim
1462 3201 1585 3262 inritum
1616 3200 1681 3263 fieri
1708 3209 1922 3263 testamentum
1954 3202 2018 3263 eius
2050 3202 2102 3283 qui
2129 3203 2253 3265 minime

419 3303 480 3382 τὴν
496 3303 679 3381 διαθήκην·
696 3307 825 3370 ἄτοπον
840 3308 906 3393 γάρ
917 3311 1007 3370 ἔστιν
1019 3310 1187 3394 άφανύσαι
1199 3309 1321 3386 διαθη-
1349 3307 1478 3370 voluerit
1499 3317 1656 3389 postumus
1684 3306 1785 3391 [snos]
1812 3309 1876 3369 sine
1902 3309 2054 3371 mentione
2080 3310 2252 3389 praeterire.

419 3432 481 3488 κην
495 3408 618 3497 άνδρδς
631 3411 786 3494 μηδαμοῦ
794 3413 1025 3499 βουληθέντος
1044 3412 1122 3490 τοὺς
1134 3437 1322 3503 κυοφορου-
2018 3436 2042 3477 0·
2061 3419 2087 3476 1·
2103 3416 2137 3479 0·
2154 3418 2183 3490 6,
2200 3418 2252 3477 29·

418 3522 535 3600 μένους
544 3519 809 3601 ἀμνημονεύτους
818 3522 1087 3586 καταλείπεινε-
1104 3523 1321 3599 onemo.

264 3713 402 3879 1¹1³·st
671 3749 849 3819 τασαν,
869 3750 1069 3806 sinuosos
1552 3749 1913 3818 nunnuslxnmnr
1930 3751 2044 3806 xxxv
2272 3741 2397 3869 ινξρε-

287 3843 322 3896 vr·
335 3844 357 3879 τ·
394 3866 400 3879 ·
2357 3856 2362 3866 ·

494 3877 556 3946 περὶ
575 3872 746 3946 κληρονόμων
763 3873 914 3939 όνστάσεως
931 3879 976 3930 καὶ
993 3875 1245 3941 ύποκατοοτὰσεως.
1474 3875 1509 3930 de
1527 3875 1660 3931 heredum
1678 3876 1853 3931 institutione
1872 3883 1900 3931 et
1918 3874 2122 3930 substitutione.

331 4010 382 4083 κγ,
491 3996 603 4074 Ούτως
625 3995 728 4063 εἶπον·
752 4004 893 4087 πέτρος
915 4002 981 4067 καλ
1004 4004 1150 4079 παῦλος
1173 4003 1193 4081 i>
1216 4002 1322 4079 όςτις
1416 4000 1467 4064 Ite
1493 4002 1569 4064 dixi:
1601 4002 1728 4077 „Petrus
1756 4012 1787 4065 et
1812 4003 1929 4065 Paulus
1959 4002 2009 4066 vel
2040 4012 2109 4064 uter
2139 4023 2178 4064 ex
2208 4003 2253 4064 eis

420 4106 459 4189 ἔξ
486 4107 615 4170 αὐτῶν
637 4108 680 4194 ζῇ
708 4111 805 4172 ἔστω
831 4131 905 4191 μου
931 4110 1187 4196 κληρονόμος,
1216 4115 1243 4174 εἰ
1265 4111 1323 4194 μὲν
1349 4110 1432 4171 vivet
1459 4118 1523 4170 esto
1550 4109 1624 4171 mihi
1655 4110 1770 4172 heres“:
1804 4112 1829 4172 si
1856 4111 1976 4191 quidem
2005 4120 2133 4190 uterque
2159 4109 2254 4183 vivet,

421 4216 454 4278 ol
481 4213 541 4277 δύο
564 4215 653 4294 ζῶσι,
676 4215 952 4299 κληρονομοῦσιν·
980 4220 1008 4281 εἰ
1035 4216 1069 4282 δὲ
1097 4213 1183 4291 όεῖς
1205 4217 1322 4282 ἐτελεύ·
1350 4214 1501 4299 [uterque]
1541 4216 1627 4278 heres
1663 4217 1727 4290 fiet;
1765 4218 1791 4278 si
1830 4225 1930 4278 sutem
1969 4217 2045 4278 alter
2082 4216 2254 4291 decesserit,

421 4342 528 4401 τησεν,
545 4322 564 4383 ό
579 4324 690 4406 ἔτερος
705 4326 749 4396 εῖς
765 4319 803 4386 τδ
820 4334 887 4387 πᾶν
901 4324 1109 4409 κληρονομεῖ.
1132 4328 1236 4388 ἔνεστι
1255 4321 1322 4408 γάρ
1351 4322 1427 4384 alter
1449 4324 1481 4383 in
1504 4323 1633 4384 solidum
1656 4324 1743 4385 heres
1765 4323 1826 4385 fiet.
1871 4325 1951 4386 inest
1968 4325 2048 4385 enim
2070 4324 2253 4385 institutioni

421 4431 462 4515 τῇ
492 4430 643 4492 ἔνστάσει
668 4426 824 4515 σιωπηρά
853 4430 1142 4505 ύποκατάστυσις·
1171 4428 1210 4495 τό
1239 4429 1322 4496 αὐτὸ
1350 4429 1446 4490 tacite
1468 4430 1656 4493 substitutio:
1679 4430 1759 4492 idem
1776 4429 1848 4514 [est]
1866 4440 1898 4493 et
1912 4431 1943 4491 in
1958 4430 2059 4509 legato
2081 4430 2140 4492 hoe
2163 4430 2253 4491 modo

419 4533 477 4599 καλ
500 4534 551 4599 ὲπλ
574 4535 722 4615 ληγάτου
744 4536 898 4612 ὡςαύτως
920 4539 1224 4621 καταλειφθέντοςε
1240 4577 1282 4588 -
1349 4535 1463 4597 relicto.
1891 4537 1927 4598 fr.
1944 4539 2083 4600 24-26.
2098 4537 2139 4599 D.
2156 4540 2207 4612 28,
2223 4541 2253 4600 ό.

963 4646 999 4707 fr.
1016 4649 1155 4710 24-26.
1169 4647 1210 4709 D.
1227 4649 1277 4722 28,
1294 4654 1323 4711 5.

492 4746 577 4824 Τούς
615 4749 752 4825 δούλους
790 4762 857 4814 τῶν
895 4751 1083 4833 δυναμένων
1120 4754 1321 4841 γράφεσθαι
1417 4750 1527 4813 Servos
1550 4771 1655 4813 eorum
1677 4752 1729 4831 qui
1750 4750 1877 4813 heredes
1899 4750 2017 4813 institui
2038 4759 2167 4831 possunt
2183 4749 2254 4811 lieet

419 4857 634 4943 κληρονόμων
662 4856 839 4939 δυνάμεθα
866 4860 1011 4946 γράφειν
1032 4860 1271 4944 κληρονόμους·
1304 4864 1322 4925 ὁ
1350 4857 1474 4919 heredes
1506 4858 1650 4931 seribere;
1682 4878 1754 4919 nsm
1781 4878 1887 4920 servus
1916 4877 1955 4918 ex
1982 4877 2111 4937 persons
2138 4856 2252 4918 domini

419 4962 485 5050 γάρ
515 4963 631 5039 δοῦλος
663 4970 699 5029 ἔκ
730 4967 912 5049 προσώπου
938 4975 1001 5030 τοῦ
1028 4966 1192 5032 δεσπότου
1219 4969 1324 5032 αὐτοῦ
1350 4965 1397 5026 tui
1419 4963 1513 5026 habet
1534 4964 1878 5027 testamentifactionem·
1925 4964 1968 5026 Et
1990 4984 2113 5026 servum
2139 4963 2252 5026 herodi·

419 5075 483 5149 ἔχει
511 5081 573 5135 τοῦ
598 5073 813 5158 κληρονομεῖν
841 5071 1003 5156 ἐξουσίαν.
1053 5072 1111 5137 καὶ
1138 5071 1178 5138 τδ
1205 5075 1323 5159 κληρο-
1351 5073 1461 5133 tarium
1484 5069 1592 5155 [reete]
1616 5072 1816 5133 instituimus:
1844 5071 1967 5133 domins
1994 5072 2074 5132 enim
2101 5080 2147 5132 est
2169 5070 2253 5131 here

419 5185 572 5260 νομιαῖον
586 5181 775 5266 γράφομεν·
800 5178 958 5244 δέσποινα
972 5181 1039 5264 γάρ
1056 5185 1147 5245 ἔστιν
1169 5181 1323 5265 ηκληρο-
1350 5178 1430 5240 dites
1453 5178 1553 5241 loeum
1574 5177 1688 5240 hebens
1708 5178 1853 5240 defuncti
1897 5178 1933 5238 fr.
1944 5179 1984 5240 31
1996 5198 2040 5259 pr.
2052 5183 2068 5254 ξ
2082 5180 2110 5239 1.
2120 5177 2160 5238 Ι).
2171 5179 2252 5252 285.

419 5287 519 5367 νομέα
541 5286 647 5350 τόπον
670 5289 796 5364 ἔχουσα
818 5294 880 5350 τοῦ
901 5287 1175 5364 τελευτησαντοςε
1192 5324 1234 5336 -

919 5393 954 5456 fr.
972 5398 1011 5458 31
1029 5399 1153 5475 pr.§l.
1168 5396 1208 5457 D.
1226 5399 1276 5472 28,
1293 5402 1322 5459 5.

359 5558 366 5573 ,
491 5496 543 5563 Τά
573 5504 683 5581 μέντοι
712 5504 800 5586 χρέα
831 5496 915 5586 πρὸς
946 5497 965 5565 δ
996 5498 1087 5565 κατὰ
1117 5497 1156 5564 τδ
1189 5502 1323 5588 ἀκριβές
1417 5498 1519 5562 Onero
1540 5519 1624 5573 vero,
1652 5498 1819 5560 seeundum
1841 5497 1873 5559 id
1896 5518 1936 5560 ex
1958 5517 2019 5579 quo
2040 5518 2147 5579 respse
2170 5497 2252 5558 here

419 5605 680 5689 κληρονομεῖται,
704 5612 877 5672 τουτέστιν
900 5605 967 5673 ἀνά
989 5605 1089 5690 ἣμισυ
1112 5608 1242 5674 δίδοται
1265 5609 1323 5673 καὶ
1350 5606 1403 5668 des
1425 5605 1510 5680 fiunt,
1533 5606 1610 5667 idest
1631 5626 1685 5686 pro
1713 5606 1837 5667 semisse
1861 5606 1979 5666 dentsu.
2025 5612 2056 5666 et
2078 5605 2104 5666 si
2126 5604 2252 5666 exoedst

421 5709 478 5776 ἐάν
501 5712 681 5800 ύπερβαίνη
705 5712 744 5779 τὸ
767 5712 858 5779 κατὰ
880 5724 942 5779 τοῦ
963 5713 1034 5789 ἑνός
1057 5716 1204 5799 άρμόζον
1223 5720 1323 5800 χρέος
1350 5714 1495 5787 debitum,
1527 5712 1609 5792 quod
1632 5722 1738 5774 eontra
1761 5711 1891 5773 alterum
1915 5720 2075 5792 competet,
2107 5731 2171 5772 rem
2194 5710 2253 5791 ipsi

421 5816 461 5883 τό
483 5820 716 5908 καταλειφθὲν
743 5826 836 5903 αύτῷ
856 5832 1003 5906 πρᾶγμα,
1027 5824 1211 5907 άκυροῖται
1235 5824 1255 5899 ἡ
1276 5825 1323 5885 ἔν-
1350 5820 1501 5894 relictam,
1545 5821 1658 5881 nullius
1696 5819 1843 5881 momenti
1879 5828 1927 5881 eet
1967 5818 2125 5882 institutio.
2181 5816 2252 5879 Ful·

493 5998 502 6029 ¹
521 5986 617 6069 θυοδ.
