4876 7034
934 342 1296 435 terrearaouans.¹
1491 350 1496 363 '
2002 391 2050 436 m

258 540 390 607 Graecis
411 540 520 611 addidi
542 541 721 605 versionem
742 538 882 605 latinam.
926 538 963 605 la
986 564 1048 628 qna
1068 539 1264 607 conficienda
1285 541 1388 624 magis
1418 542 1451 606 id
1474 544 1545 627 egi,
1567 554 1602 606 ut
1629 541 1753 608 Graeca
1774 540 1927 623 fideliter,
1956 564 2052 632 quam

169 659 203 711 nt
230 666 327 709 aurea
351 643 509 707 latinitate
529 643 709 707 redderem:
742 652 923 709 versionem
956 657 1081 723 textus,
1111 666 1205 731 quam
1233 640 1473 708 Ηιιιιιιιιοιιιιιι
1500 659 1574 730 post
1596 645 1679 711 alios
1702 647 1848 725 dederat,
1878 645 1951 710 bnic
1975 667 2052 711 con·

169 753 243 816 silio
257 747 505 812 accommodavi.
551 743 585 808 ln
599 748 754 830 margine,
775 745 956 834 exemplum
970 746 1119 812 Bronarr
1135 760 1166 809 et
1179 744 1387 809 Herrtnacarr
1401 761 1565 834 sequutus,
1587 747 1676 814 lacos
1699 752 1800 815 textui
1823 751 2049 815 convenientes

168 876 210 918 ex
228 850 398 937 Digestis,
423 846 541 912 Codice
562 870 599 911 ac
620 846 766 916 Novellis
789 851 942 916 excitavi.
986 850 1074 915 Inlra
1099 850 1253 916 accedunt
1279 860 1391 931 nome,
1420 848 1503 915 aliae
1529 853 1570 918 ad
1597 863 1717 916 textum
1743 848 1826 917 aliae
1853 852 1893 917 ad
1916 850 2050 932 scholia,

168 958 295 1023 criticae
317 954 520 1042 potissimum
543 949 671 1016 indolis.

965 1112 969 1131 '
1044 1153 1081 1242 s.
1130 1147 1192 1221 ιο.

251 1316 411 1383 Editionis
436 1317 629 1381 meseratio
653 1316 694 1381 ab
717 1337 774 1400 ea,
797 1337 877 1404 qnae
898 1316 1054 1382 Flanona
1075 1329 1107 1381 et
1129 1312 1340 1383 Hrtvrntcrno
1362 1316 1498 1404 placuit,
1527 1339 1565 1382 eo
1585 1320 1785 1405 potissimum
1814 1314 1940 1396 differt,
1967 1314 2052 1403 quad

170 1421 296 1489 scholia
316 1441 400 1484 nova
423 1416 518 1506 plane
541 1419 689 1484 methodo
712 1422 866 1485 adornavi
888 1433 920 1484 et
940 1422 1139 1506 pertractavi.
1181 1418 1254 1496 Qua
1278 1422 1317 1484 de
1339 1443 1374 1485 re
1396 1421 1455 1485 hac
1476 1420 1548 1485 laea
1570 1432 1713 1507 repetere
1734 1417 1822 1497 nala,
1847 1440 1928 1505 qnae
1949 1420 2052 1483 insius

122 1558 127 1565 ·
171 1526 331 1613 disputavi
354 1524 387 1585 in
413 1518 585 1585 annalibus
606 1519 763 1587 Brcarnstr
786 1538 818 1588 et
838 1523 1047 1589 Scanatnanr
1068 1522 1248 1610 (labrgang
1274 1522 1322 1587 lV
1343 1522 1421 1588 Helt
1440 1522 1487 1589 Vl
1510 1524 1546 1589 S.
1568 1526 1628 1589 49⁵
1645 1562 1684 1572 —
1699 1528 1787 1604 499).

259 1641 385 1706 Scholia
410 1639 559 1705 Basilicis
588 1644 733 1728 primitus
762 1645 892 1722 addita,
927 1641 1001 1708 licet
1029 1665 1254 1729 nonnunquam
1284 1646 1505 1709 adnotationes
1535 1648 1727 1710 recentiores
1758 1644 1797 1709 ad
1821 1645 1892 1729 ipsa
1914 1638 2053 1707 Basilice

177 1744 361 1822 exhibeant,
386 1743 570 1830 plerumque
592 1758 697 1809 tamen
720 1762 856 1834 excepta
878 1759 952 1811 sunt
972 1767 1015 1810 ex
1036 1748 1273 1810 commentariis
1295 1748 1506 1832 antiquiorum
1526 1745 1689 1825 lCtarnm,
1716 1749 1769 1833 qui
1791 1745 1893 1811 tribus
1914 1758 1947 1810 et
1969 1745 2054 1830 quad

176 1850 315 1913 excurrit
347 1845 484 1910 saeculis
513 1861 586 1910 ante
614 1846 826 1913 Basilicarum
857 1856 1112 1937 repurgationem
1142 1851 1292 1911 vixerunt
1322 1862 1353 1911 et
1384 1851 1424 1911 ad
1458 1848 1610 1933 Digesta,
1646 1848 1796 1914 Codicem
1826 1870 1863 1912 ac
1895 1844 2052 1911 Novellas

173 1952 372 2016 commentati
394 1961 476 2012 sunt.
519 1947 609 2015 Haec
630 1954 726 2037 igitur
750 1951 871 2016 scholia
893 1952 1173 2037 interpretationes
1193 1951 1327 2013 lontiurn
1350 1953 1429 2014 iuris
1452 1949 1654 2031 lustinianei,
1690 1973 1792 2038 neque
1820 1970 1895 2015 vero
1923 1952 2050 2036 proprie

171 2052 382 2118 Basilicarum
405 2056 582 2127 continent,
611 2066 642 2115 et
664 2066 698 2116 ut
720 2067 805 2118 recte
825 2053 963 2139 intelligi
984 2055 1124 2138 possint,
1156 2054 1371 2137 quaerendum
1390 2063 1457 2134 est,
1483 2076 1661 2139 equanam
1684 2065 1813 2119 anctore
1836 2053 1876 2116 ad
1899 2071 2053 2136 quosnam

170 2155 260 2221 locos
282 2158 351 2219 sive
374 2153 582 2239 Digestorum
606 2157 675 2218 sive
697 2154 825 2221 Codicis
851 2160 919 2221 sive
942 2154 1150 2221 Novellarum
1172 2157 1291 2241 scripta
1315 2158 1388 2218 sint.
1431 2154 1499 2219 lam
1531 2178 1624 2237 vera,
1657 2178 1752 2244 quum
1771 2156 1934 2241 indagatio
1958 2153 2053 2217 buius

170 2262 235 2337 rei,
259 2260 287 2322 ei
309 2277 371 2341 qun
395 2255 479 2336 alia,
503 2259 543 2320 ad
567 2256 707 2322 officium
729 2262 860 2324 editoris
881 2257 1093 2325 Basilicarum
1115 2259 1273 2343 pertinere
1295 2258 1471 2338 videretur,
1503 2280 1564 2344 qua
1587 2264 1690 2345 magis
1712 2256 1850 2323 Basilica
1872 2276 1931 2320 sua
1953 2256 2052 2318 iater-

169 2357 313 2446 pretibns
335 2360 415 2422 iuris
437 2356 573 2423 Romani
594 2362 847 2444 commendaret,
880 2363 1097 2425 oeconomiam
1120 2358 1327 2437 scholiorum,
1362 2374 1508 2424 naturam
1528 2359 1732 2448 indolemque
1754 2359 2053 2425 commentariorum

174 2484 217 2527 ex
247 2461 362 2547 quibus
394 2462 539 2524 desumta
571 2476 660 2539 sunt,
692 2464 816 2528 dicendi
842 2465 1086 2548 disputandique
1112 2482 1215 2545 genus
1239 2464 1352 2548 eurique
1381 2465 1501 2526 auctori
1528 2467 1690 2550 proprium
1717 2464 1858 2549 penitius
1887 2461 2053 2545 exquirere
2080 2534 2088 2551 ,

174 2558 291 2629 studui.
335 2563 385 2626 lta
414 2562 542 2626 tandem
566 2565 713 2628 effectum
742 2579 807 2642 est,
839 2578 874 2627 nt
903 2564 1041 2629 indolem
1064 2567 1312 2649 uniuscuiusque
1336 2562 1450 2627 scholii
1476 2563 1608 2629 definire
1639 2586 1736 2653 posse
1758 2562 1835 2627 mibi
1863 2565 1952 2627 visus
1978 2563 2050 2641 sint,

173 2668 270 2730 mado
291 2666 417 2729 indiciis
439 2664 522 2728 band
546 2667 705 2752 ambiguis
726 2670 821 2732 suado
841 2670 1032 2733 coniecturis
1055 2664 1225 2748 tantum*).
1266 2664 1377 2752 ltaque
1400 2669 1432 2729 in
1456 2666 1560 2732 fronte
1581 2665 1699 2733 latinae
1721 2666 1879 2730 versionis
1901 2665 2052 2749 cuiusque

176 2768 291 2834 scholii
329 2780 360 2829 et
391 2780 551 2831 auctorem
585 2770 813 2857 (Stephanum,
843 2772 1061 2855 Ananymum,
1095 2768 1391 2855 Euantiophanem,
1420 2766 1596 2853 Cyrillum,
1625 2768 1798 2849 Cobidam,
1826 2763 2050 2847 Thalelaeum,

177 2867 418 2949 Theodorum)
445 2871 579 2934 indicavi
614 2887 646 2935 et
670 2872 775 2937 locum
805 2874 940 2938 fantium
966 2875 1045 2936 iuris
1070 2871 1259 2936 lastinianei
1292 2872 1332 2934 ad
1359 2892 1452 2957 quem
1473 2875 1601 2958 proprie
1630 2874 1810 2959 pertineret.
1855 2866 1927 2945 Qua
1955 2870 1989 2931 in
2016 2888 2051 2931 re

176 2973 278 3059 probe
301 2974 421 3052 sentia,
444 2986 592 3058 quantam
610 2973 706 3039 fidem
730 2997 749 3037 a
771 2973 944 3041 lectoribus
966 2974 1044 3038 mihi
1066 2975 1241 3037 vindicem:
1262 2976 1402 3038 rationes
1423 2987 1530 3038 autern
1554 2997 1609 3039 cur
1631 2977 1678 3039 sic
1698 2972 1750 3039 vel
1774 2976 1821 3037 sic
1840 2968 2052 3049 definiverim,

177 3076 333 3139 adducere
354 3072 484 3159 longum
505 3075 628 3143 luisset.
672 3076 764 3152 Quae
793 3077 985 3164 generaliter
1016 3077 1175 3161 disputare
1202 3074 1392 3161 poesim³de
1414 3078 1597 3142 auctoribus
1625 3078 1836 3162 antiquiorum
1859 3070 2052 3139 scholiorum

175 3191 207 3241 et
233 3179 272 3241 de
300 3180 533 3241 commentariis
561 3200 670 3243 eornm
696 3180 877 3268 exquibus
909 3180 989 3245 haec
1011 3176 1134 3243 scholia
1164 3179 1203 3240 ad
1227 3174 1366 3241 Basilica
1394 3183 1601 3266 transscripta
1627 3191 1714 3256 sunt,
1743 3176 1823 3240 baec
1846 3177 1953 3240 amnia
1975 3172 2051 3245 alirn

172 3283 236 3343 iarn
254 3278 341 3342 brevi
361 3293 495 3344 tractatu
518 3285 693 3369 campasita
715 3282 835 3370 publici
856 3285 935 3347 iaris
958 3283 1018 3345 leci
1040 3283 1090 3373 inn
1105 3278 1274 3343 annalibus
1298 3277 1461 3369 Brcrrranr
1484 3295 1516 3347 et
1533 3288 1739 3365 ,Senecione
1769 3278 1952 3363 (labrgang
1973 3274 2051 3340 Vlll

171 3380 376 3481 BeingS,
390 3384 619 3466 ,iet-..iiten
645 3408 745 3474 esque
767 3384 903 3450 lectores
925 3404 1006 3470 roga
1029 3397 1064 3447 ut
1078 3372 1203 3446 ‘attente
1222 3381 1351 3468 legant,
1380 3406 1442 3470 qno
1465 3389 1568 3472 magis
1591 3382 1716 3453 scholia
1734 3378 1943 3451 Basilicarum
1967 3389 2051 3448 reete

171 3487 310 3555 iudicent
332 3499 364 3551 et
385 3487 425 3551 ad
447 3491 737 3575 interpretationem
763 3490 842 3554 iuris
865 3486 1052 3552 Iustiniaaei
1074 3484 1255 3553 adhibeant.¹

1042 3752 1081 3841 s.
1122 3748 1184 3820 ll.

477 3919 537 3992 ΙΙΙ.
591 3922 650 3997 Ile
676 3919 766 3996 libet
786 3919 889 3997 xix
909 3921 1170 3999 Basilicarum
1195 3930 1436 4000 restitutione
1459 3946 1486 4000 n
1506 3945 1563 3998 me
1591 3926 1750 3999 tentata.

259 4091 312 4159 Be
339 4091 542 4156 restitutione
575 4089 648 4156 libri
679 4087 762 4155 XIX
787 4089 998 4158 Basilicarum
1022 4106 1097 4178 past
1127 4092 1314 4158 Fennorun
1344 4109 1375 4161 et
1405 4094 1648 4160 Hernascnruar
1674 4093 1777 4157 denuo
1804 4113 1824 4157 a
1856 4113 1908 4157 me
1934 4104 2056 4159 tentata

174 4195 282 4261 brevis
310 4216 415 4259 serma
446 4207 528 4260 esto.
572 4194 801 4259 Hnrnnscrrrus
835 4193 968 4257 meliora
997 4192 1094 4281 lange
1119 4209 1151 4259 et
1177 4193 1324 4280 pleniora
1355 4199 1458 4279 dedit,
1490 4217 1585 4283 quarn
1611 4194 1797 4261 l'snnartis.
1836 4194 1899 4261 Sed
1930 4196 2056 4261 fervore

174 4299 358 4362 restituendi
383 4319 421 4361 eo
444 4296 593 4384 abreptus
616 4311 674 4377 est,
696 4312 732 4362 nt
750 4320 792 4362 ex
806 4296 958 4360 subsidiis
979 4296 1164 4362 lontibnsve
1181 4297 1321 4364 Basilica
1341 4321 1400 4363 sua
1422 4302 1591 4364 restituere
1610 4294 1759 4381 voluerit,
1782 4320 1864 4386 quae
1881 4299 2056 4382 genuinum

177 4398 387 4465 Basilicarum
408 4411 528 4463 textum
552 4421 748 4486 nequaquam
777 4410 1027 4485 repraesentant.
1071 4399 1126 4463 Sic
1150 4403 1195 4465 tit.
1215 4408 1231 4464 l
1254 4422 1321 4486 cap.
1337 4403 1367 4464 4.
1389 4404 1410 4465 5
1433 4399 1516 4477 (1.4.
1535 4405 1565 4464 6.
1588 4421 1635 4484 pr.
1658 4398 1700 4465 Ι).
1725 4397 1850 4478 XVIII,
1864 4402 1896 4484 l)
1919 4403 2058 4465 restituit

177 4500 319 4565 ePhotii
339 4500 586 4582 Namacanane,
620 4517 650 4566 et
676 4502 819 4566 eiusdem
845 4500 907 4565 laci
931 4500 1012 4566 alias
1035 4505 1203 4567 versiones
1236 4503 1322 4565 addit
1344 4524 1386 4567 ex
1407 4501 1602 4568 (Tollectione
1624 4504 1882 4568 constitutionum
1904 4502 2055 4567 ecclesia-

177 4607 341 4669 sticarum:
371 4625 558 4691 quamquam
580 4605 713 4671 Photius
735 4601 885 4669 Basilicis
908 4623 972 4667 nan
1010 4617 1058 4668 est
1079 4626 1175 4681 nans,
1208 4617 1239 4670 et
1267 4607 1337 4690 ipse
1364 4604 1596 4671 Harmancnrtis
1625 4617 1738 4669 natare
1767 4625 1899 4670 necesse
1927 4604 2055 4670 habuit:

175 4705 343 4793 „Uterque
386 4706 477 4771 lacus
514 4729 533 4770 e
562 4707 645 4773 Call.
682 4718 783 4771 canst.
819 4703 894 4769 eccl.
927 4706 1091 4771 desumtus
1127 4720 1248 4772 textum
1286 4709 1412 4792 quidem
1449 4707 1659 4773 Basilicarum
1693 4727 1758 4771 nan
1793 4710 1955 4773 continet:
1996 4729 2057 4773 nec

174 4834 252 4875 vero
274 4814 383 4895 putavi
406 4832 477 4872 eum
503 4813 727 4890 omittendum,
755 4830 826 4874 curn
849 4809 923 4874 huic
943 4808 1037 4874 valde
1056 4808 1170 4874 similis
1193 4811 1274 4875 sit.“
1313 4809 1412 4896 Atqui
1441 4810 1502 4875 hoc
1534 4810 1677 4897 prolecta
1712 4831 1776 4873 nan
1811 4822 1860 4875 est
1891 4814 2057 4875 restituere

173 4912 326 4992 Basilica,
352 4913 407 4976 sed
425 4916 534 4998 patius
555 4917 719 4979 versiones
741 4912 883 4977 locorum
906 4913 984 4975 iuris
1006 4911 1195 4976 Iustinianei
1215 4934 1272 4997 per
1291 4913 1398 4979 fantes
1420 4917 1499 4979 iuris
1519 4912 1811 4980 Graeco-Barneui
1831 4914 1994 4999 dispersas
2015 4915 2057 4979 ed

175 5017 319 5081 ordinem
338 5013 549 5080 Basilicarum
569 5017 601 5080 in
619 5037 715 5079 unum
737 5013 904 5099 colligere!
948 5014 1118 5079 Praeterea
1140 5013 1371 5081 Hatntrtcmus
1392 5019 1432 5082 ad
1453 5019 1685 5082 restitutionem
1706 5013 1781 5080 libri
1802 5011 1886 5079 XIX
1904 5012 2055 5099 Tipucita

174 5139 254 5183 usus
282 5130 340 5182 est.
384 5115 416 5180 Is
439 5131 545 5181 autern
569 5122 695 5182 nanaisi
717 5116 927 5182 indicationes
952 5121 1132 5202 argumenti
1166 5120 1234 5182 sive
1263 5123 1436 5184 summaria
1466 5119 1664 5206 singulorum
1686 5118 1836 5204 deinceps
1859 5120 1997 5203 capitum
2026 5128 2059 5181 et

174 5221 349 5286 thematum
371 5221 513 5284 cuiusvis
533 5220 616 5285 tituli
638 5231 799 5304 praestat,
833 5233 867 5283 ut
893 5240 971 5284 sane
993 5221 1071 5285 duce
1094 5241 1133 5284 eo
1153 5222 1311 5286 restitutio
1335 5222 1407 5288 fieri
1428 5222 1543 5288 debeat
1553 5272 1563 5302 ‚
1592 5225 1664 5308 ipse
1686 5234 1791 5286 autem
1812 5231 1916 5283 textus
1938 5216 2058 5282 Basili-

176 5343 285 5388 carum
309 5342 351 5383 ex
375 5342 413 5384 eo
435 5324 558 5387 restitui
581 5336 728 5407 nequeat.
770 5320 871 5406 Igitur
891 5324 996 5385 minus
1018 5337 1103 5387 recte
1125 5324 1199 5388 lecit
1219 5324 1467 5407 Hernatcrnns,
1490 5325 1572 5410 quad
1596 5320 1733 5410 'l'ipuciti
1757 5324 1932 5386 summaria
1955 5321 2057 5386 textui

175 5429 320 5491 restituta
342 5426 524 5506 immiscuit,
546 5434 663 5491 rectius
685 5425 838 5505 lactarus,
860 5420 1084 5508 siTipucitum
1101 5427 1259 5511 integrum
1281 5431 1452 5514 separatim
1474 5427 1627 5491 edidisset
1648 5439 1702 5490 aut
1724 5427 1827 5491 textui
1850 5422 2051 5491 subiecisset.

258 5645 286 5712 ¹)
310 5648 375 5695 illud
398 5662 475 5697 unum
497 5647 561 5697 mihi
584 5665 636 5699 nan
659 5651 770 5713 contigit
778 5687 786 5714 ,
810 5654 838 5700 ut
857 5650 920 5714 qisee
941 5667 976 5703 ex
994 5652 1122 5713 Anonymi
1140 5653 1272 5715 Digestis,
1300 5667 1412 5713 quaeque
1437 5665 1471 5701 ex
1489 5652 1603 5701 eiusdem
1622 5653 1734 5702 sectaris
1759 5652 1826 5702 libro
1853 5652 1977 5716 singulsri
1994 5651 2056 5723 περὶ
2091 5712 2094 5725 Ι

172 5732 363 5803 {consepseris
380 5735 496 5785 desumta
509 5740 606 5799 essent,
626 5752 684 5786 ase
703 5738 812 5788 invicem
829 5746 897 5789 recte
916 5741 1109 5802 distinguerem.
1136 5744 1176 5787 ite
1193 5743 1228 5800 tit,
1246 5741 1275 5785 nt
1289 5743 1496 5801 queeAnonymo
1514 5741 1657 5804 tribuerim,
1673 5755 1851 5802 nonnunquam
1865 5740 2055 5800 Eneutiopbenl
2088 5768 2094 5799 ς

173 5820 328 5870 vindicanda
346 5822 406 5874 sint.
429 5850 463 5861 —
486 5826 621 5875 Caeterum
647 5825 692 5873 bec
715 5827 850 5874 occasione
872 5828 930 5874 date
948 5828 1026 5876 etiarn
1051 5829 1077 5875 ld
1103 5831 1192 5877 notare
1219 5839 1312 5886 operae
1335 5827 1445 5887 pretinm
1464 5831 1519 5889 esi,
1546 5824 1721 5897 παραγραφάς
1737 5825 1865 5888 Anonymi
1881 5827 1912 5873 od
1933 5838 2056 5873 summam
2079 5862 2083 5875 ι,

172 5910 338 5969 Digestorum
357 5911 387 5956 ab
406 5907 462 5968 ipso
478 5912 645 5974 conscriptam
663 5916 691 5961 nt
707 5913 843 5975 plurimum
860 5928 912 5964 non
935 5929 993 5965 esse
1012 5915 1065 5965 nisi
1087 5916 1212 5977 epitomes
1231 5912 1342 5962 indicum
1364 5914 1406 5963 vel
1422 5914 1633 5981 adnotationum,
1660 5929 1720 5979 qaas
1739 5914 1881 5979 stephanus
1900 5913 1932 5964 sd
1948 5913 2056 5980 tergeste
2077 5932 2098 5953 ³1-

172 5995 200 6047 ir
216 5989 307 6049 aleses
326 5996 533 6067 conscripserat..
