4842 7018
484 466 546 532 150
1063 469 1217 536 LIBER
1238 470 1359 537 LVIII.
1404 470 1497 537 TIT.
1519 470 1624 537 XVII
1647 468 1722 536 XX

544 647 578 713 ‘0
604 654 640 712 έκ
667 659 728 712 τοῦ
758 652 867 735 ἀγροῦ
895 673 959 733 μου
991 656 1035 725 είς
1062 648 1106 715 τά
1133 651 1254 735 δένδρα
1280 653 1384 717 αὐτοῦ
1476 653 1540 731 Qui
1561 672 1600 714 ex
1622 652 1716 714 fundo
1739 672 1808 713 meo
1830 652 1862 712 in
1885 651 2007 713 arbores
2031 672 2101 712 suas
2117 654 2184 715 vites
2198 666 2265 718 τετε

481 755 644 836 ἀμπέλους
665 754 863 838 μεταγαγὼν
885 761 912 821 εί
935 759 1068 845 κωλύσῃ
1092 755 1132 823 τό
1155 757 1262 842 ἀγρόν
1279 760 1384 824 αὑτοῦ
1410 759 1520 833 tulerit,
1544 760 1569 821 si
1592 759 1641 821 oui
1663 759 1791 821 fundum
1814 778 1902 819 suum
1926 758 2094 821 vendiderit
2112 771 2184 822 recte
2201 764 2267 825 eido

480 885 554 941 τινι,
580 864 690 938 καλῶς
713 860 817 927 αότόν
840 863 1108 949 διαμαρτύρομαι
1136 863 1197 940 τάς
1221 868 1383 947 ἀμπέλους
1395 872 1397 885 “
1411 868 1524 941 nuntio,
1548 876 1583 928 ut
1597 866 1676 929 vites
1690 866 1846 947 praecidat
1864 873 1919 927 aut
1933 865 2056 929 edictali
2071 865 2209 929 interdicto
2220 882 2268 931 utor

481 973 679 1056 περιτέμνειν
706 970 726 1047 l>
753 975 801 1053 toi
824 973 949 1054 νομίμῳ
973 973 1222 1055 παραγγέλματι
1248 984 1380 1057 χρῶμαι
1410 974 1510 1036 deso
1536 974 1603 1036 looo
1630 973 1683 1035 ubi
1709 973 1817 1035 vitium
1843 971 1961 1034 radiosa
1988 974 2176 1035 matinontrr.
2212 979 2269 1057 quod

480 1075 553 1162 περὶ
584 1087 645 1142 τοι]
676 1079 790 1159 τόπον,
822 1083 857 1142 έν
889 1071 914 1161 ᾧ
947 1082 983 1143 αί
1014 1079 1101 1163 ῥίζαι
1133 1090 1199 1143 τῶν
1231 1081 1382 1161 ἀμπέλων
1410 1082 1436 1142 si
1466 1081 1629 1162 prohibeat
1658 1100 1707 1141 me
1739 1080 1912 1159 praecidere
1943 1079 1993 1143 vel
2019 1079 2127 1142 duoere
2149 1081 2213 1143 vites
2233 1096 2270 1145 aut

481 1187 698 1268 περιέχονται.
739 1190 765 1249 εί
789 1186 823 1248 δέ
844 1185 981 1250 κωλύσει
1004 1208 1043 1268 με
1065 1187 1260 1268 ἀποτέμνειν
1283 1187 1302 1264 l>
1325 1186 1381 1251 καί
1395 1138 1397 1221 l
1410 1189 1531 1250 omnino
1554 1208 1623 1250 mea
1644 1186 1751 1261 oolere,
1774 1185 1836 1249 vim
1858 1186 1897 1248 ds
1920 1187 2108 1268 possessione
2132 1187 2196 1249 iaoit
2212 1191 2269 1251 nihi

480 1293 618 1373 ἀγαγεῖν
633 1290 711 1366 τούς
726 1293 890 1374 ἀμπέλους
912 1292 932 1369 ἢ
955 1290 1040 1367 ὀλως
1061 1303 1215 1377 γεωργεῖν
1243 1289 1288 1358 τά
1310 1288 1397 1376 έμά,Ι
1957 1291 1994 1355 fr.
2011 1298 2040 1356 3.
2056 1299 2074 1370 5
2091 1298 2120 1356 4.
2133 1294 2169 1355 D.
2182 1297 2225 1370 tt,
2237 1300 2270 1358 17.

479 1398 559 1484 βίαν
574 1397 625 1463 ἐπὶ
641 1403 682 1485 τῇ
698 1404 781 1486 νομῇ
797 1408 887 1464 ποιεῖ
896 1421 965 1481 μοις
983 1437 1025 1448 -
1057 1401 1093 1463 fr.
1105 1406 1133 1463 3.
1145 1408 1161 1478 ξ
1172 1407 1202 1463 4.
1218 1401 1257 1463 Ι).
1267 1404 1319 1477 43,
1332 1405 1381 1464 17.

548 1505 880 1589 Δανειστίγςόέτερός
893 1530 944 1581 τις
957 1511 1002 1582 είς
1015 1505 1264 1593 παραφυλακὴν
1279 1508 1381 1592 πράγ·
1475 1508 1616 1572 Creditor
1643 1508 1759 1570 aliusve
1787 1508 1855 1588 quis
1881 1507 1913 1568 in
1939 1506 2107 1569 custodiam
2132 1508 2171 1570 rei
2194 1509 2272 1571 missus

479 1634 586 1694 ματος
613 1611 780 1698 πεμφθείς
804 1616 844 1677 ού
863 1615 1026 1697 χρήσεται
1043 1619 1090 1697 τῷ
1114 1616 1238 1697 νομίμῳ
1254 1635 1382 1699 παραγ·
1410 1636 1469 1678 non
1492 1624 1594 1678 utetur
1615 1615 1785 1677 interdicto:
1810 1634 1866 1676 neo
1888 1614 1967 1676 enim
1986 1615 2129 1697 possidet
2158 1614 2188 1675 fr.
2197 1620 2220 1677 3.
2232 1619 2272 1692 58.

479 1719 628 1802 γύλματι·
652 1719 726 1784 ούόέ
748 1718 815 1805 γάρ
838 1724 980 1803 νέμεταιε
997 1759 1038 1769 -
1221 1723 1256 1785 fr.
1273 1727 1302 1784 3.
1319 1728 1335 1799 5
1353 1727 1381 1784 8.

727 1967 846 2023 ΤΙΤΛΟ(Ι
866 1970 906 2038 Κ’,
925 1968 1056 2022 ΒΙΒΛΙΟΥ
1076 1970 1134 2022 ΝΗ’
1615 1967 1782 2025 TITULUS
1800 1967 1865 2036 XX,
1883 1966 1988 2022 LIBRI
2007 1966 2104 2023 LVIII

497 2097 559 2167 περὶ
577 2095 762 2166 καθημερινοῦ
779 2091 877 2156 ύόατος
894 2096 939 2146 καὶ
958 2096 1071 2167 θερινοῦ
1089 2099 1213 2167 καὶπερὶ
1231 2097 1359 2168 ῥείθρων.
1523 2095 1564 2165 ιὀο
1582 2110 1657 2166 aqua
1674 2094 1828 2148 cottidiana
1845 2100 1875 2148 et
1892 2093 2000 2148 aestiva
2018 2094 2101 2148 etde
2119 2094 2188 2149 rivis

546 2221 605 2293 Εἰς
628 2215 684 2282 οἷα
713 2219 804 2282 θέλω
825 2223 906 2302 μέρη
934 2229 996 2284 τοῦ
1023 2222 1130 2302 ἀγροῦ
1151 2242 1216 2303 μου
1238 2221 1319 2284 έλκω
1342 2218 1382 2285 τό
1476 2222 1514 2282 In
1535 2219 1690 2303 quaslibet
1710 2220 1797 2282 firndi
1812 2222 1871 2283 mei
1892 2230 1995 2301 partes
2010 2241 2124 2301 aquam
2141 2221 2209 2282 duoo
2224 2222 2275 2283 etsi

482 2325 579 2408 ὕδωρ,
611 2323 677 2389 κάν
707 2322 768 2389 τόν
799 2323 893 2407 ἐγγύς
921 2324 1028 2411 ἀγρόυ
1059 2328 1220 2411 ἀγοράσω
1251 2326 1309 2391 καὶ
1339 2333 1382 2401 είς
1409 2329 1581 2410 proximum
1603 2327 1732 2391 fundum
1750 2347 1967 2409 eomparavero
1987 2328 2081 2390 etiam
2103 2328 2276 2389 ineumrsote

481 2429 585 2495 αὐτὸν
608 2432 836 2515 deridebitur,
860 2438 886 2496 εἰ
901 2433 945 2515 μὴ
960 2433 1099 2518 βλάπτω
1115 2430 1176 2498 τόν
1189 2435 1495 2518 κρατοῦνταόιτοο,
1518 2435 1577 2496 nisi
1598 2434 1676 2497 forte
1698 2454 1822 2496 nooeam
1845 2435 1873 2496 ei
1895 2434 1947 2515 qui
1969 2442 2054 2496 tenet
2078 2454 2193 2514 aquam,
2214 2434 2276 2496 sisui

481 2535 520 2603 τό
544 2535 643 2623 ύόωρ,
671 2537 775 2623 ὥςπερ
798 2538 854 2604 καί
879 2543 897 2603 ὀ
920 2545 1005 2618 έχων
1027 2542 1177 2625 πάροόον
1205 2541 1223 2618 ἢ
1246 2542 1382 2605 έλασίιιν
1409 2544 1462 2623 qui
1483 2542 1577 2604 habet
1598 2550 1701 2603 aetum
1723 2561 1778 2603 seu
1800 2542 1891 2615 viam,
1914 2561 1984 2602 oum
2002 2540 2097 2603 semel
2113 2540 2144 2600 in
2158 2541 2275 2621 proprium

480 2644 538 2710 έάν
565 2643 657 2729 ἀπαξ
680 2650 724 2720 είς
751 2645 791 2710 τό
821 2646 906 2710 ίόιου
933 2649 1082 2734 ἀσελθῃ,
1115 2645 1200 2712 ὅθεν
1225 2647 1379 2732 βούλεται
1410 2650 1584 2731 pervenerit,
1607 2668 1669 2728 qus
1690 2647 1759 2710 vult
1780 2648 1953 2728 ingreditur.

482 2756 675 2832 είσέρχεταιε
692 2752 753 2801 -¹
1004 2756 1039 2817 fr.
1059 2760 1085 2817 1.
1103 2763 1119 2832 5
1140 2759 1189 2818 16.
1204 2756 1244 2818 D.
1261 2760 1312 2830 43,
1330 2760 1380 2818 20.
1936 2755 1972 2817 fr.
1991 2759 2018 2816 1.
2035 2762 2051 2831 5
2074 2759 2123 2816 16.
2137 2754 2175 2816 D.
2188 2757 2232 2827 43,
2244 2756 2277 2813 20.

546 2861 587 2923 El
609 2859 774 2943 βουληθῶ
793 2861 885 2943 μῖξαι
906 2864 953 2942 τῷ
969 2861 1128 2943 ἑλκομένῳ
1145 2857 1240 2925 ύόοιτι
1260 2866 1380 2946 ἕτερον,
1475 2862 1508 2925 Si
1534 2862 1658 2925 voluero
1685 2862 1809 2924 miseere
1835 2882 1934 2942 aquae
1960 2863 2073 2925 ductae
2099 2862 2198 2935 uliam,
2223 2874 2278 2923 reus

481 2968 599 3050 ὀρθῶς
630 2964 720 3030 κατά
758 2964 883 3041 παντὸς
920 2977 981 3031 τοῦ
1012 2968 1174 3051 έλκυσμοῶ
1203 2967 1381 3050 κωλύομαι,
1409 2977 1473 3031 toto
1505 2969 1598 3030 duotu
1629 2968 1802 3049 prohibeor,
1834 2970 1923 3030 sicuti
1955 2970 1980 3030 si
2011 2969 2106 3050 plura
2136 2965 2278 3050 peoorasd

480 3071 584 3157 ίόςπερ
608 3072 666 3137 καί
684 3079 710 3136 εἰ
727 3073 862 3138 πλείονα
879 3074 1060 3158 θρέμματα
1076 3076 1222 3155 ποτίσαι,
1245 3071 1292 3138 ὧν
1307 3076 1381 3157 ἐξῆν
1409 3096 1518 3157 aquam
1542 3074 1701 3157 appellere,
1723 3095 1815 3156 quam
1838 3075 1912 3137 mihi
1936 3075 2092 3157 appellere
2114 3077 2227 3138 licuerit.

504 3203 534 3244 οι
559 3182 713 3244 ποτίειυε
731 3177 794 3227 —²
1264 3186 1380 3245 17.18.
2060 3182 2099 3244 fr.
2118 3186 2144 3244 1.
2193 3184 2233 3241 ll.
2247 3182 2279 3240 18.

479 3202 503 3261 μ
546 3286 587 3350 Εἰ
618 3182 774 3362 κῖιλύσεις
800 3309 838 3369 με
866 3288 968 3351 έλκειν
999 3286 1056 3351 καί
1083 3286 1206 3372 μεταξύ
1228 3189 1380 3352 ἀπολέσω
1475 3288 1508 3351 si
1530 3288 1720 3370 prohibueris
1742 3310 1791 3351 me
1805 3289 1914 3350 duoere
1936 3298 1966 3351 et
1988 3290 2108 3351 interea
2121 3188 2279 3350 {adducendi

479 3390 519 3458 τό
536 3393 666 3458 δίκαιον
681 3403 742 3458 τοῦ
756 3394 866 3474 έλκειν,
883 3394 1163 3458 ἀποκαθίσταται
1181 3391 1380 3459 ὀάπώλεσα·
1409 3395 1544 3469 emisero,
1569 3395 1600 3456 id
1623 3395 1703 3475 quod
1726 3394 1814 3457 amisi
1842 3394 2018 3457 restituitur.
2066 3395 2159 3458 Etsi
2183 3394 2279 3456 fundum

478 3500 535 3564 καὶ
567 3506 593 3564 εί
618 3501 758 3578 πωλόσω
783 3498 843 3564 τόν
868 3500 983 3583 ἀγρὸν,
1015 3506 1059 3575 είς
1086 3498 1125 3564 ὀυ
1150 3498 1257 3565 εἷλκον
1281 3499 1380 3586 ύὸωρ,
1408 3501 1578 3575 vendidero,
1601 3503 1736 3583 inquom
1760 3522 1872 3582 aquam
1888 3502 2045 3576 duoebam,
2070 3513 2153 3565 reate
2167 3522 2229 3582 ago;
2246 3498 2279 3558 εό-

478 3608 588 3682 καλῶς
609 3618 704 3671 κινῶ·
731 3605 820 3672 κατά
848 3604 973 3682 παντὸς
994 3607 1207 3682 κωλύσαντος
1233 3617 1514 3743 κινεῖταιρυετευε
1542 3609 1678 3689 quemvis
1705 3607 1914 3690 prohibentem
1942 3608 2055 3688 agitur,
2085 3611 2150 3672 sive
2174 3606 2281 3669 domium

479 3720 541 3778 εἴτε
558 3714 719 3789 δεσπότης
741 3712 831 3777 ἐστίν
849 3718 911 3777 εἴτε
926 3714 982 3778 καί
998 3713 1052 3796 μὴ,
1075 3714 1132 3778 καὶ
1149 3714 1299 3779 δουλείαν
1314 3712 1380 3799 γάρ
1409 3715 1456 3789 sit,
1479 3716 1543 3778 sive
1566 3715 1674 3791 minus,
1696 3736 1768 3777 nam
1791 3724 1822 3778 et
1836 3715 2011 3778 servitutem
2034 3727 2118 3777 reete
2140 3733 2281 3795 aquosum

480 3819 574 3905 παρά
597 3818 722 3895 παντὸς
744 3821 853 3895 καλῶς
875 3820 1007 3885 έκόικῶε
1024 3859 1066 3869 -
1206 3824 1380 3898 523-25.
1408 3842 1467 3903 qus
1488 3822 1617 3885 vindico.
2038 3821 2076 3885 fr.
2097 3829 2124 3885 1.
2141 3829 2157 3899 ἕ
2174 3822 2281 3884 23-25.

548 3928 666 4001 Καλῶς
689 3949 726 3990 σε
748 3927 862 3991 κωλύω
885 3932 919 3991 έν
942 3932 989 4009 τῷ
1012 3930 1106 4009 ἀγρῷ
1129 3924 1318 3991 ὀθεν·έλκω
1341 3925 1380 3992 τό
1474 3929 1570 3991 Reete
1601 3938 1631 3991 te
1662 3929 1805 4011 prohibeo
1837 3929 1997 4009 quominus
2029 3930 2062 3989 in
2096 3929 2199 4001 fundo,
2225 3925 2281 3987 unde

479 4033 567 4117 ύόωρ
592 4034 742 4115 ὀρύττειν
765 4034 908 4115 σπείρειν
934 4038 1095 4116 ἐκτέμνειν
1121 4033 1288 4098 κλαόεύειυ
1314 4036 1381 4097 κτί-
1409 4057 1519 4118 aquam
1542 4037 1628 4110 duoo,
1650 4036 1754 4098 fodeas
1777 4046 1832 4097 aut
1854 4056 1935 4098 seras
1957 4036 2100 4098 suooidss
2123 4044 2206 4117 putes
2225 4031 2281 4094 aedi·

479 4143 552 4222 ζειν,
581 4141 622 4203 δι’
649 4138 695 4204 ὧν
722 4138 761 4205 τὸ
785 4137 873 4224 ύόωρ
896 4141 1067 4222 μολύνεται
1098 4140 1115 4218 ip
1143 4142 1337 4205 ἐλαττοῦται
1361 4140 1380 4218 lp
1410 4144 1487 4217 flues,
1510 4164 1569 4223 quo
1593 4163 1673 4224 aqua
1694 4143 1866 4223 inquinetur
1895 4142 1943 4204 vel
1965 4143 2156 4205 diminuatur
2176 4140 2221 4204 vel
2238 4158 2281 4200 ουτ·

479 4250 659 4334 φθείρεται
688 4247 707 4325 λγ
732 4257 847 4330 χεῖρον
873 4248 1012 4328 γίνεται·
1045 4244 1084 4310 τὸ
1113 4246 1196 4311 αὐτὸ
1223 4246 1280 4311 καί
1309 4247 1379 4329 περὶ
1407 4260 1566 4331 rumpatur
1588 4249 1637 4312 vel
1652 4250 1782 4312 deterior
1795 4249 1857 4310 liat.
1895 4250 1974 4311 idem
1993 4250 2079 4311 etde
2095 4247 2282 4330 aquaaestivs

480 4355 525 4418 θε
548 4364 619 4419 ινοῦ
641 4352 745 4418 ύόατο
768 4356 855 4416 :-⁸
1330 4359 1379 4418 27.
2130 4356 2207 4417 ful.
2248 4352 2282 4412 ll.

527 4377 684 4544 ρἜξεστιν
703 4376 818 4524 ὀέςσοι
843 4471 1055 4545 παραχωρεῖν
1082 4459 1162 4535 ὥςτε
1188 4461 1268 4542 μηδὲ
1290 4362 1379 4590 ιξόωρ
1473 4463 1561 4525 Lioet
1586 4463 1641 4526 tibi
1668 4464 1715 4524 ius
1743 4463 1856 4537 eadere,
1889 4472 1922 4524 ut
1948 4464 2014 4544 ipse
2041 4483 2176 4543 nequeas
2201 4359 2282 4539 adun

479 4567 655 4632 δύνασθαί
676 4590 712 4631 σε
735 4569 853 4648 ζητεῖν·
874 4569 906 4652 [5
925 4568 981 4652 28]
1005 4566 1109 4654 φησίν
1129 4569 1150 4631 ὀ
1167 4570 1317 4651 ποαίτωρ
1337 4567 1394 4653 μὴ
1407 4590 1564 4650 quaerere:
1588 4570 1619 4653 [5
1637 4570 1693 4654 28]
1711 4571 1754 4632 ait
1768 4579 1890 4651 praetor
1904 4589 1965 4631 non
1983 4570 2143 4650 prohiberi
2158 4578 2187 4630 te
2201 4584 2283 4646 aqum

477 4672 674 4738 κωλύεσθαί
690 4696 726 4738 σε
741 4676 843 4739 έλκειυ
858 4672 988 4756 ύόωρ
970 4696 1014 4749 ως
1029 4679 1125 4757 ἐντῷ
1141 4678 1261 4760 πρώτῳ
1286 4677 1394 4781 θέρει
1407 4677 1515 4739 duoere
1537 4688 1572 4739 ut
1594 4678 1693 4757 priore
1716 4686 1831 4739 aestate
1858 4675 1989 4738 duxeras
2016 4697 2074 4738 neo
2102 4677 2135 4739 ri
2158 4695 2209 4736 neo
2226 4670 2282 4733 olan

479 4779 638 4863 είλκυσας,
659 4804 699 4844 ου
718 4781 778 4866 βια
797 4804 836 4845 ου
826 4782 1023 4865 ’λα’θρα’
988 4804 1028 4844 ου
1047 4783 1200 4865 παρακλη
1202 4804 1259 4846 σει.
1293 4781 1378 4846 δίόο-
1392 4784 1463 4929 ροσε
1477 4783 1619 4865 precario.
1649 4783 1740 4845 datur
1755 4792 1857 4845 autem
1872 4793 1903 4844 et
1917 4783 1995 4845 inter
2009 4783 2138 4846 heredes
2153 4795 2184 4845 ot
2196 4788 2283 4859 empto

478 4910 533 4950 ται
558 4887 592 4950 dd
619 4886 675 4951 καὶ
703 4885 827 4971 μεταξυ
853 4889 1067 4971 κληρονόμων
1094 4911 1150 4952 και
1179 4891 1454 5074 ἀγοραστῶν,τεε
1478 4899 1509 4952 et
1531 4910 1716 4971 possessores
1737 4890 1795 4951 hoo
1817 4890 2021 4952 interdictum.
2131 4890 2166 4952 fr
2183 4893 2208 4950 1.
2222 4886 2283 4963 §29

477 4991 595 5057 καίεο
621 4997 683 5057 έων
706 5017 753 5058 πα
776 5018 799 5057 οι
843 4995 876 5058 ελ
947 5017 1060 5058 rouro:
1077 5031 1119 5041 -
1328 4999 1379 5058 29

541 5098 614 5164 ‘¹0
597 4996 1016 5184 λύμεοιυύνρίγζιυκμτῖρινὸν
1043 5099 1203 5183 έλκυσμόν
1230 5106 1313 5179 έχων
1341 5104 1380 5165 ού
1472 5104 1535 5181 Qui
1556 5103 1686 5169 interdiu
1708 5103 1758 5165 vel
1772 5112 1864 5165 noctu
1879 5104 2003 5165 ductum
2024 5103 2124 5166 habet
2141 5124 2199 5166 non
2212 5108 2284 5183 potet

478 5207 617 5270 δύναται
641 5212 675 5270 έν
697 5208 779 5293 ἀλλιγ
803 5206 876 5289 ὥρα
894 5209 1006 5272 έλκεινε
1024 5208 1086 5256 -4
1298 5210 1333 5271 fr.
1351 5212 1378 5269 2.
1407 5211 1468 5272 alia
1488 5211 1566 5273 hora
1587 5212 1704 5273 duoere
2226 5207 2283 5267 9ῐυῖ

546 5314 614 5378 Καὶ
638 5319 682 5388 είς
705 5312 744 5377 τό
768 5314 922 5397 ύόρεῶσαι
946 5314 1002 5378 καὶ
1027 5320 1071 5388 είς
1093 5314 1257 5397 ποτισμόν
1277 5316 1378 5397 θρεμ-
1472 5317 1563 5378 Etad
1578 5317 1765 5398 irrigandum
1775 5326 1805 5380 et
1815 5327 1850 5378 ut
1863 5317 2134 5398 peousadaquam
2143 5315 2285 5398 adpellata

477 5422 593 5502 μάτων
608 5444 664 5484 και
657 5419 725 5495 είς
741 5425 861 5505 τέριγιν
876 5399 1054 5503 ὀύυοιμεθα
1069 5423 1234 5485 έλκειν.-
1258 5424 1378 5504 fr.3pr
1405 5434 1436 5485 et
1457 5433 1579 5505 propter
1600 5424 1812 5486 amoenitatem
1836 5424 1944 5486 duoere
1965 5444 2141 5504 possumus
2181 5425 2284 5498 futur

547 5528 712 5591 Δύνανται
729 5529 791 5591 πολ
793 5526 843 5591 ,οὶ
867 5534 902 5591 ἐκ
918 5551 978 5591 του
993 5538 1145 5609 ποταμοῦ
1161 5529 1312 5612 ύόρεύειν,
1336 5528 1393 5665 pb⁴
1472 5531 1607 5592 Possunt
1627 5531 1730 5612 plures
1752 5551 1790 5593 ex
1812 5529 1935 5592 flumine
1958 5550 2072 5611 aquam
2098 5533 2215 5602 dooere,
2233 5528 2283 5587 dun

477 5632 682 5717 βλάπτοντες
710 5633 787 5708 τούς
810 5637 973 5715 γείτονας·
1002 5639 1028 5697 εί
1052 5635 1086 5697 ὀέ
1110 5637 1224 5709 στενός
1247 5640 1336 5699 ἐστιν
1360 5639 1445 5699 dns
1472 5646 1601 5699 nooeant
1622 5637 1744 5711 vioiuis;
1772 5637 1797 5698 si
1824 5658 1896 5699 vero
1923 5647 2090 5716 angustum
2119 5647 2168 5700 est
2192 5636 2283 5697 tuno

479 5739 636 5822 ποταμὸς,
651 5741 731 5823 μηόέ
747 5739 855 5805 τόνέν
871 5747 911 5827 τῇ
927 5741 1008 5827 ἀλλρ
1025 5743 1132 5827 ὀχθῃε
1148 5772 1191 5789 -
1228 5743 1443 5869 ύτ.3.ξ1.ἰττε
1465 5746 1493 5806 ei
1516 5745 1635 5825 quidem
1659 5745 1710 5825 qui
1734 5745 1765 5805 in
1788 5744 1849 5805 alia
1872 5745 1938 5826 ripa
1960 5754 2014 5808 est
2153 5745 2187 5808 fr.
2203 5740 2283 5817 ³.§l·

551 5916 663 5971 ¹habet
681 5916 747 5989 Syn.
829 5916 943 5973 ’habet
960 5916 1027 5989 Syn.
1108 5917 1223 5973 ⁸habet
1241 5917 1307 5989 Syn.
1391 5872 1393 5993 l

478 6005 593 6065 ⁴habet
610 6005 677 6081 Syn.
1391 5998 1393 6025 ¹
