4842 7018
389 396 431 459 88
1022 395 1174 462 LIBER
1196 394 1313 461 XLIV.
1357 396 1438 463 l'l'l'.
1460 395 1585 462 XVIH.

389 573 549 658 λεάθερος
571 573 628 638 καλ
652 577 671 638 d
695 572 765 650 οἰός
788 578 893 640 αὐτοῦ
914 574 986 659 ἅμα
1001 577 1216 654 τελευτήσωσι
1235 572 1291 639 διά
1319 576 1383 639 eius
1398 577 1489 639 simul
1504 578 1613 639 mortui
1628 578 1696 651 sint,
1724 587 1847 658 propter
1870 578 2012 641 honorem
2037 580 2164 660 patroni,
2189 588 2228 641 ut

389 679 449 758 τήν
471 680 568 762 τιμήν
590 690 652 745 τοῦ
666 682 844 765 πάτρονος,
868 682 924 747 ίνα
938 684 1178 770 κληρονομήσῃ,
1202 683 1295 746 δοκεῖ
1319 684 1476 747 succedere
1497 685 1601 766 possit,
1624 684 1744 747 videtur
1766 693 1856 747 antea
1877 684 2040 747 decessisse
2062 686 2150 748 filius

389 788 610 871 προτελευτάν
632 791 809 864 δνίόςι-
957 792 993 853 fr.
1011 794 1039 853 9.
1057 798 1073 868 5
1091 793 1120 853 2.
1135 791 1175 853 D.
1194 794 1244 865 34,
1261 793 1290 852 2.
2059 792 2224 870 ir.9.52.

455 902 524 968 Kal
541 901 596 967 ὅτε
619 904 692 989 περί
715 905 853 990 κέρδους
867 902 1005 989 προικός
1029 915 1199 971 σκοπεῑται
1223 917 1291 970 τῶν
1384 904 1462 967 Cum
1491 907 1528 969 de
1555 906 1639 969 lucro
1660 906 1738 969 dotis
1761 907 1924 988 quaeritur,
1953 908 2131 988 coniugibus
2153 930 2224 991 par·

388 1012 551 1074 συνοίκων
595 1007 666 1090 ἄμα
702 1012 928 1076 τελευτώντων
964 1015 983 1089 ή
1024 1010 1105 1094 γυνή
1143 1034 1290 1097 προαπσ-
1317 1014 1375 1074 iter
1401 1013 1563 1087 destinetis,
1591 1033 1669 1075 uxor
1691 1020 1783 1075 antea
1808 1012 1951 1075 decedere
1981 1014 2138 1097 [creditur]
2165 1037 2225 1097 per

387 1117 529 1194 θνήσκει
553 1116 644 1182 κατά
667 1120 845 1206 πρόληψιν.
959 1120 994 1182 fr.
1012 1125 1040 1183 9.
1057 1127 1074 1198 5
1092 1125 1122 1188 3.
1136 1121 1176 1184 D.
1194 1124 1244 1196 34,
1261 1125 1290 1182 5.
1317 1120 1601 1202 praesumptionem.
2058 1122 2095 1183 fr.
2112 1124 2140 1184 9.
2157 1129 2173 1199 5
2192 1127 2222 1185 3.

452 1230 527 1297 Ἐἀν
554 1232 638 1316 μετά
668 1243 730 1298 τοῦ
760 1237 834 1299 otoo
863 1256 927 1316 μου
958 1236 1143 1316 ἀποθάνω,
1176 1239 1203 1299 εέ
1233 1236 1291 1316 μέν
1385 1235 1419 1297 Si
1441 1256 1511 1298 cum
1537 1236 1599 1299 filio
1626 1257 1693 1298 meo
1716 1236 1828 1297 moriar
1854 1236 1939 1317 isque
1965 1236 2062 1316 pubes
2084 1237 2137 1312 sit,
2165 1258 2224 1319 ego

387 1338 513 1427 ἐφηβος
535 1336 584 1421 ήν,
609 1339 671 1422 ἐγὼ
694 1341 783 1405 δοκῶ
807 1343 1042 1428 προτελευτάν·
1066 1346 1092 1406 εί
1116 1342 1150 1405 δέ
1166 1342 1291 1428 ἄνηβος
1317 1342 1421 1405 videor
1444 1352 1534 1406 antea
1556 1343 1712 1416 decedere;
1736 1344 1761 1404 si
1783 1363 1856 1406 vero
1879 1343 2017 1424 impubes
2036 1343 2083 1419 sit,
2107 1354 2223 1406 contra

388 1442 438 1528 ήν,
461 1448 667 1511 τούναντίον.
1127 1450 1164 1512 fr.
1181 1453 1209 1512 9.
1227 1456 1243 1526 5
1261 1453 1289 1510 4.
2059 1448 2095 1511 fr.
2112 1454 2140 1513 9.
2157 1457 2173 1527 5
2190 1451 2223 1513 4.

316 1582 350 1614 αν
454 1562 496 1625 Εἰ
528 1562 562 1626 δέ
589 1564 784 1648 ἐλευθερίαν
811 1562 874 1628 ὑπὸ
901 1564 1030 1651 αἵρεσιν
1060 1566 1149 1628 ἐάσω
1180 1564 1289 1650 δούλῃ,
1384 1564 1418 1626 si
1439 1565 1610 1627 libertatem
1634 1565 1690 1627 sub
1713 1566 1887 1651 condicione
1909 1565 2058 1647 reliquero
2081 1566 2222 1641 ancillae,
2262 1574 2363 1643 reputa

388 1667 458 1749 τήν,
482 1667 541 1732 ἐάν
564 1680 698 1754 πρῶτον
720 1673 823 1756 ἄρρεν
845 1676 922 1758 τέκῃ
944 1671 1000 1736 καὶ
1024 1676 1058 1735 ἐν
1084 1676 1146 1754 μιᾷ
1167 1671 1288 1755 γαστρί
1318 1672 1343 1732 si
1378 1672 1462 1753 prius
1499 1692 1614 1733 marem
1651 1673 1813 1753 pepererit,
1851 1681 1883 1734 et
1918 1672 1950 1734 in
1986 1672 2091 1734 eodem
2129 1682 2223 1755 partu

388 1777 490 1859 ἄρρεν
520 1774 578 1839 καί
611 1778 702 1854 θήλυ
733 1780 809 1863 τέκῃ
841 1777 898 1843 καὶ
930 1777 973 1862 μή
1001 1778 1166 1842 δείκνυται
1194 1787 1291 1842 ποῖον
1317 1798 1431 1840 marem
1454 1787 1485 1840 et
1506 1779 1648 1840 laminam
1670 1780 1820 1859 pepererit
1841 1787 1873 1840 et
1894 1799 1958 1840 non
1979 1778 2095 1860 liqueat
2118 1788 2223 1840 utrum

388 1882 565 1967 πρότερον,
594 1885 613 1946 d
646 1885 754 1968 ἄρρην
785 1884 879 1949 δοκεῖ
907 1885 1154 1969 προτίιιτεσθαι
1185 1884 1243 1948 καὶ
1270 1887 1290 1962 ή
1317 1886 1409 1966 prius,
1432 1905 1499 1946 mas
1514 1885 1636 1947 videtur
1658 1894 1751 1948 antea
1772 1886 1856 1947 nasei
1878 1896 1909 1947 et
1930 1895 2030 1947 mater
2050 1884 2221 1947 libertatem

387 1975 452 2072 μῙρ
484 1989 719 2074 ἐλευθεροῦται
750 1990 807 2054 καί
835 1993 855 2069 ή
884 1994 1043 2077 θυγάτηρ
1071 1990 1199 2073 εὐγενής
1224 1993 1290 2055 τίκ·
1318 1992 1493 2072 adsequitur
1515 2000 1546 2053 et
1567 1991 1631 2052 filia
1652 1992 1784 2071 ingenua
1806 1992 1953 2066 nescitum
1976 2012 2048 2054 nam
2071 1992 2102 2052 in
2120 1991 2221 2053 dubiis

387 2117 493 2159 τεται·
526 2101 560 2159 ἐν
591 2094 657 2181 γάρ
690 2106 760 2171 τοῖς
791 2098 994 2185 ἀμφιβόλοις
1022 2095 1060 2162 τὸ
1088 2099 1291 2186 φιλάγαθον
1317 2097 1408 2159 rebus
1430 2098 1512 2178 quod
1535 2097 1701 2159 humanum
1723 2108 1770 2160 est
1791 2098 1964 2179 probamus.
2035 2099 2071 2161 fr.
2090 2102 2140 2172 10,
2156 2105 2172 2175 5
2190 2101 2220 2160 1.

387 2204 615 2286 προκρίνομεν.
1106 2207 1142 2268 fr.
1161 2209 1210 2269 10.
1227 2213 1243 2283 5
1263 2209 1289 2267 1.

451 2317 582 2393 Ὁσάκις
614 2324 647 2382 ἐν
675 2322 822 2401 ἀγωγαῖς
854 2318 874 2397 ή
912 2330 1157 2409 παραγραφαῖς
1188 2324 1289 2408 ἀμφι·
1383 2320 1512 2399 Quoties
1539 2321 1570 2381 in
1599 2320 1768 2382 actionibus
1795 2320 1845 2384 vel
1872 2322 2099 2402 exceptionibus
2127 2321 2221 2383 dubia

385 2424 543 2510 βάλλεται
572 2427 712 2512 φράσις,
740 2424 801 2504 τήν
828 2424 911 2510 πρὸς
939 2426 1104 2491 σύστασιν
1129 2437 1191 2491 τοῦ
1213 2429 1289 2491 ὑπο·
1316 2438 1363 2490 est
1380 2427 1479 2501 dictio,
1498 2447 1565 2489 eam
1585 2425 1862 2510 [significationem]
1883 2449 1961 2508 quae
1979 2429 2019 2490 ad
2038 2429 2219 2491 servandam

385 2534 533 2613 κειμένου
560 2534 758 2616 πράγματος
790 2533 953 2611 δέχεσθαι
987 2534 1038 2597 δεῖ
1065 2534 1122 2599 καί
1155 2536 1195 2598 οὐ
1229 2533 1289 2611 τήν
1316 2555 1379 2596 rem
1403 2533 1517 2615 quade
1533 2534 1633 2614 agitur
1649 2533 1807 2617 [pertinet]
1825 2536 1921 2616 accipi
1936 2544 2061 2615 oportet,
2077 2555 2139 2596 non
2152 2555 2219 2596 eam

386 2635 468 2719 πρὸς
491 2637 688 2722 ἀναίρεσιν.1
1185 2643 1221 2704 fr.
1240 2647 1288 2704 12.
1316 2662 1394 2722 quae
1416 2641 1456 2702 ad
1480 2639 1563 2724 [earn
1585 2640 1662 2724 rem]
1687 2640 1852 2702 tollendam
1878 2640 2047 2725 [pertinet].
2115 2641 2150 2703 fr.
2169 2646 2218 2703 12.

333 2771 349 2824 ¹,
458 2754 574 2828 Καλῶς
597 2754 766 2836 ληγατεόω
790 2764 860 2830 τοῖς
875 2757 1019 2840 μάρτυσι
1036 2768 1095 2834 τῆς
1111 2758 1287 2834 διαθήκης.
1382 2756 1476 2819 Recte
1502 2755 1570 2837 lego
1597 2756 1642 2830 iis,
1669 2757 1723 2837 qui
1750 2766 1842 2819 testes
1869 2758 1901 2818 in
1928 2766 2109 2819 testamento
2140 2765 2218 2818 sunt.

1184 2865 1220 2927 fr.
1240 2867 1288 2928 14.
2116 2864 2150 2924 fr.
2168 2866 2217 2924 14.

451 2976 526 3040 Ἐάν
548 3000 598 3051 τις
621 2975 785 3052 ἐπιδιδοὺς
807 2978 887 3062 ὑπὲρ
911 2977 1067 3059 γυναικὸς
1082 2988 1206 3064 προῖκα
1228 2978 1289 3057 τήν
1383 2979 1417 3041 si
1431 2979 1498 3059 quis
1521 2999 1589 3040 cum
1613 2978 1730 3040 dederit
1751 3000 1808 3060 pro
1830 2978 1954 3041 muliere
1976 2978 2077 3040 dotem
2100 2978 2217 3041 restitui

385 3083 588 3146 ἐπανάδοσιν
620 3089 664 3158 είς
695 3081 814 3148 ἑαυτόν
850 3086 1051 3171 ἐπερωτήσῃ,
1091 3087 1289 3163 τελευτώσης
1317 3107 1384 3147 eam
1407 3085 1465 3147 sibi
1487 3086 1651 3166 stipulatus
1666 3085 1765 3160 fuerit,
1787 3094 1907 3147 mortua
1922 3106 1959 3148 ea
1974 3086 2004 3146 in
2020 3086 2216 3159 matrimonio,

386 3189 488 3265 αὐτῆς
511 3193 545 3251 ἐν
567 3195 615 3271 τῷ
638 3191 742 3272 γάμῳ,
766 3191 824 3256 καλ
847 3190 918 3273 ἄμα
944 3191 1025 3274 μετά
1054 3204 1112 3269 τῆς
1133 3192 1289 3274 γυναικὸς
1317 3193 1381 3273 ipse
1403 3191 1494 3253 simul
1516 3212 1586 3254 cum
1608 3191 1734 3253 muliere
1757 3191 1930 3265 decesserit,
1958 3212 2020 3252 non
2042 3192 2217 3253 transmittit

385 3295 574 3381 τελευτήσῃς,
606 3298 645 3360 οὐ
672 3301 879 3383 παραπέμπει
907 3297 969 3376 τήν
995 3302 1196 3382 ἐπερώτησιν
1220 3309 1290 3374 τοῖς
1317 3300 1541 3380 stipulationem
1563 3298 1602 3360 ad
1626 3298 1750 3360 heredes
1773 3319 1853 3372 suos,
1876 3298 2018 3378 quoniam
2033 3320 2095 3360 non
2117 3318 2216 3379 super·

385 3404 602 3487 κληρονόμοις
618 3404 730 3484 αὐτοῦ,
754 3403 861 3482 ἐπειδὴ
876 3404 920 3488 μή
936 3404 1110 3486 ἐπέζησενά
1145 3403 1186 3470 τὸ
1205 3407 1289 3472 αὐτό
1316 3407 1402 3468 vixit
1450 3406 1531 3467 idem
1559 3416 1605 3468 est
1631 3415 1662 3467 et
1688 3406 1713 3466 si
1740 3426 1809 3467 cum
1836 3405 1901 3466 viro
1928 3406 2088 3485 stipulator
2120 3406 2217 3467 deces-

385 3514 475 3572 ἐστιν
490 3515 516 3573 εί
539 3510 596 3573 καί
621 3507 682 3573 σὺν
709 3515 756 3592 τῷ
779 3510 876 3594 ἀνδρὶ
901 3514 920 3575 ὁ
947 3514 1157 3595 ἐπερωτήσας
1173 3513 1289 3577 ἐτελεύ·
1317 3514 1397 3575 serit.
1830 3511 1865 3572 fr.
1885 3514 1934 3574 16.
1951 3517 1967 3588 5
1987 3514 2014 3572 1.
2032 3511 2083 3594 [ci.
2102 3514 2141 3574 18
2157 3511 2215 3594 pa]

386 3637 492 3692 τησεν.
1055 3622 1089 3682 fr.
1108 3625 1147 3683 16
1164 3643 1208 3702 pr.
1226 3628 1242 3698 5
1262 3625 1288 3683 1.

343 3789 349 3802 ,
458 3727 504 3793 Τὸ
528 3732 612 3794 αὐτό
640 3737 710 3796 ἐστι
737 3732 793 3796 καί
821 3731 876 3797 ὅτε
899 3734 1067 3815 ληγατεύω
1094 3739 1135 3820 τῇ
1159 3738 1292 3816 γυναικί
1382 3735 1469 3797 Idem
1496 3745 1544 3797 est
1570 3746 1601 3797 et
1627 3756 1695 3796 cum
1724 3734 1865 3814 legavero
1892 3735 1979 3796 uxori
2006 3755 2092 3797 meae
2118 3734 2216 3796 dotem

384 3859 449 3920 μου
471 3836 532 3914 τήν
555 3848 679 3922 προῖκα
700 3838 759 3903 καὶ
781 3837 853 3921 ἄμα
876 3842 1079 3923 τελευτῶμεν.
1185 3844 1220 3904 fr.
1239 3847 1288 3906 17.
1315 3854 1346 3905 et
1368 3842 1458 3904 simul
1480 3841 1652 3903 moriamur.
2114 3841 2149 3903 fr.
2167 3843 2215 3902 17.

449 3953 504 4016 Ἐν
520 3962 591 4027 τοῖς
606 3955 808 4041 ἀμφιβόλοις
822 3954 1016 4039 ἐρρωταιτδ
1032 3959 1199 4039 πραχθὲν,
1217 3955 1289 4022 οἷον
1382 3958 1421 4019 In
1452 3957 1552 4019 dubiis
1583 3957 1674 4018 rebus
1701 3956 1784 4019 valet
1806 3957 1887 4038 quod
1915 3966 2017 4019 actum
2040 3966 2094 4032 est,
2123 3958 2217 4021 veluti

385 4056 440 4123 ὅτε
470 4064 591 4142 πέτρον
621 4066 771 4144 ἐπερωτῶ
799 4064 860 4126 καί
889 4068 950 4126 εἰσι
983 4061 1098 4126 πολλοὶ
1126 4067 1238 4149 πέτρσι
1268 4064 1287 4142 ή
1315 4087 1384 4128 cum
1412 4065 1536 4126 Petrum
1574 4063 1664 4145 [mihi
1694 4062 1775 4146 dari]
1808 4063 1937 4144 stipulor
1963 4072 1994 4125 et
2024 4065 2086 4126 sint
2117 4065 2216 4146 plures

384 4178 518 4249 γενικῶς
541 4167 661 4231 δοῦλον
683 4168 703 4245 i)
726 4173 760 4231 ἐν
777 4173 966 4255 καρταγένῃ
980 4171 1041 4233 καί
1054 4174 1115 4233 είσι
1132 4169 1192 4235 δύο
1207 4194 1288 4255 καρ-
1314 4174 1410 4245 Pet1i;
1434 4170 1483 4234 vel
1504 4170 1684 4249 generaliter
1699 4190 1828 4244 servum,
1850 4170 1900 4233 vel
1922 4171 1953 4231 in
1974 4170 2164 4251 Carthagine,
2186 4183 2217 4233 et
2343 4244 2354 4259 ἱ

385 4277 533 4354 ταγέναιι
550 4312 593 4323 -
1133 4278 1168 4339 fr.
1186 4282 1225 4340 21
1242 4300 1287 4360 pr.
1314 4288 1386 4341 sunt
1407 4280 1485 4340 duae
1508 4277 1716 4358 Carthagines.
2114 4278 2149 4339 fr.
2166 4281 2215 4339 21.

449 4389 502 4453 Ἐν
525 4399 595 4465 τοῖς
610 4392 812 4478 ἀμφιβόλοις
828 4391 879 4456 δεῖ
890 4391 1039 4455 σπεύδειν
1054 4394 1230 4477 ἐρρῶσθαι
1246 4391 1286 4456 τὸ
1381 4395 1419 4457 Ισ
1434 4394 1524 4456 rebus
1539 4393 1639 4455 dubiis
1653 4413 1689 4454 eo
1704 4392 1862 4454 nitendum
1878 4403 1931 4466 est,
1951 4402 1986 4455 ut
2000 4393 2105 4456 valeat
2119 4394 2216 4456 bonae

384 4496 470 4583 καλῇ
502 4498 609 4561 πίστει
642 4498 866 4579 συνάλλαγμα,
899 4503 926 4561 εί
957 4497 1000 4580 μή
1033 4510 1186 4584 φανερῶς
1216 4504 1286 4563 ἐστι
1313 4502 1384 4563 fidei
1407 4509 1592 4574 contractus,
1620 4501 1678 4561 nisi
1700 4499 1859 4561 manifesta
1880 4500 2055 4562 contraius
2077 4501 2124 4562 sit

385 4605 590 4687 παράνομον.
1104 4607 1139 4668 fr.
1156 4610 1207 4668 21.
1224 4613 1240 4684 5
1260 4610 1286 4668 1.
2033 4606 2068 4667 fr.
2086 4609 2135 4667 21.
2153 4613 2169 4683 5
2187 4608 2214 4666 1.

299 4722 349 4796 ιβ’.
452 4716 517 4783 ‘Ore
539 4706 609 4804 μηρ
620 4717 705 4802 μετά
722 4721 851 4807 ἐφήβου
869 4719 988 4796 παιδός
1003 4731 1147 4803 ναυαγεῖ,
1171 4724 1286 4809 πράτη
1381 4723 1414 4785 Si
1436 4731 1533 4785 mater
1559 4743 1628 4785 cum
1655 4721 1718 4783 filio
1744 4722 1859 4803 pubere
1885 4721 2079 4801 naufragium
2105 4723 2215 4795 fecerit,

384 4824 476 4890 κατά
497 4827 668 4913 πρόληψιν
690 4825 848 4908 τελευτᾷ.3
1181 4831 1217 4893 fr.
1236 4833 1285 4892 22.
1313 4831 1395 4911 prior
1416 4849 1470 4910 per
1491 4830 1766 4910 praesumptionem
1789 4829 1923 4890 moritur.
2112 4829 2148 4890 fr.
2164 4831 2214 4889 22.

299 4945 348 5002 κδ’.
457 4939 506 5005 To
529 4943 726 5029 ἀμφιβόλως
749 4942 768 5020 ή
792 4954 963 5029 προπετῶς
985 4948 1019 5007 ἐν
1041 4943 1192 5031 διαθήκῃ
1206 4966 1287 5028 γρα-
1380 4945 1470 5024 Quae
1492 4945 1583 5007 dubie
1604 4944 1652 5008 vel
1674 4954 1787 5007 temere
1801 4945 1833 5007 in
1848 4953 2029 5006 testamento
2045 4944 2216 5007 scribuntur

385 5049 515 5135 φόμενα
537 5050 744 5136 φιλαγᾶθως
766 5053 977 5135 όρμηνευτέον
999 5049 1082 5136 πρὸς
1101 5048 1119 5113 ὃ
1135 5052 1287 5116 πιθανόν
1315 5053 1486 5114 humaniter
1516 5051 1649 5132 intellegi
1682 5060 1799 5132 oportet
1830 5051 1996 5114 secundum
2033 5051 2114 5131 quod
2151 5050 2213 5112 veri

384 5160 474 5218 ἐστιν
497 5156 735 5239 ἐνθυμηθῆναι
757 5154 818 5221 τόν
841 5156 1072 5238 διαθέμενον*
1183 5161 1218 5221 fr.
1236 5164 1286 5222 24.
1314 5159 1410 5222 simile
1432 5167 1479 5221 est
1501 5158 1648 5239 cogitasse
1671 5166 1854 5220 testatorem.
2112 5156 2147 5219 ir.
2164 5157 2212 5217 24.

301 5277 347 5331 κε’.
455 5267 567 5346 Οὕτως
594 5268 698 5336 εἶπον·
731 5270 790 5354 ,ὃν
817 5277 895 5337 εἴπω
927 5277 975 5355 τῷ
1001 5274 1196 5356 κληρονόμῳ
1223 5297 1287 5357 μου
1381 5274 1414 5336 Si
1436 5275 1511 5337 dixi:
1534 5273 1653 5352 „Quem
1668 5274 1771 5337 dixero
1794 5274 1898 5336 heredi
1913 5294 1981 5336 meo
1996 5273 2213 5346 manumittere,

385 5378 608 5462 ἐλευθερῶσαι
636 5377 811 5465 ἐλεύθερος
833 5382 927 5459 ἐστω,
959 5376 1050 5462 ᾥτινι
1077 5384 1155 5445 είπω
1183 5379 1288 5446 αὐτόν
1313 5382 1339 5443 is
1362 5381 1438 5443 liber
1460 5390 1538 5445 esto:
1567 5383 1615 5442 cui
1641 5381 1745 5444 dixero
1768 5382 1843 5457 dari,
1866 5381 1969 5444 dato‘⁴:
1996 5381 2022 5443 si
2048 5401 2103 5461 per
2127 5399 2213 5461 quae·

385 5484 500 5549 δοῦναι
524 5485 639 5550 δότωίί.
685 5484 742 5549 ἐάυ
766 5486 822 5550 διά
844 5510 944 5550 τινων
967 5489 1149 5571 τεκμηρίων
1168 5490 1187 5565 ή
1209 5488 1286 5573 βοά·
1313 5489 1385 5550 dam
1400 5497 1578 5570 argumenta
1592 5488 1734 5552 voluntas
1749 5508 1819 5550 mea
1834 5488 2010 5563 ostenditur,
2033 5488 2214 5569 adimpletur

233 5599 280 5663 soi.
294 5604 348 5654 δέ’.
384 5591 477 5668 λησίς
499 5615 563 5674 μου
586 5593 759 5674 δείιινυται,
783 5593 975 5678 πληροῦται.
1024 5595 1060 5655 fr.
1077 5599 1127 5656 25.
1144 5596 1183 5657 D.
1195 5600 1246 5671 34,
1257 5599 1285 5657 5.
1315 5594 1487 5678 [legatum]
1941 5594 1975 5656 fr.
1994 5598 2044 5657 25.
2061 5595 2101 5656 D.
2118 5598 2168 5668 94,
2184 5598 2212 5656 5.

457 5841 466 5872 ¹
484 5842 545 5895 sim.
558 5840 625 5913 Syn.
684 5841 774 5896 'cod
793 5841 940 5909 ἐπιζήτησε,
959 5840 1009 5895 cfr.
1028 5858 1117 5912 supra
1134 5861 1161 5914 p.
1181 5848 1224 5897 51.
1244 5848 1285 5897 ti.

456 5927 467 5960 ⁸
486 5929 528 5985 ef.
547 5929 686 5985 Attaliata
704 5935 747 5999 39,
764 5930 819 6000 56.
873 5929 886 5962 ⁴
902 5929 989 5986 habet
1005 5928 1072 6003 Syn.
