4978 7018
1016 487 1311 556 PRAEFATIO.
2033 510 2084 555 vn

317 674 352 736 ir.
373 676 422 735 11.
441 679 457 750 §
476 678 529 737 14:
569 673 736 760 προφάσει
776 682 843 735 τῶν
880 671 990 735 ἀλλον
1021 681 1088 734 τῶν
1120 671 1153 754 ἐξ
1247 670 1335 750 [nihil
1362 669 1401 732 sb
1429 690 1464 732 eo
1491 671 1617 752 petitur]
1643 680 1769 753 propter
1794 679 1907 746 cetere,
1934 691 2013 752 quse
2037 692 2084 734 eo·

252 780 366 854 ἔθονς.
1181 777 1246 839 lent
1267 786 1323 840 eto.

211 926 214 930 ι
317 887 353 949 fr.
373 889 454 964 ης
475 888 527 949 17:
551 884 602 950 ini
625 890 666 972 τῇ
689 886 880 971 προσθήκῃ.

318 993 354 1054 fr.
372 992 534 1057 2912&st

319 1100 355 1161 fr.
370 1103 428 1163 48:
452 1100 684 1180 ἀναγκάζομαι
708 1096 752 1162 τά
775 1098 984 1181 δικαιώματα
1003 1096 1154 1172 καὶτοὺς
1249 1118 1339 1179 cogor
1360 1098 1559 1160 instrumento
1582 1106 1614 1160 et
1639 1097 1713 1160 fines
1738 1098 1801 1159 eius
1830 1098 1960 1183 [fundit]
1985 1109 2083 1163 osten·

253 1204 352 1291 ύρους
376 1207 481 1270 αὐτοῦ
502 1205 639 1291 [ἀγροῦ]
664 1204 839 1269 δεικνύναιε
856 1242 899 1254 -
1183 1204 1262 1265 dere.

319 1313 354 1375 fr.
372 1318 426 1376 55:
450 1317 656 1397 ὲπερωτάται
679 1311 843 1376 δίδοσθαι
867 1313 984 1376 αύτόνε
1001 1348 1043 1360 -
1248 1311 1396 1391 promittit
1419 1331 1489 1372 eum
1512 1310 1586 1373 deri

283 1464 287 1469 -
319 1420 369 1502 ξγ’
385 1423 425 1501 (p.
444 1421 497 1483 19:
512 1429 559 1483 est
574 1441 599 1481 c.
617 1422 667 1481 11.
684 1418 717 1481 C.
727 1419 785 1494 IV,
799 1422 867 1500 49):
881 1418 914 1484 Ὁ
929 1419 1057 1503 πράτιγς
1073 1414 1155 1500 μετά
1248 1416 1399 1479 Venditor
1419 1428 1490 1498 post
1512 1417 1703 1481 traditionem
1725 1418 1909 1499 mancipium
1927 1420 2085 1482 venditum

254 1525 444 1610 παράδοσιν
471 1524 510 1591 τὸ
538 1525 674 1610 πραθὲν
700 1524 916 1610 ἀνδράποδον
948 1526 987 1588 ού
1015 1523 1153 1588 δύναται
1183 1545 1244 1586 non
1266 1534 1367 1605 potest
1389 1526 1615 1599 manumittere,
1644 1524 1698 1585 sed
1721 1533 1793 1586 snte
1816 1525 2009 1588 traditionem
2031 1546 2084 1607 po-

253 1633 487 1716 ἐλενθερῶσαι,
516 1629 581 1717 πρὸ
609 1631 643 1695 δὲ
671 1643 729 1709 τῆς
757 1632 974 1717 παραδόσεως
1001 1631 1154 1695 δύναται·
1184 1641 1257 1705 ιεει;
1280 1629 1443 1714 [venditori
1467 1630 1584 1715 sutem]
1608 1638 1728 1693 tenetur
1750 1630 1880 1715 [venditi
1902 1632 2044 1714 actione}

254 1737 356 1825 [ἀλλά
377 1743 425 1822 τῷ
448 1740 635 1826 ἀγοραστῇ]
663 1743 806 1816 ἐνέχεται
834 1743 875 1825 τῇ
904 1736 969 1823 [ἐπὶ
993 1749 1051 1815 τῆς
1074 1740 1155 1823 πρά-

254 1868 336 1920 σεως
358 1845 497 1931 ἀγωγῇ].

320 1975 345 2016 c.
365 1955 418 2016 14:
438 1951 471 2017 Ὁ
494 1949 687 2036 ἀγοραστὴς
709 1962 777 2016 τῶν
801 1956 936 2016 οἰκετῶν
957 1951 1066 2026 καλῶς
1090 1957 1156 2015 ἐπε·
1250 1949 1412 2013 Servorum
1454 1960 1573 2031 emptor
1612 1959 1692 2013 recte
1733 1950 1897 2033 stipulatur
1936 1972 1986 2015 eos
2028 1953 2087 2014 eibi

255 2064 350 2144 ρωτᾷ
372 2058 613 2143 παραδοθῆναι
638 2055 760 2133 αὐτούς
782 2069 838 2122 ειε.
1183 2057 1263 2119 tradi
1285 2066 1340 2119 ete

322 2170 383 2253 c.4
404 2165 476 2253 (IV,
498 2168 564 2244 51):
597 2169 644 2246 τῷ
677 2164 832 2252 δανειστῇ
859 2187 924 2248 μου
955 2164 1050 2229 οὐδὲν
1077 2165 1156 2249 πρό·
1251 2164 1391 2227 creditori
1419 2183 1487 2226 meo
1518 2163 1635 2225 nullum
1667 2164 1887 2245 praeiudicium
1919 2165 2000 2241 fecit,
2033 2166 2086 2230 sed

254 2294 357 2355 κριμα
380 2281 473 2352 ποιεῖ,
496 2269 583 2335 ἀλλά
605 2270 747 2352 δύναμαι
770 2282 825 2336 ειε.
1184 2292 1307 2351 possum
1330 2280 1384 2333 etc.

322 2401 346 2442 c.
365 2383 380 2441 1
401 2379 469 2462 (IV,
486 2376 556 2463 52):
584 2376 633 2441 ἐπὶ
662 2381 710 2459 τῷ
732 2379 903 2462 πράγματι
927 2375 1061 2459 ἀγωγὴν
1084 2375 1156 2463 περὶ
1229 2378 1268 2440 In
1291 2377 1427 2440 versione
1449 2376 1524 2438 nihil
1546 2377 1639 2439 deest

256 2485 448 2558 δεσποτείας
471 2483 490 2562 λ
513 2494 569 2548 εισ.

294 2637 300 2649 .
323 2613 348 2654 c.
364 2596 397 2655 4:
422 2593 631 2676 στρατιώτης
654 2595 714 2668 sin:
731 2628 773 2639 —

595 2783 762 2842 TITULUS
780 2785 817 2840 X.

322 2914 358 2976 fr.
377 2913 403 2974 1.
421 2918 437 2989 ἕ
456 2913 488 2973 8:
513 2912 552 2974 οὐ
580 2909 643 2992 μὴν
665 2912 768 2988 τυχόν
791 2908 905 2974 τεκαὶ
932 2910 1158 2997 ἐλαφρὸν
1252 2931 1313 2972 non
1336 2930 1407 2972 vero
1430 2910 1587 2991 quodlibet
1607 2898 1638 2972 et
1660 2911 1798 2972 leve...
1844 2911 1953 2974 Versio
1974 2920 2087 2975 cetero·

256 3027 365 3083 ταῦτα
466 3014 617 3102 ὼο[αν]εὶ
640 3014 921 3104 καταφρονητικοὶ
943 3027 999 3080 etc
1036 3017 1087 3079 Ad
1104 3024 1120 3095 ς
1138 3019 1157 3079 9
1186 3038 1254 3080 rum
1276 3037 1338 3079 non
1361 3026 1408 3078 est
1429 3016 1584 3078 mutsndn

257 3127 289 3188 in
303 3146 410 3206 merge
426 3124 545 3188 Γνῶθι
559 3145 633 3211 κεφ.
652 3129 688 3187 ἐκ
702 3123 937 3205 διαλημμάτοιν
951 3122 1015 3211 (sic,
1029 3134 1064 3187 ut
1076 3122 1159 3209 vid).

323 3231 359 3293 fr.
379 3233 427 3307 14,
445 3237 461 3308 ξ
479 3233 512 3295 9:
539 3228 692 3314 καὶπερὶ
720 3241 779 3308 τῆς
802 3231 925 3312 ύγιειάς
947 3241 1014 3293 τῶν
1036 3231 1160 3293 λοιπῶν
1253 3240 1284 3292 ει
1309 3230 1347 3292 de
1374 3238 1539 3292 ceterorum
1567 3229 1697 3293 sanitate
1722 3230 1904 3311 promittere
1950 3232 2033 3312 quod
2061 3234 2087 3295 si

259 3338 533 3420 ἐπαγγέλλεσθαι.
578 3342 604 3401 ει
631 3341 741 3420 μέντοι
769 3334 809 3401 τὸ
837 3337 954 3411 πάθος
981 3335 1073 3411 εἰδὼς
1095 3338 1160 3401 ἐπί·
1186 3337 1295 3398 vitium
1318 3337 1414 3399 sciens
1436 3335 1571 3398 consulto
1593 3337 1754 3411 reticuerit,
1777 3345 1833 3399 eto.

258 3446 352 3524 τηδες
376 3444 542 3524 σιωπήσει,
566 3453 621 3507 etc

325 3553 501 3633 Sequuntur
523 3551 610 3614 haec:

323 3657 356 3723 Ὀ
371 3656 593 3744 καταφεύγων
608 3661 652 3730 εις
668 3659 773 3721 τόπον
788 3658 913 3721 άσνλον
933 3652 1161 3742 ἢβασιλικούς
1256 3655 1318 3733 Qui
1349 3656 1484 3736 confugit
1510 3657 1542 3718 in
1570 3657 1688 3737 asylum
1715 3657 1766 3720 vel
1799 3657 1837 3718 ed
1866 3667 1983 3720 statues
2013 3657 2090 3721 Oue-

259 3764 463 3850 ἀνδριάντας
490 3763 509 3840 δ
537 3764 626 3827 ἔνθα
657 3772 783 3847 πρᾶσιν
809 3764 1018 3847 ἐξαιτῶνται,
1051 3758 1162 3850 φνγάς
1189 3763 1266 3824 serie
1293 3762 1344 3825 vel
1371 3762 1424 3824 ubi
1451 3783 1483 3825 ee
1509 3763 1632 3826 venales
1660 3764 1823 3844 postulunt,
1849 3784 1912 3825 non
1938 3774 1985 3827 eet
2011 3764 2091 3844 fugi·

259 3872 321 3936 ούκ
347 3877 452 3951 ἐστιν,
481 3868 587 3948 ἐπειδὴ
610 3879 711 3934 τοῦτο
744 3870 800 3954 [ού
823 3869 1005 3958 φεύγοντος
1029 3870 1162 3949 διανοιά
1190 3869 1279 3943 tivus,
1301 3870 1445 3950 quonism
1470 3871 1543 3952 [non
1566 3868 1702 3951 fugiendi
1720 3870 1844 3933 consilio
1862 3870 1894 3931 id
1916 3870 2009 3953 fecit],
2032 3873 2092 3934 nisi

259 3977 433 4061 ἐποίησεν],
462 3982 488 4040 ει
511 3974 554 4058 μὴ
579 3977 648 4060 ἀρα
670 3974 753 4057 μετὰ
776 3974 815 4040 τὸ
839 3986 956 4063 φυγεῖν
978 3985 1079 4040 τοῦτο
1109 3978 1161 4039 πέ-
1188 3977 1266 4038 forte
1287 3983 1358 4057 poet
1378 3975 1483 4056 fugem
1505 3976 1537 4037 id
1559 3978 1629 4058 egit

260 4105 399 4167 πραγενε
417 4120 459 4131 -
955 4084 990 4145 fr.
1010 4085 1059 4145 17.
1076 4089 1092 4160 5
1112 4082 1161 4144 12.

327 4192 371 4254 ιε’.
399 4189 515 4271 Φυγάς
538 4192 629 4253 ἐστιν
651 4192 669 4252 d
694 4188 867 4270 ἀπελθὼν,
895 4187 982 4254 ὅθεν
1004 4191 1023 4252 ὁ
1047 4188 1163 4252 δεσπό·
1256 4189 1418 4269 Fugitirue
1441 4191 1561 4271 estqui
1582 4209 1617 4252 eo
1640 4210 1672 4252 εε
1692 4189 1828 4265 contulit,
1852 4192 1934 4253 unde
1949 4191 2088 4254 dominus

260 4320 319 4374 της
334 4293 438 4360 αὐτὸν
453 4296 634 4381 ἀναλαβεῖν
649 4295 668 4373 ἢ
685 4297 884 4360 ἀποσπάσαι
900 4298 941 4360 οὐ
955 4295 1162 4359 δύναταιε·
1190 4317 1259 4358 eum
1280 4297 1413 4377 recipere
1434 4296 1484 4360 vel
1507 4296 1658 4359 ebducere
1679 4317 1741 4359 non
1763 4306 1872 4379 potest

957 4403 993 4465 n.
1012 4404 1061 4465 ιι.
1078 4408 1095 4479 ς
1115 4403 1163 4463 13.

324 4510 456 4595 Ῥεμβός
479 4513 548 4572 ἐστι
572 4505 688 4595 μικρὸς
716 4507 827 4596 φυγάς
849 4508 907 4574 καλ
929 4513 966 4573 ἐκ
987 4517 1050 4572 τοῦ
1071 4513 1162 4574 ἑναν·
1257 4509 1334 4571 Erro
1362 4520 1408 4572 εει
1434 4509 1563 4591 pusillus
1590 4509 1737 4588 fugitivus
1764 4518 1795 4573 et
1816 4519 1921 4572 contre
1942 4510 2090 4591 fugitivus

261 4617 336 4680 τιόν
367 4619 386 4680 d
419 4612 530 4703 φυγάς
561 4619 662 4696 μέγας
694 4616 814 4702 ῥεμβός
842 4622 944 4680 ἐστιν·
976 4617 1098 4701 κυρίως
1130 4615 1164 4679 δὲ
1191 4625 1238 4678 εει
1264 4636 1392 4696 mugnus
1419 4636 1498 4690 erro;
1530 4616 1650 4698 proprie
1676 4624 1778 4678 sutem
1806 4636 1871 4679 erro
1899 4626 1947 4680 eet
1972 4618 2010 4691 is,
2039 4618 2092 4698 qui

263 4722 396 4807 ρἐμβός,
409 4727 513 4803 ἐστιν,
542 4719 578 4796 ὃς
605 4732 749 4800 συνεχῶς
776 4724 934 4798 ἀναιτίως
956 4723 1165 4804 πλανώμενος
1191 4723 1364 4804 frequenter
1391 4722 1456 4785 sine
1483 4744 1577 4786 cauea
1603 4732 1735 4803 vagetur
1760 4731 1792 4785 et
1817 4731 1956 4805 temporo
1982 4725 2014 4785 in
2045 4744 2093 4786 ree

262 4828 318 4893 xci
343 4826 420 4902 τοὺς
442 4825 582 4913 καιρούς
604 4832 649 4903 εἰς
671 4831 827 4906 ἀνάνητα
854 4832 1036 4914 πράγματα
1059 4830 1164 4894 δαπα·
1190 4832 1366 4912 nugatorius
1389 4851 1577 4906 consumens,
1601 4831 1696 4894 serius
1718 4830 1841 4892 domum
1863 4830 1949 4892 redit

262 4946 329 4999 νῶν
350 4935 500 5020 βραδέως
523 4939 567 5010 εις
590 4933 650 5000 τὸν
673 4931 766 4999 οἶκον
787 4940 989 5024 ἑπιστρέφειε
1010 4973 1052 4984 -

957 5043 993 5107 n.
1011 5045 1060 5106 ιι.
1078 5049 1094 5120 ς
1114 5045 1163 5106 14.
2104 5116 2106 5120 ⁸

327 5149 402 5213 Ἐάν
425 5172 456 5212 τι
480 5157 652 5233 προσεῖναι
674 5153 723 5231 τῷ
743 5147 848 5232 δούλῳ
864 5150 1032 5234 χρήσιμον
1047 5152 1066 5213 ὁ
1082 5152 1164 5235 πρά·
1258 5149 1291 5212 si
1313 5170 1405 5231 quem
1427 5150 1591 5213 utilitatem
1614 5170 1699 5212 servo
1722 5149 1828 5211 edesse
1851 5149 1991 5212 venditor
2013 5148 2093 5210 offir-

263 5278 321 5332 της
337 5254 629 5342 διαβεβαιάσηται,
653 5254 755 5334 ταγὸν
771 5254 824 5319 ὅτι
839 5260 1022 5331 σπουδαῖος
1036 5255 1056 5333 λι
1072 5278 1164 5340 πορι-
1191 5257 1331 5330 moverit,
1367 5255 1463 5318 veluti
1493 5265 1683 5319 constantem
1715 5265 1769 5318 sut
1805 5255 1990 5318 laboriosum
2021 5276 2091 5319 eum
2163 5330 2167 5337 .

263 5357 387 5441 στικδς,
411 5361 472 5425 οὐκ
494 5366 539 5436 εὶς
561 5364 668 5448 ἀκρον
694 5365 897 5446 ἀπαιτοῦμεν
924 5360 1012 5427 αὐτὰ
1035 5370 1164 5448 προσεῑ·
1191 5383 1264 5438 εεεε,
1290 5383 1353 5424 non
1380 5362 1419 5424 ed
1448 5383 1599 5425 summum
1625 5363 1772 5425 eiusmodi
1799 5363 1904 5425 edesse
1932 5362 2091 5443 exigimus,

263 5490 328 5549 ναι,
351 5465 438 5532 ἀλλά
460 5471 574 5550 μέσοις.
620 5472 647 5531 el
674 5472 784 5550 pictos
813 5471 978 5534 τάναντιά
1004 5479 1072 5533 τῶν
1094 5468 1164 5533 δια·
1192 5469 1246 5531 sed
1267 5469 1392 5531 modice.
1438 5469 1519 5550 quod
1546 5471 1571 5532 si
1598 5470 1750 5531 contraris
1775 5489 1879 5531 eornm
1907 5488 1986 5550 quoe
2013 5469 2094 5531 sffir·

262 5574 523 5660 βεβαιωθὲντῶν
550 5578 634 5652 ἔχων
656 5575 780 5662 εὑρεθῇ
787 5624 794 5656 ,
822 5585 907 5639 κινεῖ
930 5579 949 5640 d
972 5574 1165 5660 ἀγοραστὴς
1192 5584 1276 5637 mute
1291 5576 1359 5649 sint,
1383 5573 1517 5662 (servus)
1534 5574 1649 5638 habene
1666 5576 1809 5638 inventus
1823 5575 1923 5650 fuerit,
1938 5576 2093 5657 experitur

263 5679 325 5758 τὴν
347 5684 630 5768 ἀναστρέφουσαν
653 5677 692 5744 τὸ
717 5683 852 5766 πραθὲν
878 5682 898 5760 ἢ
925 5681 986 5760 τὴν
1007 5691 1165 5765 μειοῦσαν
1192 5691 1309 5763 emptor
1330 5681 1526 5744 redhibitoria
1548 5682 1666 5744 actione
1689 5689 1744 5743 sut
1765 5682 1872 5762 quenti
1894 5682 2025 5744 minoris.

264 5784 303 5850 τὸ
328 5788 452 5869 τίμημα
475 5787 621 5868 ἀγῶγύνε
637 5824 679 5836 -
1007 5790 1042 5852 fr.
1061 5793 1101 5852 18
1118 5811 1163 5872 pr.

328 5892 361 5958 ‘O
383 5891 481 5957 sindo
504 5895 646 5978 άριστον
668 5891 749 5960 εἶναι
777 5896 936 5980 μάγειρον
958 5894 1019 5961 τὸν
1046 5896 1165 5960 δοῦλον
1257 5895 1321 5973 Qui
1343 5895 1420 5957 dixit
1442 5897 1590 5976 optimum
1612 5915 1744 5976 coquum
1766 5915 1833 5957 esse
1856 5915 1977 5958 serrum
2000 5894 2094 5957 debet

262 6009 426 6082 χρεῶστεῖ
458 6001 617 6085 μάγειρον
654 6003 796 6087 άριστον
834 6012 1030 6088 παρασχεῖν·
1073 6003 1092 6066 ὁ
1131 6001 1165 6066 δὲ
1193 6022 1321 6083 coquum
1344 6003 1491 6083 optimum
1514 6012 1681 6082 praestem
1704 6003 1757 6082 qui
1775 6021 1905 6082 coquum
1921 6000 2097 6081 simpliciter
