4978 7018
412 486 431 548 6
825 477 986 545 INDEX
1008 475 1085 545 ΙΙΙΙ
1106 474 1240 542 ΤΟΜΙ.
1285 472 1440 542 LIBER
1461 472 1828 541 XXXV-XXXVIII

296 721 374 776 ιδ’.
477 675 725 798 πκληρονόμων
734 713 919 788 ἐκστάσεως
931 711 988 776 καί
998 711 1312 784 ἀποκαταστάσεως.
1405 711 1443 772 de
1465 710 1609 773 heredum
1631 709 1797 772 istitutione
1819 716 1850 771 et
1872 707 2092 770 substitutIone
2311 711 2332 763 t.
2348 711 2374 763 9.

312 902 334 935 τ.
347 881 374 935 ι’.
477 836 827 947 πύποκαταστάσεως
850 874 980 937 τελείων
1001 871 1058 937 καὶ
1081 872 1224 957 ἀνήβων.
1406 872 1445 934 de
1467 870 1682 934 substitutione
1703 869 1877 932 adulterum
1900 876 1931 931 et
1952 866 2148 950 pupillorum.
2309 871 2331 922 t.
2348 871 2390 922 10.

295 1062 317 1096 τ.
330 1041 376 1095 ια’.
478 995 501 1100 ir
530 1035 697 1118 δόγματος
730 1033 916 1115 συγκλήτου
947 1032 1180 1119 τρεβελλιανοῦ
1205 1031 1261 1096 καὶ
1291 992 1314 1095 is
1407 1032 1445 1095 de
1472 1031 1732 1094 senatusconsulto
1758 1028 1936 1091 trebelliano
1967 1037 1998 1091 et
2024 1028 2062 1090 de
2093 1027 2263 1088 fideicom·
2308 1034 2329 1082 t.
2346 1034 2389 1081 sl.

412 1142 755 1230 φιδεικομμισσαρίων
770 1142 911 1222 ἀγωγῶν
926 1141 1235 1213 ἀποκαταστάσεως
1256 1136 1314 1202 καὶ
1340 1139 1546 1201 missarIarum
1574 1139 1725 1200 actionum
1751 1137 1939 1199 restitutione
1964 1145 1995 1197 et
2022 1134 2060 1195 de
2082 1132 2263 1196 restitutio-

413 1248 484 1334 περὶ
509 1249 829 1313 ἀποκαταστάσεων.
1341 1246 1439 1307 nibus.

296 1435 319 1468 1·
332 1412 376 1484 ‘fl‘-
479 1369 502 1473 tl
525 1411 701 1495 αίρετικῶν
722 1408 918 1472 ἐνστάσεσιν.
1409 1407 1447 1470 de
1469 1406 1727 1468 conditionalibus
1750 1400 1999 1466 institutionibus.
2305 1409 2326 1459 t.
2342 1408 2386 1457 εκ.

296 1594 317 1628 τ.
331 1574 376 1647 ιγ’.
480 1529 502 1633 ri
534 1568 666 1633 δικαίου
692 1569 876 1641 ἐνστάσεως
912 1565 968 1631 καί
1002 1565 1122 1630 δούλου
1153 1566 1316 1630 ἐνστάτου
1409 1568 1448 1629 de
1470 1568 1534 1628 iure
1557 1566 1752 1628 institutionis
1775 1573 1906 1626 etservo
1921 1562 2060 1659 instituto
2075 1560 2159 1622 etde
2177 1559 2258 1621 sub·
2303 1570 2323 1618 t.
2340 1569 2382 1618 13.

412 1675 469 1740 καί
494 1674 568 1761 περὶ
592 1676 884 1739 ύποκαταστάτων
908 1674 1037 1737 τελείων
1059 1672 1116 1737 καί
1141 1672 1314 1750 ἀνηλίκων.
1342 1674 1456 1736 stitutis
1478 1673 1592 1736 adultis
1614 1681 1645 1734 et
1666 1672 1841 1734 minoribus.

299 1862 320 1895 τ,
334 1839 376 1895 ιδ’.
480 1796 788 1921 ύπροςποριστέας
810 1833 866 1898 καὶ
891 1836 1116 1917 παραιτητέας
1138 1832 1195 1897 καλ
1214 1854 1315 1916 προο-
1409 1834 1447 1896 de
1469 1833 1658 1914 adquirenda
1679 1842 1710 1894 et
1732 1830 1899 1894 omittenda
1921 1829 2108 1909 (hereditate)
2131 1837 2162 1890 et
2184 1827 2258 1889 adi·
2301 1834 2321 1884 t.
2338 1834 2380 1885 14.

414 1940 564 2016 ελεύσεως
586 1940 643 2005 καλ
666 1943 899 2023 ἐκζητουμένης
926 1940 1147 2025 κληρονομίας
1169 1938 1314 2023 καὶπερὶ
1343 1943 1424 2004 tione
1455 1950 1487 2002 et
1512 1940 1686 2021 quaerenda
1711 1938 1877 2002 hereditate
1903 1946 1935 1999 et
1961 1937 2000 1998 de
2027 1943 2098 1998 ante
2125 1943 2256 2016 apertas

414 2060 472 2127 τῆς
508 2045 573 2134 πρὸ
605 2049 761 2131 ἀνοίξεως
797 2057 855 2124 τῆς
894 2047 1063 2125 διαθήκης
1095 2047 1316 2132 κληρονομίας
1344 2049 1466 2110 tabulas
1489 2046 1669 2109 transmissa
1691 2046 1864 2108 hereditate.

414 2158 719 2242 παραπεμπομένης.

301 2288 322 2322 ι.
336 2267 378 2321 ιε’.
480 2264 539 2327 ἐιίν
565 2284 615 2336 τις
638 2261 845 2348 διασκέψεως
871 2262 975 2346 γάριν
1002 2272 1059 2338 τῆς
1087 2260 1256 2338 διαθήκης
1282 2260 1317 2343 ἐξ
1410 2262 1527 2342 siquis
1553 2260 1728 2323 testamenti
1750 2259 1883 2322 evitandi
1910 2277 2004 2320 causa
2036 2255 2076 2319 ab
2103 2256 2254 2317 intestato
2296 2263 2315 2314 t.
2331 2264 2371 2313 lt.

414 2366 1315 2452 ἀδιαθέτουήάλλῳτινὶτρόπφνέμηταικληρονομίαν.
1344 2369 1392 2432 vel
1415 2369 1475 2430 elio
1497 2388 1557 2448 quo
1580 2367 1669 2429 modo
1691 2366 1845 2448 possideat
1866 2364 2072 2426 hereditatem.

298 2555 320 2589 τ·
334 2534 378 2598 ιζ·
481 2489 595 2593 ritule
616 2528 651 2611 ἐξ
674 2526 847 2611 ἐπιβουλῆς
869 2529 1128 2612 ἀναιρουμένωντ
1152 2564 1194 2574 -
1410 2529 1448 2590 de
1471 2549 1525 2609 per
1546 2527 1671 2589 insidiae
1694 2525 1808 2589 oocIsis.
2293 2533 2313 2582 t.
2328 2532 2368 2581 lt.

303 2714 325 2748 τ·
339 2694 379 2757 tl‘·
481 2649 756 2770 ιἰτοναγαόης
779 2684 1072 2765 §innotescecent
1096 2686 1272 2763 διαθήκης.
1411 2689 1449 2751 de
1470 2686 1826 2768 bonorum'posseesione
1848 2693 1955 2746 contra
1977 2683 2121 2747 trabulos.
2292 2694 2310 2743 t.
2326 2693 2365 2741 19.

312 2852 379 2908 ου’.
482 2810 505 2914 ir
533 2848 754 2931 διανεμήσεων
779 2845 932 2931 καὶπερὶ
960 2845 1150 2931 βουλήσεων
1177 2858 1244 2909 τῶν
1273 2849 1317 2919 εἰς
1411 2850 1449 2911 de
1476 2847 1675 2912 divisionibus
1701 2854 1732 2908 et
1762 2845 1801 2906 de
1831 2842 2041 2908 voluntatibus
2073 2844 2105 2904 in
2137 2842 2251 2903 liberos
2289 2853 2307 2902 t.
2322 2852 2362 2902 20,

416 2953 494 3031 τούς
517 2956 639 3029 παῖδας
661 2956 848 3036 γινομένων.
1344 2956 1469 3019 collatis.

293 3140 315 3174 τ.
329 3120 380 3174 ια’.
483 3076 506 3181 π
529 3115 697 3192 διαθήκης
720 3115 940 3199 στρατιώτου.
1412 3117 1450 3178 de
1472 3122 1652 3178 testamento
1674 3114 1795 3175 militos.
2286 3120 2304 3169 ε.
2318 3119 2358 3167 21.

764 3289 894 3344 ΒΙΒΛΙΟΝ
914 3288 971 3353 Λς’.
1482 3362 1486 3370 ι
1663 3288 1779 3344 LIBER
1795 3288 1930 3344 XXXVI.

310 3424 332 3458 ι.
345 3403 381 3457 α’.
485 3360 507 3463 ἀ
528 3390 734 3463 ’κοδικέλλονε
757 3436 799 3445 -
1412 3401 1451 3462 de
1472 3399 1627 3462 codicillis.
2282 3404 2299 3452 t.
2313 3404 2334 3450 1,

764 3556 894 3610 ΒΙΒΛΙΟΝ
913 3555 976 3609 ΛΖ’.
1423 3580 1425 3583 ·
1655 3556 1772 3611 LIBER
1789 3554 1939 3611 XXXVII.

309 3691 333 3724 τ.
346 3669 382 3724 α’.
485 3627 508 3730 tl
530 3667 718 3750 ἐπιτρόπων
739 3664 796 3729 καί
819 3664 1047 3748 κουρατόρων.
1414 3667 1452 3728 de
1474 3665 1625 3728 tutoribus
1647 3674 1678 3728 et
1700 3666 1898 3728 curatoribus.
2274 3669 2290 3718 t
2304 3669 2324 3716 1.

312 3850 334 3884 τ·
347 3828 381 3901 ἐ·
485 3786 599 3890 istos
620 3829 656 3889 ex
678 3824 847 3902 διαθήκης
869 3825 1063 3908 ἐπιτρόπων.
1413 3828 1451 3888 de
1474 3826 1623 3888 tutoribus
1646 3846 1685 3888 ex
1707 3826 1887 3888 testamenti.
2276 3829 2292 3878 ι.
2304 3828 2328 3878 2.

312 3989 382 4063 ²·t'·
485 3946 508 4050 It
531 3987 677 4068 νομίμων
701 3986 896 4070 ἐπιτρόπων.
1413 3987 1451 4049 de
1473 3986 1624 4049 tutoribus
1647 3985 1797 4065 legitimis.
2281 3990 2335 4040 ts.

311 4116 334 4151 τ·
348 4097 382 4160 ἔ·
485 4094 570 4167 τίνες
593 4096 722 4156 αἰτοῦσι
739 4092 959 4176 κουράτωρας
978 4088 1035 4153 καί
1051 4091 1248 4175 ἐπιτρόπους
1263 4089 1319 4155 καὶ
1414 4093 1478 4172 Qui
1500 4102 1608 4174 petunt
1627 4101 1781 4155 curatores
1801 4100 1832 4153 et
1848 4100 1961 4153 tutores
1980 4089 2079 4152 stubi
2097 4097 2249 4170 petuntur.
2284 4098 2301 4147 t.
2312 4098 2335 4146 ε.

419 4208 484 4264 ποῦ
506 4203 689 4263 αἰτοῦνται.

315 4383 337 4417 τ·
351 4363 381 4426 ζ’·
486 4319 723 4435 ύιδιωκήσεως
745 4360 931 4442 ἐπιτρόπων
953 4357 1010 4421 καλ
1026 4360 1244 4443 κουρατόρων
1263 4355 1320 4421 καὶ
1415 4361 1454 4422 de
1477 4359 1736 4423 administratione
1759 4367 1894 4421 tutorum
1917 4368 1949 4420 et
1970 4367 2143 4420 curatorum
2167 4354 2251 4416 etde
2287 4364 2337 4416 tt.

418 4444 441 4547 ri
468 4482 622 4547 κινδύνου
649 4483 773 4561 αὐτῶν,
801 4481 918 4556 οἵτινες
945 4481 1130 4565 ἐδιηύκησαν
1158 4482 1177 4558 l>
1201 4483 1241 4545 ού
1263 4480 1320 4545 καί
1346 4466 1481 4548 ΡθῐῗθῑῐῙθ
1503 4487 1614 4540 emm»
1638 4467 1690 4549 qui
1705 4466 1991 4528 admisslttravertmt
2012 4465 2060 4528 vel
2084 4485 2144 4529 11011
2168 4471 2199 4524 et
2214 4463 2252 4523 de

269 4666 311 4735 sol
332 4669 374 4718 12,
418 4588 490 4675 “⁸9²
513 4591 701 4671 IWVIIWW
723 4588 743 4666 l
766 4592 971 4672 lvoel‘lllli'ffl’
993 4586 1064 4663 ἐνὸς
1084 4588 1103 4665 ἀ
1120 4589 1260 4653 cottae:
1278 4626 1320 4635 -
1347 4575 1385 4635 ils
1408 4576 1460 4654 qui
1483 4582 1579 4654 agunt
1601 4572 1649 4636 vel
1672 4574 1899 4647 conveniuntur,
1922 4593 1982 4634 uno
2005 4591 2059 4633 seu
2081 4570 2228 4651 pluribus.

312 4774 334 4808 τ.
348 4754 381 4823 η’.
485 4748 569 4833 Περὶ
594 4749 792 4822 αύθεντείας
813 4746 870 4812 καλ
896 4752 1111 4822 συναινέσεως
1134 4750 1321 4834 ἐπιτρόπων
1414 4751 1452 4812 de
1483 4750 1665 4814 auctoritate
1696 4758 1728 4811 et
1758 4769 1907 4812 consensu
1938 4760 2073 4812 tutorum
2104 4757 2135 4810 ot
2166 4767 2251 4809 cura·
2288 4758 2306 4807 t.
2318 4757 2340 4806 t.

418 4855 475 4919 καὶ
498 4856 729 4941 κουρατόρωνε
753 4893 795 4903 -
1348 4868 1457 4920 torum.

306 5004 328 5038 τ,
341 4984 382 5038 θ’,
484 4961 537 5024 Ἐκ
568 4963 666 5026 ποίου
697 4963 833 5049 φάκτου
865 4962 1037 5045 ἐπίτροποι
1066 4960 1086 5039 ή
1117 4964 1322 5047 κουράτορες
1414 4986 1453 5026 ex
1475 4985 1536 5044 quo
1563 4964 1645 5026 facto
1673 4973 1786 5026 tutores
1809 4964 1859 5027 vol
1886 4963 2032 5024 curatoris
2055 4962 2154 5022 minus
2183 4981 2251 5022 oon·
2288 4989 2307 5038 t.
2321 4989 2342 5038 η,

419 5065 522 5146 ήττον
544 5069 729 5151 ἐνάγεσθαι
754 5067 774 5145 ή
797 5071 1020 5152 συνέρχεσθαι
1045 5068 1217 5133 δύνανταιι
1241 5106 1283 5116 -
1348 5072 1444 5134 veniri
1465 5081 1601 5152 possunt

304 5199 326 5233 τ.
339 5177 382 5250 ιβ’.
479 5172 578 5239 Ὥστε
594 5174 770 5249 ἀκωλύτως
785 5174 1007 5259 ἐπιτροπεύειν
1022 5173 1083 5250 τάς
1098 5178 1241 5259 μητέρας
1256 5185 1323 5238 τῶν
1415 5186 1450 5240 ut
1472 5178 1536 5239 sine
1558 5177 1774 5258 Impedimento
1800 5176 1927 5239 tutelam
1954 5176 2117 5239 liberorum
2139 5183 2250 5236 matres
2288 5185 2307 5234 t.
2324 5185 2357 5235 lt

420 5282 557 5363 παίδων,
581 5286 608 5345 εέ
622 5281 680 5346 καλ
696 5280 904 5355 ὑπευθύνους
919 5278 1042 5355 αὐτούς
1057 5285 1170 5360 έγοιεν,
1187 5280 1207 5358 I]
1223 5285 1250 5344 el
1265 5279 1320 5344 καί
1348 5295 1457 5365 gerant
1483 5294 1514 5346 et
1544 5285 1570 5346 si
1602 5284 1751 5346 debitores
1780 5304 1832 5345 eos
1859 5283 1992 5346 habeant
2023 5282 2072 5346 vel
2099 5283 2143 5343 eis
2169 5281 2251 5342 debi-

420 5384 482 5451 είεν
504 5390 618 5463 αὐτοῖς
640 5386 822 5452 ὑπεύθυνοι
838 5386 896 5451 καί
911 5387 991 5470 μηδὲ
1007 5386 1109 5474 ὅρκου
1128 5387 1321 5467 ύπεγούσας,
1350 5401 1429 5453 tores
1456 5392 1518 5453 sint
1544 5399 1575 5453 et
1601 5410 1700 5470 noque
1721 5391 1922 5453 iuramentum
1950 5398 2103 5470 praestent
2128 5409 2189 5449 non
2213 5388 2251 5449 ad

420 5496 465 5568 ὡς
480 5495 520 5558 ού
536 5494 840 5580 δευτερωγαμούσιν
861 5493 919 5558 καί
943 5493 1015 5579 περὶ
1038 5503 1100 5559 τοῦ
1119 5495 1321 5558 ὑποκεῖσθαι
1351 5498 1461 5560 alteras
1483 5498 1606 5578 nuptias
1629 5517 1661 5558 se
1683 5497 1864 5559 transituras
1887 5506 1918 5558 et
1940 5497 1978 5559 de
2000 5496 2183 5558 subiciendis
2209 5496 2251 5556 eis

423 5598 528 5675 αύτάς
551 5610 621 5675 τοῖς
643 5605 869 5686 ἐπιτροπικοῖς
892 5601 1074 5684 λογισμοῑςι
1099 5639 1141 5648 -
1351 5606 1470 5667 tutoriis
1492 5604 1669 5666 rationibus.

767 5777 897 5832 ΒΙΒΛΙΟΝ
916 5778 979 5831 ΛΗ’.
1653 5778 1770 5834 LIBER
1786 5778 1952 5835 XXXVIII.

315 5909 337 5943 ι.
350 5891 386 5944 α’.
467 5883 551 5967 Περὶ
571 5886 749 5972 ἀποφυγής
768 5887 870 5966 ήγουν
890 5885 1080 5960 ἀπολύσεως
1099 5885 1243 5967 εὐλόγων
1261 5890 1325 5950 ἐπι·
1419 5888 1457 5949 de
1472 5888 1582 5966 effugio
1605 5888 1669 5951 sive
1692 5887 1869 5950 liberatione
1891 5908 1930 5949 ex
1947 5888 2034 5948 iustis
2054 5888 2152 5949 causis
2175 5896 2253 5948 tuto
2290 5897 2308 5946 t.
2324 5900 2350 5947 ι.
2468 5950 2473 5987 :

422 5992 557 6075 τρόπων
578 5990 636 6055 καλ
658 5992 888 6076 κουρατόρωνε
912 6029 953 6039 -
1353 6016 1420 6055 rum
1443 6004 1474 6057 et
1497 6003 1678 6056 curatorum.
