4978 7018
266 1667 382 1735 soito'.
485 1665 590 1729 ΑΡΧΗ
616 1663 694 1729 (ΥΝ
719 1664 800 1730 θΕΩ
822 1663 906 1730 ΤΟΥ
930 1665 950 1728 Γ
955 1663 963 1686 ’
987 1663 1143 1730 ΒΙΒΛΙΟΥ
1167 1665 1258 1730 ΗΤΟΙ
1363 1664 1541 1727 INITIUM
1564 1664 1659 1728 CUM
1680 1663 1772 1727 DEO
1794 1663 1941 1726 ΤΕΒΤΠ
1962 1661 2084 1727 LIBRI
2105 1662 2220 1727 Inani

690 1788 774 1854 ΤΟΥ
797 1791 817 1854 Γ
821 1787 829 1810 ’
852 1789 1052 1855 Titioue.
1655 1787 1803 1852 TERTII
1824 1788 1943 1852 TOMI.

672 2027 799 2082 ΒΙΒΛΙΟΙΙ
816 2028 879 2095 ΛΑ’,
897 2026 1016 2081 ΤΙΤΛΟ(
1034 2028 1065 2081 Α’
1570 2028 1686 2084 LIBER
1703 2029 1812 2096 XXXI,
1830 2026 1997 2086 'I'ITULUS
2015 2027 2030 2082 1

493 2113 515 2207 si
534 2152 635 2207 τούτων
653 2152 749 2216 οἵτινες
766 2150 836 2207 λάλον
854 2151 870 2222 ἢ
889 2153 1029 2226 ἀλλοτρίου
1047 2151 1152 2207 όιιιοιλον
1169 2152 1245 2207 εἰσίν.
1517 2154 1551 2210 de
1569 2156 1605 2210 iis
1623 2156 1672 2226 qui
1690 2155 1734 2209 aui
1751 2153 1798 2211 vel
1815 2152 1902 2209 alieni
1919 2154 1988 2208 iuris
2006 2156 2080 2208 snut.

483 2295 517 2362 ‘O
540 2297 736 2380 μαινόμενος
762 2300 826 2375 ἔχει
853 2294 932 2371 τοὺς
960 2296 1081 2372 παῖδας
1108 2297 1321 2380 ὑπεξονσίονς
1414 2298 1560 2362 Fiuicaus
1581 2299 1675 2362 habet
1696 2298 1807 2362 liberos
1829 2300 1861 2360 in
1883 2306 2035 2380 potestate
2058 2307 2090 2360 et
2105 2297 2155 2378 qui
2176 2304 2237 2358 ante

418 2403 477 2468 καὶ
500 2401 578 2478 τοὺς
605 2402 670 2487 πρὸ
698 2414 757 2480 της
784 2404 905 2485 μανίας
932 2402 990 2467 ιιαλ
1018 2400 1096 2479 τοὺς
1122 2403 1191 2485 μετ’
1217 2400 1322 2480 αὐτὴν
1348 2406 1478 2469 furorem
1500 2415 1533 2469 et
1547 2407 1600 2487 qui
1614 2415 1723 2488 postea
1737 2406 1802 2468 nati
1817 2406 1993 2487 conceptive
2007 2414 2088 2467 sunt
2106 2403 2152 2485 [fr.
2168 2406 2185 2465 8
2199 2423 2237 2484 pr.

420 2512 607 2589 τεγθόντας
634 2510 654 2588 η
681 2507 963 2597 συλληφθέντας.1
1013 2512 1061 2592 [fr.
1078 2514 1097 2573 8
1113 2533 1157 2593 pr.
1177 2511 1217 2572 D.
1236 2513 1263 2584 1,
1280 2513 1321 2591 6.]
1348 2515 1388 2576 D.
1406 2519 1434 2590 1,
1451 2516 1493 2595 6.]
1536 2512 1617 2575 idem
1640 2513 1709 2594 [est]
1731 2513 1802 2575 etsi
1824 2533 1903 2574 uxor
1920 2511 2021 2575 furere
2038 2512 2174 2592 coeperit,
2193 2508 2238 2573 rel

419 2616 459 2682 τό
482 2616 565 2682 αὐτὸ
588 2616 653 2681 κάν
676 2615 794 2699 ηγννὴ
816 2620 917 2705 μανῇ
939 2615 1035 2694 λιταὶ
1059 2620 1092 2681 οἱ
1109 2616 1182 2680 δύο·
1206 2625 1322 2699 γαμεῖν
1349 2622 1447 2685 ambo.
1484 2620 1710 2683 matrimonium
1724 2620 1805 2682 enim
1822 2619 1898 2682 inire
1913 2618 2045 2681 finriosus
2061 2638 2121 2680 non
2143 2624 2238 2699 potet

418 2725 477 2808 μὲν
498 2723 564 2809 γάρ
588 2726 607 2787 ό
622 2725 819 2806 μαινόμενος
838 2726 878 2788 οὐ
893 2723 1043 2807 δύναται,
1065 2721 1148 2806 μετά
1164 2722 1198 2786 δὲ
1213 2724 1322 2805 γάμον
1348 2739 1419 2811 post
1433 2737 1535 2790 autem
1551 2728 1776 2791 matrimonium
1791 2747 1853 2789 non
1862 2727 2022 2791 solvuntur
2030 2724 2178 2807 (nuptiae)
2185 2724 2240 2786 sive

420 2832 460 2895 οὐ
483 2830 650 2895 διαλύεται
674 2835 737 2913 εἴγε
760 2833 779 2894 ό
802 2828 846 2907 εἷς
873 2842 941 2895 τῶν
964 2829 1208 2895 συνοικούντων
1230 2826 1321 2893 ὕστε-
1349 2836 1426 2898 alter
1440 2856 1545 2898 eorum
1567 2836 1618 2915 qui
1640 2835 1736 2897 iuncti
1751 2842 1823 2896 sunt
1837 2834 1901 2896 sive
1916 2833 2006 2895 ambo
2028 2832 2129 2895 fineis
2149 2849 2241 2910 caepa

420 2961 481 3023 ρον
512 2943 600 3027 μανῇ
629 2938 648 3017 η
675 2938 733 3003 καὶ
761 2941 794 3002 ολ
821 2938 880 3002 δύο
907 2936 964 3002 καλ
993 2938 1245 3023 προεπορὶζεται
1274 2939 1322 3017 ti*
1348 2944 1410 3005 rint
1427 2954 1458 3005 et
1479 2942 1592 3004 tinioso
1611 2942 1781 3022 adquiritur
1802 2960 1858 3022 per
1874 2940 1952 3003 filios
1970 2941 2045 3002 eius.
2093 2939 2129 3000 fr.
2144 2941 2172 3001 8.
2187 2943 2202 3014 fi
2219 2940 2241 2996 l.

419 3049 604 3128 μαινομένῳ
628 3043 685 3110 διά
708 3056 775 3109 τῶν
798 3048 903 3111 αὐτοῦ
925 3044 1061 3109 παίδων.
1160 3043 1196 3106 fr.
1213 3044 1242 3107 8.
1258 3050 1275 3120 ξ
1293 3046 1321 3103 1.

484 3170 535 3233 Ἐν
566 3178 637 3244 τοῖς
670 3170 842 3254 δημοσίοις
874 3172 892 3233 ὁ
925 3167 1119 3252 ὑπιξοόσιος
1150 3171 1194 3243 ὡς
1230 3169 1321 3231 αὐτο·
1414 3174 1454 3236 In
1476 3172 1606 3255 publicis
1633 3174 1762 3255 negotiis
1789 3172 2003 3235 filiusfamilias
2031 3180 2178 3252 tanquam
2203 3168 2243 3229 sui

418 3278 553 3361 ξούσιος
575 3275 884 3363 παραλαμβάνεται,
908 3273 980 3340 οἷον
1002 3280 1036 3338 ἐν
1058 3279 1106 3357 τῷ
1123 3283 1322 3360 στρατηγεῖν
1349 3282 1421 3342 iuris
1453 3281 1607 3361 accipitur,
1638 3279 1732 3343 veluti
1760 3287 1796 3341 ut
1822 3281 2031 3361 magistratum
2065 3287 2096 3341 et
2126 3275 2244 3340 tutelam

419 3383 476 3448 καὶ
500 3383 735 3469 ὲπιτροπεόεινε
752 3382 815 3431 -2
1239 3382 1276 3444 fr.
1293 3385 1321 3443 9.
1348 3396 1443 3466 geret
2171 3382 2205 3444 fr.
2220 3383 2244 3441 9.

243 3622 279 3677 B.
292 3624 330 3686 λζ
348 3625 401 3677 τῶν
658 3622 778 3677 ΤΙΤΛΟ(
798 3623 840 3691 B',
860 3622 992 3677 ΒΙΒΛΙΟΥ
1010 3621 1083 3676 tw·
1569 3624 1737 3684 TITULUS
1754 3625 1793 3694 Π,
1811 3623 1917 3680 LIBRI
1935 3623 2035 3680 XXXI
2280 3623 2335 3706 titi

251 3695 388 3820 aazia?
418 3709 439 3801 ai
457 3750 504 3815 τῆς
522 3746 696 3818 ὀφειλομένην
718 3754 775 3808 ταῖς
791 3750 917 3821 γονεῦσιν
939 3746 1076 3820 ὑποταγῆς
1093 3748 1139 3800 καὶ
1155 3706 1177 3799 it
1194 3746 1322 3817 πατρικῆς
1349 3749 1384 3803 de
1411 3748 1574 3820 parentibus
1600 3749 1696 3807 debito
1724 3750 1858 3822 obsequio
1886 3749 1973 3805 etde
1995 3750 2090 3820 patria
2116 3750 2246 3818 potestate
2260 3695 2348 3822 ,mi

476 3980 616 4052 γονμένων
633 3982 678 4032 κοιλ
695 3940 716 4032 ri
735 3977 866 4048 ὀνόματος
883 3976 980 4040 παιδὸς
997 3977 1264 4047 ἀποκαθισταμένην,
1722 3928 1879 3984 exhibendi

487 4121 587 4222 ligia
604 4124 813 4208 στρατιώτας
828 4120 898 4196 υίὸς
907 4119 967 4199 τῆν
983 4119 1150 4205 εὐσέβειαν
1162 4126 1328 4205 roccum·
1416 4125 1459 4188 Et
1481 4126 1568 4188 miles
1590 4125 1670 4188 filius
1692 4127 1837 4208 pietatem
1859 4126 2040 4207 [pressure]
2060 4125 2154 4188 debet
2176 4121 2247 4203 pani·

420 4233 468 4311 τῷ
491 4252 549 4314 πρι
572 4227 629 4293 καλ
648 4230 852 4313 ἁμαρτάνων
868 4234 911 4302 εἰς
930 4225 1034 4292 αὐτόν
1048 4227 1223 4307 κολάζεται
1240 4223 1322 4309 πρὸς
1350 4242 1380 4295 et
1402 4234 1428 4294 si
1450 4244 1557 4313 peccat
1578 4235 1612 4294 in
1638 4253 1708 4295 eum
1732 4234 1899 4314 castigatur
1924 4252 1979 4314 pro
2004 4233 2099 4294 modo
2123 4228 2248 4294 admissi

419 4333 459 4400 τὸ
482 4339 604 4421 μέτρον
627 4344 688 4399 τοῦ
709 4336 963 4421 άμαρτήματοςι
987 4336 1045 4382 -⁴
1089 4335 1322 4407 fr.1.1).3i,1o.
1977 4338 2014 4400 fr,
2033 4342 2061 4400 1,
2078 4338 2247 4411 D,37,15.

488 4458 557 4524 Καὶ
574 4459 964 4544 οἰσννελενθερωθέντες
979 4462 1020 4546 τῇ
1035 4444 1100 4545 μρῙ
1108 4455 1323 4541 τιμάναότὴν
1416 4463 1459 4526 Et
1480 4465 1533 4545 qui
1555 4485 1624 4527 cum
1647 4474 1744 4527 matre
1766 4464 1944 4526 manumissi
1972 4473 2045 4527 sunt
2068 4484 2137 4526 eam
2159 4461 2249 4524 colera

420 4565 642 4655 όςοιόλονσιν.ὃ
1160 4565 1195 4628 fr.
1214 4569 1242 4626 1.
1258 4571 1275 4642 ᾗ
1294 4567 1321 4624 1.
1349 4571 1469 4633 debent
2093 4570 2131 4632 ir.
2150 4572 2207 4643 1.§
2225 4568 2249 4625 1.

484 4690 517 4756 Ὁ
535 4677 610 4777 ’π’ρα
632 4676 739 4774 iffi
751 4688 810 4779 ὑφ’
829 4686 876 4753 ὧν
890 4691 1064 4777 ἀνετράφη
1084 4691 1208 4772 γόητας
1223 4690 1322 4753 εἰπάν
1416 4695 1480 4773 Qui
1510 4704 1629 4776 patrem
1661 4704 1838 4771 matremve,
1866 4695 2018 4776 aquibus
2045 4695 2181 4758 nutritus
2201 4698 2249 4762 0⁸¹2

420 4799 558 4881 ἀνάξιος
581 4808 640 4875 της
663 4799 841 4884 στρατείας
864 4835 906 4845 -
929 4794 1002 4860 —.⁰
1026 4838 1033 4855 .
1161 4798 1196 4858 ir.
1215 4800 1242 4858 1.
1259 4803 1275 4874 ἓ
1293 4799 1322 4857 3.
1349 4803 1529 4882 impostores
1544 4802 1662 4877 dixerit,
1678 4803 1819 4882 indignus
1835 4802 1943 4864 militia
1959 4838 2001 4848 -
2017 4837 2060 4848 -
2105 4800 2143 4862 t‘r.
2156 4802 2183 4860 1.
2199 4797 2250 4873 53.

484 4922 517 4988 Ὁ
543 4919 604 4987 τόν
627 4922 732 4987 παῖδα
754 4921 806 4987 ἐπὶ
827 4919 913 4987 πολὺ
939 4919 984 4987 τά
1005 4932 1074 4986 τῶν
1100 4922 1323 5004 αὐτεξουσίων
1416 4926 1480 5005 Qui
1502 4925 1598 4988 fllium
1621 4925 1673 4987 diu
1695 4946 1805 5007 passus
1827 4926 1919 4989 fuerit
1940 4936 2091 5007 tanquam
2114 4925 2162 4988 sui
2183 4921 2251 4983 imis

420 5030 524 5104 ἐάσας
547 5031 706 5112 πράττειν
728 5027 785 5093 καλ
808 5027 871 5094 ὑπὸ
895 5031 1082 5115 ἐπιτρόπων
1112 5028 1214 5093 τελεῖν
1244 5028 1323 5110 πρό·
1350 5053 1383 5095 se
1405 5053 1508 5114 gerere
1530 5043 1561 5095 et
1581 5033 1614 5094 in
1635 5032 1734 5095 tutela
1755 5033 1870 5096 versari
1896 5033 2120 5114 praeiudicium
2142 5030 2253 5113 patitur

419 5157 523 5219 κριμα
539 5138 658 5215 πάσγει
670 5136 743 5223 περὶ
753 5135 813 5214 τὴν
828 5136 1091 5219 ὑπεξονσιότητα
1105 5144 1168 5199 τοῦ
1181 5133 1323 5209 παιδός.7
1350 5139 1388 5200 de
1409 5139 1510 5220 patria
1531 5139 1564 5200 in
1586 5139 1681 5201 filium
1703 5149 1861 5221 potestate
2022 5160 2047 5201 c
2063 5140 2090 5200 I.
2108 5138 2143 5200 Ο.
2161 5139 2189 5211 8,
2204 5136 2252 5197 46.

872 5254 876 5259 “
1025 5264 1050 5306 c
1069 5246 1096 5305 1.
1112 5242 1145 5306 (λ
1162 5241 1254 5317 VIH,
1269 5245 1322 5304 46.

377 5424 383 5436 .
484 5366 518 5433 Ὁ
540 5366 733 5451 ὑπεξούσιος
760 5365 827 5431 ὅσα
853 5372 902 5450 τῷ
925 5354 986 5454 π-ρι
1016 5366 1253 5453 προσεπόριζεν
1285 5367 1324 5430 οὐ
1417 5368 1645 5432 Filiusfamilias
1668 5391 1877 5451 quaecumque
1902 5373 1982 5452 patri
2008 5371 2176 5452 quaesierit
2196 5386 2254 5429 non
2285 5379 2305 5429 i.

422 5474 562 5538 δύναται
578 5479 731 5539 λνιποιιῖν·
748 5481 774 5538 εἰ
789 5474 823 5538 δὲ
838 5473 1039 5561 ὑβριστικῶς
1049 5475 1141 5555 αὐτῷ
1154 5477 1322 5558 κέχρηται,
1350 5486 1452 5557 potest
1481 5476 1625 5550 alienam
1658 5478 1684 5539 si
1711 5496 1785 5541 voro
1811 5498 1882 5539 eum
1914 5479 2105 5541 contumeliis
2137 5473 2254 5544 adfecit

420 3835 546 3899 ἐξννσὶας
563 3839 608 3890 καὶ
628 3839 690 3909 περὶ
709 3834 814 3890 παίδων
833 3836 1096 3906 ἀποκαθισταμένων
1114 3832 1174 3903 ἤτοι
1190 3852 1322 3907 χαραγω·
1350 3845 1378 3894 et
1396 3838 1431 3895 de
1448 3838 1545 3895 liberis
1562 3839 1727 3896 exhibendis
1744 3856 1795 3895 seu
1813 3839 1947 3894 ducendis
1970 3838 2052 3893 etde
2072 3838 2184 3892 nominc
2201 3832 2247 3888 filii

494 5759 637 5830 ¹hucnsq.
657 5757 724 5830 Syn.
818 5757 1010 5814 ¹Exscholis
1028 5757 1167 5814 amno.
1261 5757 1325 5812 ⁸In

421 5854 562 5919 postrema
579 5848 663 5904 huius
681 5849 756 5903 tituli
774 5854 854 5920 perte
872 5848 1046 5903 restituenda
1067 5848 1150 5919 longe
1173 5865 1190 5903 a
1206 5849 1325 5903 veritate

423 5936 564 5992 aberravit
581 5937 637 5993 Hb.
709 5935 782 5992 ⁴cf.
802 5936 869 6008 Syn.
942 5936 1134 6008 ‘habetSym
1207 5934 1324 5991 ‘simii

424 6024 491 6097 Syn.
565 6026 635 6080 'Ex
653 6024 765 6081 scholiis
782 6025 848 6081 Bas.
867 6024 923 6080 HL.
