4680 7114
164 1020 313 1092 (θνητῶν
327 1039 393 1092 ras·
407 1022 460 1091 ⁵2)

353 1234 479 1306 [LIBER
495 1234 616 1304 XXXV,
633 1235 800 1294 TITULUS
817 1237 879 1309 xi]
1279 1236 1405 1307 [LIBER
1422 1238 1542 1307 XXXV,
1559 1238 1726 1297 TlTULUS
1743 1240 1806 1312 XL]

164 1388 184 1482 ᾗ
212 1419 275 1459 τινι
301 1395 378 1463 καλ1
406 1395 479 1480 περί
511 1394 555 1461 τά
587 1401 692 1463 οἰκεῖα
723 1402 893 1483 ἐκέχρητο·
926 1396 1003 1472 τοὺς
1030 1397 1064 1461 δὲ
1092 1419 1153 1479 quo
1170 1408 1201 1463 st
1218 1400 1299 1462 circe
1315 1420 1363 1463 res
1384 1402 1522 1483 proprios
1539 1402 1694 1477 utebatur;
1717 1412 1823 1484 pertus
1845 1423 1917 1467 vero
1940 1425 1992 1466 en-

165 1499 320 1578 τοκετοὺς
337 1515 405 1566 τῶν
423 1505 642 1587 θεραπαινῶν
659 1503 717 1569 καλ
739 1503 817 1581 τοὺς
839 1517 906 1570 τῶν
921 1516 1065 1570 τοκετῶν
1091 1505 1230 1567 cillarum
1260 1516 1291 1568 et
1317 1516 1460 1587 partuum
1490 1516 1597 1589 pertus
1623 1510 1734 1584 reddit;
1766 1532 1827 1573 non
1854 1512 1933 1573 euim
1960 1512 1991 1573 in

165 1607 320 1685 τοκετοὺς
351 1612 642 1689 ἀποκαθίστησιν·
675 1613 714 1676 οὐ
740 1614 807 1697 γάρ
839 1618 901 1677 είσι
931 1613 1063 1698 καρποί.
1092 1611 1239 1674 fructibus
1271 1623 1349 1677 suut
1404 1614 1519 1696 excipit
1549 1624 1652 1678 temen
1685 1637 1881 1697 quaecunque
1912 1619 1993 1681 circs

165 1716 331 1802 ὑπεξαιρεῑ
366 1718 399 1780 δὲ
432 1715 498 1782 ὅσα
536 1717 607 1802 περί
642 1717 702 1797 τῆν
737 1721 960 1804 κληρονομίαν
993 1719 1064 1784 idoc-
1092 1718 1288 1782 hereditatem
1311 1721 1465 1803 impendit
1511 1722 1631 1785 sivero
1654 1732 1790 1804 tempore
1813 1724 1901 1787 sedes
1929 1727 1993 1787 sine

164 1825 316 1901 πάνησεν.
362 1829 389 1887 εί
417 1825 450 1889 δὲ
477 1829 525 1907 τῷ
549 1828 663 1910 χρόνῳ
695 1825 739 1892 τά
771 1828 937 1910 οἰκήματα
960 1825 1065 1911 γαρλς
1092 1826 1185 1907 culpe
1206 1828 1271 1888 eius
1297 1846 1353 1907 per
1375 1848 1463 1889 usum
1487 1829 1655 1910 adquisitae
1677 1841 1756 1905 sunt,
1779 1851 1840 1892 non
1863 1841 1991 1894 tenetur.

164 1930 338 2013 ραθυμίας
361 1932 466 1995 αὐτοῦ
487 1929 544 1998 διά
566 1943 624 2010 τῆς
642 1934 792 2018 χρήσεως
810 1933 1063 2018 ὲκυριεόθησαυ,
1635 1935 1671 1997 fr.
1688 1939 1739 1998 23.
1757 1943 1773 2014 ξ
1791 1941 1819 1999 3.
1836 1938 1875 2000 Ι).
1893 1942 1943 2013 36,
1962 1942 1989 2001 1.

164 2038 204 2101 οὐ
225 2037 386 2102 καλεῖταιε
404 2076 446 2086 -
711 2042 747 2104 fr.
764 2045 895 2119 2353.
910 2043 950 2105 D.
967 2043 1018 2115 36,
1036 2045 1079 2129 1.;

228 2141 302 2208 Ἐάν
329 2146 535 2228 ἐκστήσομαι
564 2145 624 2226 την
652 2149 829 2234 θυγατέρα
855 2170 919 2230 μου
945 2138 1078 2234 nispe-l
1157 2147 1190 2209 Si
1207 2147 1302 2208 filium
1316 2168 1415 2210 mecm
1433 2148 1573 2210 heredem
1588 2150 1745 2213 instituere
1761 2171 1888 2233 eamque
1907 2173 1992 2233 roge·

163 2252 265 2334 νόμον
300 2249 358 2315 καλ
395 2252 529 2336 ἀξιώσει
562 2252 667 2332 αὐτὴν
699 2255 828 2321 δίπαιδα
853 2256 1064 2319 ’τελευτῶσαν
1090 2273 1171 2327 vero,
1193 2262 1237 2328 ut,
1261 2255 1285 2316 si
1301 2255 1365 2317 siue
1379 2254 1480 2318 liberis
1496 2255 1664 2331 decesserit,
1687 2257 1778 2319 Petro
1793 2258 1991 2321 hereditatem

163 2361 442 2434 ἀποκαταστῆσαι
467 2364 576 2442 πέτρῳ
599 2359 659 2424 τὸν
681 2362 805 2448 κλῆρον
827 2361 884 2426 καλ
908 2362 1066 2447 πρὸικίση
1090 2361 1230 2423 restituat
1252 2370 1283 2423 et
1305 2362 1363 2424 sihi
1384 2362 1485 2424 dotem
1509 2364 1703 2435 constituerit,
1731 2363 1839 2426 deinde
1861 2366 1991 2427 moriens

162 2464 296 2546 ἑαυτὴν,
323 2461 395 2530 εἶτα
417 2464 477 2531 τόν
500 2466 609 2550 ἀνδρα
637 2469 821 2532 τελευτῶσα
848 2470 967 2554 γράψῃ
989 2469 1062 2544 κλη-
1075 2478 1078 2551 ᾗ
1091 2468 1189 2529 virum
1212 2468 1352 2530 heredem
1376 2470 1536 2551 scripserit,
1558 2470 1707 2550 excipitur
1729 2471 1783 2533 dos
1801 2491 1821 2533 ε
1841 2470 1991 2534 fideicom-

163 2572 321 2657 ρονόμον,
344 2572 566 2656 ὑπεξαιρεῖται
590 2577 610 2651 i]
634 2574 733 2659 προὶξ
755 2582 791 2639 ἐκ
812 2585 874 2639 τοῦ
896 2575 1062 2662 ψιδεικομ-
1091 2576 1189 2648 misso,
1222 2595 1259 2637 ac
1286 2577 1311 2636 si
1339 2576 1420 2656 quod
1446 2576 1642 2657 superfuisset
1667 2585 1776 2657 rogato
1802 2585 1881 2640 esset
1906 2579 1990 2640 resti·

161 2680 292 2759 μίσσου,
316 2677 421 2763 ὥςπερ
445 2684 472 2743 sl
494 2678 534 2744 τό
555 2683 868 2764 περιλιμπανόμενον
883 2679 1182 2757 ἐκελεύσθηεοετε.
1229 2682 1310 2762 quod
1342 2684 1367 2743 si
1403 2691 1449 2743 tot
1479 2682 1595 2745 fructus
1632 2684 1695 2745 filia
1732 2686 1878 2766 percepit,
1917 2694 1992 2766 quot

162 2786 452 2863 ἀποκαταστῆσαι.
498 2792 524 2851 sl
552 2787 586 2851 δὲ
613 2788 796 2863 τοσούτους
822 2786 971 2872 καρποὺς
993 2789 1066 2851 ἔλα,
1090 2798 1213 2868 possent
1241 2789 1340 2851 dotem
1369 2789 1494 2863 efficere,
1521 2810 1560 2851 ex
1586 2790 1623 2852 iis
1645 2800 1676 2852 et
1699 2810 1759 2853 non
1782 2812 1819 2854 ex
1841 2791 1990 2854 fideicom-

161 2891 218 2977 βου
249 2895 269 2969 ῆ
300 2894 459 2979 θυγάτηρ
491 2891 566 2958 όσοι
603 2894 761 2960 δύνανται
798 2896 971 2979 πληρῶσαι
1003 2893 1063 2972 τὴν
1090 2896 1181 2958 misso
1203 2895 1258 2958 dos
1281 2897 1429 2977 praestari
1452 2896 1549 2958 debet
1806 2898 1841 2959 ir.
1859 2900 1909 2961 23.
1927 2904 1943 2975 ξ
1959 2901 1989 2961 4.

161 3007 294 3082 προῖκα,
317 3000 350 3083 ἐξ
374 3000 485 3063 αὐτῶν
506 2999 563 3065 καλ
582 3002 643 3066 οὐκ
660 3007 696 3065 ὲκ
710 3011 772 3065 τοῦ
787 3002 1063 3089 φιδεικομμίσσου

162 3106 284 3192 ὀφείλει
308 3105 455 3183 δοθῆναι
478 3109 498 3183 ὴ
522 3108 633 3192 προίξε
649 3145 691 3156 -
878 3109 913 3171 fr.
931 3112 981 3172 23.
998 3115 1015 3185 ξ
1032 3113 1061 3170 4.

226 3209 300 3276 Ἔάν
331 3214 464 3297 ἀξιώσω
497 3211 556 3277 τὸν
582 3216 789 3298 κληρονόμον
816 3237 881 3297 μου
907 3213 947 3279 τό
975 3236 1060 3295 περι·
1156 3214 1189 3277 Si
1219 3234 1365 3294 rogavero
1397 3215 1535 3278 heredem
1566 3236 1680 3290 meum,
1713 3224 1747 3277 ut
1777 3218 1922 3297 quidquid
1950 3219 1991 3280 ed

161 3320 338 3402 ερχόμενον
360 3326 404 3395 είς
426 3317 531 3384 αὐτόν
557 3322 683 3396 εὐθέως
709 3325 1061 3404 ἀποκαταστῆσαιτῴ
1089 3341 1157 3383 eum
1183 3323 1353 3402 pervenerit
1379 3322 1483 3383 statim
1506 3321 1568 3384 lilio
1591 3343 1657 3384 meo
1679 3324 1862 3398 restitueret,
1893 3333 1936 3398 et,
1964 3325 1989 3385 si

163 3427 220 3507 υίῷ
242 3448 321 3507 μου,
349 3431 376 3490 εί
404 3426 438 3491 δὲ
464 3427 522 3491 καλ
545 3430 775 3514 προαποθάνῃ
803 3434 844 3516 τῇ
866 3415 929 3514 μ-’ρι
947 3430 1059 3509 αὐτοῦ,
1088 3430 1172 3508 prius
1195 3428 1362 3503 decesserit
1385 3429 1476 3490 metri
1498 3429 1575 3503 eius,
1603 3430 1666 3491 sive
1689 3440 1759 3492 ente
1781 3430 1861 3492 diem
1883 3431 1990 3493 cederi·

159 3528 218 3596 ἐάν
245 3531 265 3609 ἢ
292 3531 357 3618 πρὸ
385 3545 443 3611 τῆς
470 3536 711 3621 προγωρησεως
738 3535 758 3613 η
785 3533 999 3617 paciscere
1021 3534 1061 3600 τό
1088 3543 1151 3596 tem
1182 3535 1245 3597 sive
1275 3544 1382 3615 postes
1416 3535 1496 3596 filius
1529 3535 1701 3611 decesserit,
1736 3538 1826 3599 metri
1863 3537 1991 3601 debetur

161 3639 295 3703 παιδίον
322 3641 499 3727 ἀποθάνῃ,
532 3646 573 3728 τῇ
599 3640 698 3726 μητρλ
729 3640 994 3727 κεγρεολστηται’
1021 3641 1060 3706 τό
1088 3641 1348 3704 fideicommissum
1381 3651 1411 3704 et
1441 3662 1503 3704 non
1534 3641 1589 3703 lilii
1615 3642 1790 3719 heredibus,
1822 3644 1880 3705 nisi
1912 3644 1989 3707 forte

161 3745 436 3833 φιδεικόμμισσον
452 3747 510 3814 καλ
526 3750 566 3812 οὐ
584 3758 654 3823 τοῖς
671 3749 889 3834 κληρονόμοις
904 3759 965 3813 τοῦ
979 3752 1061 3830 υἱοῦ,
1088 3749 1177 3812 vivus
1199 3749 1355 3830 pubesque
1376 3748 1477 3811 fectus
1499 3749 1531 3811 id
1554 3750 1711 3831 occeperit
1833 3750 1868 3811 ir.
1886 3753 1926 3812 26
1943 3771 1988 3832 pr.

160 3850 251 3934 είμὴ
275 3854 345 3938 ἀρα
368 3853 487 3939 περιὼν
513 3854 571 3919 καλ
597 3856 768 3938 γενόμενος
795 3857 920 3944 όψηβος
946 3856 1062 3941 ἔλαβεν

160 3959 256 4025 αὐτόε
274 3997 315 4008 -
907 3964 943 4025 fr.
959 3967 1000 4026 26
1016 3986 1060 4046 pr.

224 4065 299 4132 Ἐἀυ
322 4066 440 4132 δοῦλον
462 4070 602 4156 γράψας
624 4070 831 4154 κληρονόμον
848 4070 982 4153 ἀξιῶσοι
1001 4068 1061 4134 τόν
1154 4069 1195 4145 si,
1215 4089 1302 4132 servo
1319 4070 1430 4131 herede
1445 4070 1565 4151 scripto,
1584 4071 1740 4132 dominum
1755 4071 1820 4132 eius
1835 4091 1988 4151 rogavero,

160 4173 324 4251 δεσπότην
339 4175 444 4239 αὐτοῦ
458 4177 740 4254 ἀποκαταστῆσαι
757 4178 847 4259 αὐτῷ
857 4175 912 4241 ὅτε
927 4180 1059 4257 γίνηται
1087 4185 1123 4238 ut
1144 4177 1181 4252 ei,
1204 4197 1273 4238 cum
1296 4176 1373 4239 liber
1394 4177 1485 4239 fuerit
1505 4177 1615 4251 fectus,
1637 4177 1786 4252 restituet
1808 4176 1898 4240 velet

160 4280 343 4366 ἐλεύθερος,
367 4285 523 4367 λρροιταιε
539 4319 582 4330 -
876 4284 912 4346 fr.
929 4287 980 4349 26.
997 4291 1013 4362 6
1032 4290 1059 4348 1.
1804 4283 1840 4345 fr.
1857 4287 1907 4348 26.
1925 4291 1941 4362 ξ
1961 4288 1988 4346 1.

225 4387 275 4470 Ἐξ
302 4388 485 4472 ὁλοκλήρου
510 4391 650 4475 γράψας
676 4386 737 4453 τὸν
763 4392 835 4453 υἱόν
857 4412 921 4472 μου
942 4392 1060 4475 κληρο-
1154 4389 1233 4452 Filio
1256 4410 1324 4452 meo
1347 4410 1385 4451 ex
1408 4410 1475 4451 esse
1497 4390 1605 4452 herede
1628 4391 1750 4471 scripto,
1778 4390 1887 4453 deinde
1909 4392 1989 4453 codi-

159 4495 263 4576 υόμον
285 4491 425 4579 ὕστερον
447 4494 587 4572 ἐποίησα
608 4496 823 4571 κοιδικέλλους
845 4502 879 4559 ἐν
902 4493 951 4573 οἷς
969 4494 1061 4561 εἶπον
1087 4497 1172 4558 οἰΙΙοε
1195 4497 1261 4572 feci,
1287 4496 1452 4577 inquibus
1476 4497 1547 4571 diri,
1574 4506 1610 4559 ut
1632 4498 1705 4559 siis
1728 4498 1792 4559 sine
1814 4497 1916 4560 liberis
1938 4498 1988 4560 de·

160 4599 263 4665 αὐτδν
286 4601 415 4666 ἀπαιδα
437 4602 638 4667 τελευτῶντα
661 4602 721 4680 τῆν
737 4603 961 4686 κληρονομίαν
979 4607 1060 4669 ἀπο·
1082 4604 1217 4687 cederet,
1241 4603 1438 4665 hereditatem
1461 4604 1554 4664 sorori
1576 4623 1649 4665 suae
1672 4605 1851 4666 restitueret
1889 4605 1988 4668 Filius

158 4719 372 4787 καταστῆσαι
400 4713 441 4796 τῇ
468 4709 596 4798 ἀδελφῇ
623 4711 739 4774 αὐτοῦ·
767 4712 786 4773 ό
813 4708 883 4785 υίὸς
911 4709 1059 4775 διατιθὲ·
1087 4711 1119 4771 in
1150 4718 1329 4772 testamento
1361 4730 1479 4772 servum
1510 4709 1725 4772 hereditarium
1761 4711 1890 4773 liberum
1922 4733 1987 4774 esse

159 4837 254 4897 μενος
277 4814 396 4880 δοῦλον
418 4827 476 4893 τῆς
498 4816 719 4900 κληρονομίας
736 4816 973 4902 ἠλευθέρωσεν.
997 4823 1060 4882 εἴτε
1086 4818 1181 4878 iussit
1228 4815 1301 4879 Sive
1328 4816 1534 4879 codicillorum
1556 4826 1737 4899 potestatem
1763 4819 1894 4892 noverit,
1922 4819 1986 4881 sive

159 4921 220 5000 τὴν
242 4922 380 5005 δύναμιν
402 4934 470 4987 τῶν
490 4922 693 4987 κοιδικέλλωυ
715 4925 897 5005 ἐγίνωσκεν,
921 4929 983 4988 εἴτε
1005 4924 1058 5007 μὴ,
1087 4943 1159 4997 non,
1186 4923 1317 5004 pretium
1340 4925 1420 4986 servi
1447 4924 1541 4985 sorori
1567 4926 1714 5004 preesteri
1742 4933 1873 5005 oportet,
1900 4925 1989 4987 liber·

160 5028 220 5107 τὴυ
246 5028 342 5112 τιμὴν
369 5038 431 5094 τοῦ
457 5030 577 5095 δούλου
603 5034 846 5116 κεγρεώστηται
874 5034 894 5109 η
922 5031 1057 5120 ἀδελφὴ,
1086 5035 1149 5093 tete
1171 5041 1293 5112 propter
1313 5030 1450 5093 favorem
1474 5039 1601 5093 servate
1757 5031 1792 5094 fr.
1811 5034 1861 5093 26.
1879 5038 1895 5109 fi
1914 5034 1942 5094 2.
1959 5036 1988 5094 3.
2089 5039 2118 5101 ,’

158 5148 217 5215 τῆς
240 5138 431 5221 ἐλευθερίας
454 5135 510 5202 διά
534 5138 671 5224 θάλψιυ
693 5139 955 5224 φυλαττομένηςι
972 5176 1014 5186 -

829 5245 865 5307 s.
882 5249 932 5309 re.
949 5252 966 5324 ς
984 5250 1012 5308 2.
1029 5250 1058 5309 3.

223 5348 548 5434 Ἐἀνόαύτιξούσιός
557 5372 621 5434 μου
630 5349 700 5426 υἱός
709 5352 830 5438 αἰτήσῃ
839 5349 928 5416 κατά
938 5353 1058 5430 διαθῆ-
1153 5351 1185 5413 si
1207 5351 1287 5413 filius
1311 5372 1395 5413 meus
1411 5352 1458 5412 sui
1479 5352 1552 5412 iuris
1568 5360 1673 5414 contm
1695 5351 1817 5414 tabules
1840 5351 1987 5414 bonorum

157 5480 217 5534 κης
240 5458 510 5539 ὑπεναντιότητα,
535 5460 595 5521 οὐκ
615 5458 836 5538 ἀναγκάζεται
858 5459 1305 5542 προσελθεῖυιμοεεεεεὶοοευι
1327 5459 1456 5539 petierit,
1479 5480 1540 5520 non
1562 5460 1679 5540 cogitur
1700 5459 1785 5521 heres
1802 5457 1892 5532 edire,
1915 5460 1987 5547 quie

157 5567 177 5628 ό
199 5565 413 5648 κληρονόμος,
437 5563 542 5643 ἐπειδὴ
559 5563 675 5629 λοιπόν
690 5566 765 5628 οὔτε
783 5568 803 5643 ἡ
822 5567 1058 5630 ἀποκατάστα-
1086 5567 1147 5627 iem
1174 5586 1272 5647 neque
1299 5566 1463 5640 restitutio,
1490 5586 1588 5647 neque
1615 5566 1717 5645 legete
1742 5566 1842 5628 locum
1866 5565 1986 5627 hahent

156 5694 210 5746 σις
225 5672 300 5735 οὔτε
315 5668 359 5735 τά
375 5673 504 5753 ληγάτα
516 5674 635 5756 χώραν
649 5675 790 5750 ἔχουσιν.
814 5677 840 5735 sl
855 5676 965 5755 μέντοι
980 5672 1058 5749 ἀδη-
1086 5673 1199 5736 sivero
1214 5674 1360 5735 incertum
1376 5683 1430 5748 est,
1454 5682 1555 5735 utrum
1570 5672 1651 5734 filius
1667 5674 1706 5735 sit
1720 5674 1869 5753 petiturus
1884 5692 1986 5746 necne,

156 5779 216 5842 λόν
238 5783 328 5842 ἐστιν
350 5782 437 5862 είπερ
462 5781 480 5842 ό
503 5776 574 5853 υίὸς
589 5783 693 5843 αίτεῑυ
708 5777 812 5855 αὐτὴν
826 5779 939 5861 μέλλει,
959 5781 1058 5861 ἀναγ-
1086 5780 1201 5860 cogitur
1223 5780 1309 5842 heres
1333 5780 1423 5842 edire.
1803 5780 1839 5841 fr.
1856 5779 1906 5841 28.
1924 5785 1940 5856 5
1959 5782 1986 5840 6.

154 5884 289 5966 κάζεται
307 5886 508 5969 προσελθεῖν
527 5886 777 5970 όκληρονόμος;
794 5923 835 5933 -
874 5887 910 5949 fr.
928 5890 977 5950 26.
995 5893 1010 5964 ξ
1030 5891 1057 5950 6.

229 6029 238 6060 ¹
258 6027 348 6099 suppl.
367 6027 393 6081 1·
410 6045 446 6084 m.
519 6028 592 6081 ’καί
605 6045 767 6101 χρεοστηιαι
785 6027 845 6082 cod.
