4978 7018
290 601 337 670 fol.
351 607 405 656 23'.

367 1776 401 1849 γ.

368 2092 400 2150 δ’.

365 2629 399 2694 d.

256 3772 347 3842 Β.κη’.
358 3758 373 3828 ί
383 3772 415 3830 δ’.

362 4094 397 4148 α’.

442 416 484 483 44
1047 408 1201 481 LIBER
1223 410 1361 476 XXXV.
1405 409 1494 477 Tl'l‘.
1517 410 1573 475 Vl.
1596 407 1670 473 VII.

508 590 547 667 τὸ
571 592 737 675 δικαίωμα
764 602 822 669 τῆς
851 591 1019 670 διαθήκης
1047 591 1207 673 δημόσιόν
1229 590 1341 657 ἐστιν.1
1436 591 1662 655 Documentum
1684 590 1858 653 testamenti
1879 587 2036 670 publicum
2060 596 2118 650 est

1041 699 1077 761 fr.
1094 703 1112 761 2
1129 721 1172 780 pr.
1188 700 1227 760 D.
1245 703 1295 775 29,
1313 704 1342 763 3.
1970 695 2005 757 fr.
2022 699 2041 757 2
2059 716 2106 777 pr.
2123 694 2165 756 D.
2182 697 2274 768 29,3.

507 803 604 889 Πρός
636 805 807 883 διαθήκην
838 808 904 892 δρᾷ
936 802 975 869 τὸ
1008 810 1042 871 έν
1074 805 1253 885 οίηιδήποτε
1283 803 1342 892 όλη
1436 806 1488 868 Ad
1510 813 1725 867 testamentum
1739 804 1871 886 pertinet
1884 803 1966 884 quod
1980 803 2012 867 in
2026 801 2172 884 qualibet
2185 813 2273 865 mate

440 915 666 995 γεγραμμένον
683 911 740 977 καί
764 917 915 998 περιέχον
938 911 999 990 τήν
1020 911 1145 997 βούλην
1168 910 1228 990 τήν
1252 912 1342 976 ricti-
1370 914 1415 975 ris
1438 913 1583 994 scriptum
1606 922 1652 973 est
1674 921 1705 973 et
1726 911 1866 973 ultimam
1884 910 2018 973 continet
2035 909 2231 971 voluntatem
2245 920 2273 970 et

441 1040 520 1103 ραν·
547 1017 604 1083 καί
633 1020 673 1082 οίι
702 1021 806 1102 μόνον
837 1022 856 1097 ἡ
890 1017 1083 1099 αὐθεντική,
1116 1016 1202 1083 ἀλλά
1232 1018 1290 1083 καί
1323 1022 1342 1096 η
1369 1040 1432 1083 non
1455 1020 1553 1082 solum
1575 1018 1754 1101 principale,
1781 1016 1835 1081 scd
1861 1027 1893 1079 ot
1918 1016 2070 1097 pupillnre
2092 1016 2162 1096 lege
2184 1018 2272 1078 conti·

440 1123 621 1212 όρφανική1
635 1130 817 1208 περιέχεται
841 1130 888 1208 τῷ
911 1127 1009 1208 νόμῳ.
1144 1126 1172 1188 fr
1188 1131 1215 1189 2.
1233 1134 1249 1205 §
1268 1131 1286 1190 2
1303 1128 1342 1190 ib.
1370 1136 1466 1189 netur.
2112 1122 2150 1184 fr.
2168 1126 2195 1184 2.
2213 1130 2229 1201 ξ
2246 1127 2271 1185 2.

505 1229 579 1297 Έάν
602 1233 723 1297 πολλαί
744 1238 826 1297 εἰσιν
849 1235 886 1297 αί
908 1233 1075 1311 διαθῆκαι
1098 1231 1155 1297 καί
1176 1233 1260 1319 θέλῃ
1284 1255 1342 1313 τις,
1436 1233 1470 1297 si
1496 1233 1586 1315 plura
1613 1233 1674 1295 sint
1700 1240 1895 1306 testamenta,
1923 1231 2039 1312 siquis
2062 1230 2149 1304 velit,
2177 1233 2273 1293 omnia

439 1348 545 1404 πῦσαι
569 1338 832 1426 rrpoqrtpocrccr:²
1172 1340 1208 1405 fr.
1225 1345 1253 1402 2.
1270 1347 1296 1418 5.
1314 1345 1342 1402 3.
1369 1340 1570 1421 proferuntur.
2113 1337 2151 1399 fr.
2168 1341 2196 1399 2.
2213 1344 2228 1415 5
2245 1341 2270 1399 3.

505 1446 546 1511 El
570 1445 604 1511 δέ
627 1447 753 1527 λέγεται
770 1448 828 1526 ζῆν
843 1449 862 1511 ό
879 1447 1028 1525 ποιήσας,
1051 1446 1191 1527 εὐλόγως
1213 1449 1342 1532 όπραί-
1436 1447 1528 1524 Quod
1555 1448 1582 1509 si
1608 1447 1718 1509 dicitur
1744 1448 1846 1508 vivere
1872 1453 2011 1520 testator,
2042 1453 2128 1509 recte
2155 1455 2271 1526 praetor

438 1575 508 1636 τωρ
541 1550 598 1617 ὲάν
630 1557 723 1640 φανῇ
761 1550 865 1617 αὐτὸν
901 1555 958 1634 ζῆν
990 1556 1150 1639 ἐπιτρέπει
1187 1553 1230 1636 μή
1262 1574 1341 1638 προ·
1369 1575 1438 1616 cum
1460 1563 1568 1635 parcat
1589 1574 1659 1616 snm
1680 1555 1782 1616 vivere
1803 1552 1949 1633 permittit
1970 1572 2033 1617 uon
2055 1552 2193 1634 proferri

437 1661 655 1742 κομισθῆναι.
799 1680 801 1684 ”
1142 1661 1177 1722 fr.
1195 1665 1214 1723 2
1232 1668 1248 1738 §
1266 1665 1286 1723 4
1301 1662 1341 1724 ib.
2111 1659 2149 1721 fr.
2166 1662 2194 1722 2.
2211 1666 2226 1738 ξ
2241 1664 2269 1723 4.

504 1765 610 1848 Αὐτῷ
633 1771 680 1849 τῷ
702 1767 897 1852 κληρονόμῳ
920 1766 1031 1850 ὥσπερ
1055 1764 1105 1830 έπλ
1129 1776 1199 1841 τοῖς
1214 1767 1341 1841 λοιποῖς
1434 1767 1500 1849 Ipsi
1525 1767 1628 1830 heredi
1654 1768 1743 1830 sicuti
1773 1768 1805 1828 in
1832 1762 1943 1828 'aeteus
1971 1765 2154 1829 hereditatis
2184 1767 2267 1829 rebus

438 1884 496 1950 τῆς
518 1873 740 1958 κληρονομίας
755 1875 928 1959 πράγμασι
951 1871 1009 1939 καί
1028 1875 1047 1950 η
1063 1875 1256 1937 ἀπαιτοῦσα
1271 1873 1341 1937 ίδια
1368 1874 1408 1935 ad
1431 1874 1633 1939 exhibendum
1656 1875 1735 1936 actio
1758 1874 1910 1954 competit
2191 1873 2225 1934 fr.
2241 1878 2266 1936 3.

438 1980 622 2065 πράγματα
644 1979 759 2062 ἀγωγή
783 1979 1017 2065 ἀποκρυβίντα
1040 1980 1184 2065 ἀρμόζει.
1222 1980 1339 2043 frsib.

496 2082 569 2151 Ὅτε
593 2086 744 2164 διαθήκη
767 2092 801 2151 ἐν
824 2089 969 2170 πρώτοις
987 2088 1167 2167 ἀνοίγεται,
1192 2087 1339 2167 ἀναγκιί·
1434 2086 1513 2150 Cum
1535 2096 1750 2155 testamentum
1771 2088 1804 2159 in
1826 2087 1931 2168 primis
1953 2087 2101 2168 aperitur,
2125 2094 2267 2167 coguntur

437 2194 551 2273 ζονται
580 2203 732 2279 παρεῖναι
756 2197 790 2258 οἱ
803 2194 969 2276 μάρτυρες
988 2192 1046 2257 καί
1062 2189 1123 2266 τάς
1138 2195 1261 2267 οἰκείας
1276 2198 1340 2257 έπι-
1369 2195 1473 2257 εδεεεε
1500 2204 1592 2258 testes
1618 2204 1649 2258 ct
1675 2196 1798 2276 propria
1823 2214 2001 2275 cognoscere
2028 2193 2134 2275 sigilla
2159 2194 2208 2259 vel
2232 2214 2265 2256 εε

436 2301 609 2381 γινώσκειν
629 2299 823 2386 σφραγῖδας
846 2299 866 2377 il
890 2300 1073 2385 ἀρνεῖσθαι
1097 2300 1217 2373 αὐτός·
1242 2299 1339 2381 δημο-
1368 2322 1492 2382 nogium
1515 2301 1637 2383 publice
1658 2303 1738 2365 enim
1753 2302 1877 2364 interest
1891 2301 2014 2365 ultimas
2037 2301 2145 2365 valere
2167 2301 2264 2364 volun-

437 2407 496 2485 σίρι
537 2403 603 2492 γάρ
641 2411 801 2494 συμφέρει
844 2404 905 2480 τάς
942 2407 1130 2480 τελευταίας
1167 2404 1340 2491 βουλήσεις
1368 2419 1453 2471 tates.
2144 2407 2179 2470 fr.
2195 2409 2223 2469 4.
2238 2412 2264 2469 ὅ.

436 2510 644 2596 έρροέσθαι.8
1165 2513 1201 2577 fr.
1217 2517 1246 2576 4.
1264 2518 1282 2575 5
1299 2516 1338 2577 ib.

501 2617 575 2683 Ἐἀν
598 2622 717 2685 ἀπεστι
740 2621 877 2703 μάρτυς,
901 2623 1059 2701 πέμπεται
1083 2617 1168 2684 όπου
1190 2619 1338 2701 διιίγειή
1434 2623 1467 2685 Si
1490 2624 1571 2686 absit
1591 2624 1690 2697 testis,
1716 2623 1847 2687 mittitur
1872 2623 1925 2685 ubi
1951 2631 2089 2687 moratur
2111 2632 2264 2687 testamen·

437 2725 587 2804 διαθήκη
611 2731 655 2801 είς
677 2725 717 2791 τὸ
741 2732 915 2808 ἐπιγνῶναι
932 2726 992 2805 τήν
1012 2725 1196 2813 σφραγῖδα,
1221 2728 1261 2793 οὐ
1275 2725 1339 2809 μήν
1367 2739 1432 2791 tum
1454 2739 1490 2792 ut
1512 2739 1659 2811 agnoscat
1680 2729 1826 2810 sigillum
1849 2750 1911 2792 non
1925 2751 1998 2792 vero
2013 2731 2081 2811 ipse
2096 2729 2261 2800 abducitm

436 2830 538 2907 αὐτὸς
557 2836 722 2916 έυιίγεται·
746 2833 864 2899 ἀδικον
883 2835 949 2916 γάρ
965 2838 1064 2912 ἐστιν,
1088 2834 1254 2915 ἐπιζήμιόν
1274 2855 1336 2897 τινι
1365 2837 1503 2917 iniquum
1530 2837 1610 2898 enim
1638 2846 1684 2898 est
1710 2836 1890 2899 damnosum
1918 2838 1967 2899 oui
1993 2856 2060 2899 esse
2090 2857 2180 2898 suum
2207 2834 2262 2896 offi-

435 2941 593 3021 γίνεσθαι
610 2939 649 3004 τὸ
666 2941 751 3004 ίδιον
767 2942 944 3026 όφφίκιον·
972 2946 998 3004 εἰ
1015 2940 1049 3004 δὲ
1065 2941 1185 3014 ποίντες
1200 2939 1337 3022 ἀπολιμ-
1365 2943 1454 3011 cium.
1499 2944 1525 3007 si
1551 2963 1622 3007 vero
1646 2963 1748 3006 omnes
1771 2942 1874 3006 absint
1895 2953 1927 3006 ot
1948 2953 2088 3025 oporteat
2110 2952 2262 3006 testamen·

435 3048 600 3111 πάνονται
622 3045 679 3112 καί
703 3049 889 3128 ἀναγκαῖόν
912 3051 1002 3111 ἐστιν
1025 3045 1130 3123 αὐτὴν
1153 3048 1335 3128 ἀνοιγῆναι,
1365 3059 1430 3111 tum
1453 3050 1570 3130 aperiri,
1599 3051 1794 3131 magistratus
1817 3050 1936 3112 cmabit
1961 3050 2175 3132 praesentibus
2197 3049 2261 3110 viris

436 3155 454 3216 ό
479 3155 595 3236 ἀργων
618 3154 859 3238 παρασκευάζει
884 3156 1062 3238 παρόντων
1085 3153 1219 3236 ἀνδρῶν
1237 3156 1336 3218 εὐεπι-
1365 3156 1441 3217 bene
1464 3158 1595 3238 acceptis
1623 3158 1732 3239 aperiri
1758 3168 1789 3219 et
1810 3164 1974 3238 postquam
1995 3158 2211 3237 transcriptum
2235 3161 2262 3214 ct

434 3260 567 3337 λήπτων
594 3262 769 3341 ἀνοιγῆναι
800 3259 858 3325 καί
885 3261 965 3342 μεθ’
997 3257 1015 3324 δ
1046 3265 1248 3347 μεταγραφῇ
1279 3259 1336 3325 κοιλ
1363 3263 1549 3342 recognitum
1581 3273 1628 3325 est
1658 3284 1762 3325 rursus
1797 3264 1969 3345 resignatur
1998 3284 2054 3345 per
2087 3262 2206 3325 eosdem
2234 3268 2261 3321 st

433 3367 578 3453 γνωσθῇ
601 3367 701 3431 πάλιν
728 3369 1016 3454 ἀνασφραγίζεται
1049 3364 1105 3432 διά
1131 3378 1199 3431 των
1226 3368 1337 3431 αὐτῶν
1364 3370 1494 3431 mittitur
1522 3370 1575 3432 ubi
1602 3379 1674 3432 sunt
1695 3370 1810 3451 priores
1837 3379 1928 3433 testes
1956 3380 1991 3433 ut
2017 3379 2187 3451 agnoscant
2211 3386 2261 3428 sna

432 3472 490 3536 καί
514 3477 673 3556 πέμπεται
696 3471 782 3538 όπου
804 3474 886 3538 εἰσίν
909 3477 942 3539 οἱ
964 3484 1091 3559 πρωτοι
1109 3474 1274 3560 μάρτυρες
1293 3478 1337 3549 εἰς
1364 3476 1472 3557 sigilla
2185 3474 2219 3536 fr.
2235 3476 2259 3533 7.

434 3576 474 3644 τὸ
497 3584 673 3661 ἐπιγνῶναι
696 3576 758 3656 τάς
781 3580 868 3655 ίδιάς
891 3580 1097 3669 σφραγῖδαςι
1113 3617 1156 3629 -
1208 3581 1243 3644 ir.
1261 3587 1279 3645 7
1296 3583 1335 3646 ib.

681 3757 801 3812 ΤΙΤΛΟ(
819 3758 865 3826 Ζ’,
885 3756 1017 3812 stultior
1035 3758 1089 3811 ΛΕ’
1557 3757 1724 3816 TITULUS
1741 3757 1811 3828 VII,
1829 3758 1936 3814 LIBRI
1954 3760 2067 3815 XXXV

451 3866 513 3935 περί
532 3865 584 3918 τῶν
601 3862 629 3918 όν
648 3861 766 3936 διαθήκη
780 3866 954 3938 χοροηέντων
973 3863 989 3933 ἢ
1006 3861 1318 3939 περαλουβηιθόντωνή
1364 3865 1399 3920 de
1422 3866 1456 3919 iis
1478 3881 1551 3936 quae
1573 3866 1601 3919 in
1624 3871 1790 3921 testamento
1812 3865 1948 3929 raduntur
1964 3866 2011 3921 vel
2033 3866 2203 3927 inducuntur
2218 3860 2257 3917 vel

770 3953 1005 4023 ἀπολειφθέντων.
1748 3955 1884 4010 delentur.

506 4075 557 4143 Τά
588 4082 855 4163 περιχαραγέντα
887 4077 907 4156 ll
939 4079 1279 4166 περισφραγισθέντα
1316 4080 1336 4158 ή
1429 4082 1518 4159 Quae
1539 4101 1617 4156 rasa,
1639 4082 1830 4161 resignatavs
1852 4082 1902 4145 vel
1923 4081 2025 4145 deleta
2046 4092 2129 4159 sunt,
2152 4081 2176 4143 si
2197 4097 2257 4140 con·

433 4183 692 4271 ἀπαλειφθίντα
723 4189 750 4248 εί
776 4183 867 4250 κατά
893 4187 1056 4271 πρόνοιαν
1082 4185 1102 4262 ή
1125 4185 1249 4264 εἴδησιν
1275 4196 1337 4252 τοῦ
1363 4187 1443 4251 sultc
1463 4188 1514 4251 vel
1536 4190 1663 4250 scienter
1686 4208 1705 4250 a
1726 4198 1881 4263 testatore,
1904 4190 1996 4251 inrita
2019 4200 2104 4265 sunt;
2132 4184 2256 4254 simut,

432 4289 669 4373 διατιθεμένου
700 4292 811 4377 ἀκυροί
843 4298 933 4373 εἰσιν,
966 4297 993 4356 εί
1025 4292 1059 4356 δέ
1088 4293 1203 4373 ἀλλως,
1236 4296 1336 4379 έρρω-
1362 4294 1475 4369 valent,
1498 4296 1638 4376 quamvis
1664 4296 1697 4357 in
1719 4295 1823 4376 eliqua
1844 4305 1933 4376 parts
1954 4297 2131 4359 testamenti
2157 4289 2257 4356 dixerit

431 4420 489 4463 ται
510 4395 576 4461 κάν
598 4401 632 4462 ’έν
654 4421 719 4463 τινι
741 4401 828 4484 μέρει
852 4410 911 4476 τῆς
935 4398 1103 4477 διαθήκης
1126 4396 1211 4464 εἶπεν
1234 4397 1336 4475 αὐτὸς
1363 4422 1396 4463 se
1424 4422 1461 4464 ea
1487 4402 1608 4475 iecisse;
1640 4411 1714 4467 tunc
1741 4412 1843 4465 autem
1870 4411 2025 4483 petuntur,
2057 4425 2128 4467 cum
2158 4394 2255 4480 inspici

431 4513 542 4569 ταῦτα
573 4508 795 4582 πεποιηκέναι·
828 4508 904 4570 τότε
936 4504 971 4570 δέ
1003 4508 1240 4582 ἀπαιτοῦνται,
1281 4505 1335 4572 ότε
1363 4520 1394 4570 et
1424 4509 1484 4588 legi
1515 4510 1633 4591 possint
1658 4509 1709 4571 vol
1734 4509 1857 4590 probari
1888 4511 2007 4591 possint
2033 4510 2173 4591 quamvis
2201 4522 2254 4566 νῦν

432 4611 646 4696 θεωρεῖσθαι
684 4610 741 4676 καί
780 4613 1079 4691 ἀναγινώσκεσθαι
1118 4612 1276 4678 δύνανται
1315 4613 1335 4691 ή
1362 4614 1512 4695 legantur.
1556 4616 1639 4678 Nam
1670 4626 1701 4678 et
1731 4625 1945 4679 testamentum
1971 4617 2094 4697 (ipsum)
2122 4607 2255 4678 etiamsi

432 4718 679 4796 ἀποδειχθῆναι
704 4718 863 4799 δόναντας
885 4716 950 4782 κάν
964 4718 1008 4801 μή
1024 4721 1335 4801 ἀναγινώσκωνται·
1363 4742 1422 4783 non
1448 4730 1602 4802 appareat,
1625 4723 1731 4787 valent
1753 4743 1832 4804 quae
1854 4724 1887 4784 in
1909 4744 1944 4786 eo
1968 4725 2081 4805 scripta
2103 4732 2186 4794 εντα
2207 4712 2254 4778 sod

433 4822 539 4902 ἐπειδὴ
562 4822 620 4889 καί
643 4825 840 4905 ήδιαθήκη,
865 4829 891 4888 εί
906 4825 963 4889 καί
985 4824 1029 4908 μή
1046 4828 1211 4913 φαίνεται,
1236 4829 1335 4911 έρρω-
1362 4829 1393 4890 id
1416 4850 1486 4890 cum
1512 4839 1584 4891 ante
1610 4850 1702 4910 quam
1729 4829 1917 4911 compleatur
1942 4839 2156 4894 testamentum
2182 4826 2254 4886 facit

432 4953 488 4995 ται
511 4928 556 4995 rt
578 4936 613 4995 ἐν
635 4933 733 5018 αὐτῇ·
757 4929 843 4996 ἀλλά
870 4941 971 4996 τοῦτο
1000 4930 1055 4997 ότε
1083 4931 1148 5019 πρὸ
1176 4942 1237 4996 τοῦ
1259 4935 1335 5010 πλη·
1363 4936 1424 4997 sint
1445 4956 1482 4998 ea
1504 4957 1582 5017 quas
1604 4936 1687 4998 dicta
1709 4945 1789 4998 sunt
1834 4936 1870 4998 fr.
1888 4941 1904 4999 1
1922 4944 2049 5019 [ιτ-ξ
2067 4942 2096 5001 2.
2111 4938 2151 5001 D.
2167 4936 2213 5005 28,
2227 4930 2252 4989 4·

431 5039 588 5123 ρωθῆναι
605 5036 665 5116 τήν
680 5037 851 5117 διαθήκην
873 5043 1005 5120 γέγονεν
1023 5037 1068 5103 τά
1082 5040 1261 5118 λεγθένταε
1276 5038 1336 5088 —4

900 5147 936 5208 fr.
955 5151 971 5209 1
988 5168 1085 5229 pr.—
1102 5153 1118 5225 ᾖ
1137 5150 1165 5208 2.
1181 5148 1220 5209 Ι).
1238 5151 1289 5224 28,
1304 5152 1334 5211 4.

495 5248 570 5314 Ἐἀν
588 5254 606 5315 ό
626 5250 825 5334 διαθέμενος
844 5253 980 5338 γαριίξη
1004 5251 1116 5333 αὐτήν,
1141 5256 1334 5335 ἀκυροῦται,
1429 5256 1462 5319 Si
1490 5264 1618 5319 testator
1644 5256 1676 5318 id
1705 5255 1861 5332 deleverit,
1889 5258 2012 5319 inritum
2035 5259 2082 5333 fit3
2110 5277 2169 5320 non
2188 5265 2250 5315 vero

432 5358 472 5421 οὐ
486 5356 551 5441 μὴν
566 5354 624 5422 έάν
639 5362 750 5441 ίτερος
765 5356 859 5444 παρὰ
874 5362 1006 5441 γνώμην
1022 5361 1135 5425 αὐτοῦ.
1189 5363 1226 5424 fr.
1239 5366 1266 5423 1.
1277 5369 1293 5439 ξ
1306 5364 1334 5423 3.
1363 5363 1388 5424 si
1411 5362 1488 5424 altar
1509 5371 1614 5425 contra
1639 5362 1826 5426 voluntatem
1849 5366 1922 5426 eius.
2104 5365 2140 5428 fr.
2156 5366 2181 5424 1.
2196 5364 2211 5436 5
2225 5356 2250 5414 3·

495 5463 570 5530 Ὲάν
601 5467 620 5529 ὁ
653 5465 853 5547 διαθέμενος
884 5467 1088 5553 προςγριίψη
1119 5464 1210 5531 κατά
1236 5477 1335 5549 μῖσον
1430 5469 1464 5532 si
1485 5478 1612 5531 testator
1633 5470 1819 5551 inscripserit
1844 5473 1877 5533 in
1905 5472 2007 5533 odinm
2034 5473 2124 5534 unius
2146 5460 2249 5532 hosts

431 5568 502 5645 ίνδς
525 5582 592 5635 των
613 5572 829 5658 κληρονόμων
840 5573 992 5657 χαράξαι
1017 5571 1076 5650 τήν
1093 5573 1264 5651 διαθήκην
1277 5572 1334 5638 καί
1363 5577 1546 5650 cancellasse
1568 5585 1784 5639 testamentum
1806 5588 1837 5640 et
1858 5580 2032 5641 inveniatur
2054 5564 2249 5659 signatum&

431 5678 555 5762 εὑρέθη
587 5683 845 5766 έσφραγισμένη,
878 5685 905 5743 εί
935 5681 993 5761 μέν
1024 5680 1130 5744 αὐτοῦ
1159 5682 1264 5763 μόνου
1294 5677 1334 5744 τό
1363 5683 1428 5745 eius
1451 5693 1571 5745 tantum
1594 5704 1705 5746 nomen
1727 5684 1927 5747 cancellatum
1953 5687 1994 5748 sit
2015 5694 2047 5749 ct
2068 5684 2249 5748 substratum

503 5854 511 5887 ¹
531 5855 573 5910 Ex
591 5856 677 5910 schol.
696 5856 781 5911 Basil.
794 5856 825 5911 F.
839 5857 875 5911 H.
949 5855 1024 5910 'An
1042 5855 1138 5912 tuerit:
1157 5857 1259 5928 [πάσας
1270 5876 1334 5930 προ·

432 5943 607 6015 σενεγθῆναι]
623 5948 711 6000 πᾶσαι
728 5945 776 5999 ru?
848 5945 859 5976 ⁸
876 5943 941 5999 hab.
960 5943 1026 6016 Syn.
1098 5945 1110 5977 ⁴
1127 5944 1192 6000 hab.
1206 5944 1272 6016 Syn.

2286 3751 2365 3810 trau
