4978 7018
398 468 441 533 ee
665 424 669 432 ’
1023 465 1177 533 mune
1198 465 1327 534 xxxi
1369 467 1459 534 vlu
1480 466 1543 533 uu.
1564 465 1621 533 vv,

219 655 314 710 Bao&
336 656 379 726 [η’.
469 644 510 712 Οἰ
523 644 587 711 ύπδ
604 644 664 724 τὴν
678 647 834 729 ἐξουσίαν
848 655 910 711 τοῦ
924 632 991 733 {p}
1002 647 1207 732 πράττοντες
1220 647 1298 712 κατ’
1394 649 1458 727 Qui
1478 648 1511 710 in
1533 655 1683 730 potestate
1708 647 1805 730 patris
1831 657 1903 710 sunt
1925 658 2030 711 eontra
2052 669 2121 710 eum
2143 668 2232 727 agere
2263 653 2303 724 8.]
2322 653 2392 723 Lm

238 751 288 807 ενδ
306 737 367 825 τ’«β
398 753 505 817 αὐτοῦ
521 754 648 835 ἐνάγειν
663 754 703 817 οὐ
721 752 897 818 δύνανται·
917 758 944 816 εἰ
967 755 1080 818 τοίνυν
1102 754 1301 837 αὐτεξουσία
1328 776 1388 818 non
1415 763 1554 837 possunt3
1581 755 1608 817 si
1635 775 1706 818 vero
1733 756 1774 817 sis
1801 754 2000 837 emancipata,
2027 754 2119 818 venia
2139 754 2229 818 edisti
2265 725 2397 851 &1²3²

267 822 345 898 Μ’
398 855 434 940 εί,
458 871 517 937 τῆς
535 861 728 942 συγγνώμης
743 869 805 924 τοῦ
818 858 949 925 ἐδίκτου
968 861 1300 960 αἰτηθείσης-τούτο
1327 840 1432 944 petita,
1454 862 1486 923 id
1507 861 1606 925 iaoere
1626 882 1688 925 uon
1710 861 1886 944 prohiberis,
1913 861 1995 944 quod
2017 870 2048 924 et
2068 863 2101 923 in
2123 862 2230 924 metris
2353 838 2360 849 ⁸
2390 838 2396 849 ’

398 972 503 1030 ποιεῖν
525 968 565 1030 οὐ
587 964 719 1052 κωλύσῇ
742 963 821 1051 ὅπερ
844 965 903 1031 καί
925 970 970 1042 εἰς
995 965 1034 1032 vd
1058 977 1116 1044 τῆς
1137 990 1200 1053 μρς
1223 970 1300 1052 πρό·
1327 989 1457 1051 persona
1478 969 1662 1032 servandum
1683 978 1738 1032 est
2017 991 2043 1031 e
2059 972 2088 1031 3.
2103 967 2137 1032 (i
2155 971 2184 1044 2,
2201 970 2229 1029 2.

397 1093 512 1137 σωπον
534 1073 817 1160 παραφυλακτέον
839 1075 943 1139 ἐστίνε
959 1111 1001 1124 --
1074 1096 1099 1138 ο.
1116 1080 1145 1138 3.
1160 1074 1194 1139 (λ
1211 1078 1240 1151 2,
1257 1072 1301 1137 2.¹

221 1178 258 1233 B·
271 1181 296 1248 η’
326 1176 377 1251 [ss.
463 1180 510 1243 Εἰ
528 1202 578 1255 τις
601 1179 723 1259 δήποτε
745 1190 813 1244 τῶν
835 1180 963 1245 παίδων
990 1182 1177 1267 ἀχάριστος
1199 1182 1301 1268 ὀφθῇ
1394 1181 1428 1244 Si
1458 1182 1526 1264 quis
1557 1203 1693 1263 unquam
1719 1203 1758 1245 ex
1788 1182 1891 1246 liberis
1917 1182 2055 1262 ingratum
2083 1191 2229 1263 appareat
2258 1188 2296 1258 9.]
2322 1189 2379 1242 λε.

218 1274 237 1349 ι’
247 1258 279 1350 κύ
295 1277 377 1365 {pass
398 1284 472 1372 περὶ
504 1284 565 1351 τδν
596 1287 857 1372 εὐεργετήσαντα
887 1290 988 1370 γονία
1018 1286 1076 1352 καί
1107 1291 1170 1351 slve
1202 1289 1300 1365 όγλα-
1327 1309 1399 1371 erga
1429 1298 1584 1371 parentem
1611 1288 1669 1351 sibi
1695 1288 1861 1351 beneficum
1889 1288 1952 1351 sive
1974 1287 2144 1351 eonvieinm
2171 1288 2230 1370 ipsi
2250 1259 2321 1316 (Μ
2340 1263 2409 1313 ΜΒ·

397 1395 545 1475 γοέγησιν
559 1395 651 1477 αὐτῷ
669 1391 853 1472 πεποιηκὼς
868 1398 931 1459 εἴτε
946 1395 1053 1470 ἄλλως
1068 1416 1137 1469 πως
1152 1393 1300 1480 ὐβριστι-
1327 1396 1465 1458 faeiendo
1488 1396 1552 1459 sive
1573 1395 1660 1458 eliter
1681 1395 1825 1457 iniuriose
1846 1414 1879 1457 se
1900 1395 2039 1474 goeendo,
2067 1393 2108 1457 ab
2129 1415 2230 1457 eman·

395 1509 461 1575 κως
490 1499 718 1584 διαγενόμενος
740 1504 922 1566 ἐκπιπτέτω
948 1512 1007 1579 της
1029 1502 1222 1586 ἐλευθερίας
1243 1499 1300 1565 καὶ
1327 1502 1479 1585 oipatione
1502 1501 1624 1566 decidat
1644 1511 1676 1564 et
1697 1522 1801 1563 rursus
1823 1502 1878 1564 fiat
1898 1501 1991 1563 alieni
2013 1501 2095 1564 iuris

396 1606 589 1691 ύπεξούσιος
610 1608 711 1672 πάλιν
732 1609 831 1672 ἐσται
855 1606 918 1657 -²
1064 1630 1090 1672 o
1109 1612 1136 1669 1.
1152 1608 1187 1672 O.
1203 1611 1232 1683 8,
1248 1611 1299 1671 49.
1994 1628 2020 1670 ο
2038 1611 2065 1669 1.
2081 1607 2116 1671 (λ
2133 1611 2162 1682 8,
2177 1610 2230 1670 49.

645 1854 765 1910 ΤΙΤΛΟ(
783 1855 827 1925 Δ’,
846 1855 977 1911 ΒΙΒΛΙΟΝ
995 1856 1048 1909 ΛΑ’
1540 1853 1708 1913 TITULUS
1726 1855 1775 1923 IV,
1794 1854 1902 1910 LIBRI
1920 1854 2023 1911 XXXI
2248 1854 2360 1909 Ιπείί.

537 1983 627 2043 ποίοις
644 1978 753 2054 τρόποις
770 1979 802 2034 τὸ
818 1978 981 2042 ὐπεξούσιον
999 1977 1160 2034 διαλύεται.8
1486 1979 1588 2051 quibus
1606 1980 1697 2035 modis
1714 1982 1759 2035 ius
1775 1981 1924 2051 potestatis
1941 1979 2066 2036 solvitur.
2268 1930 2349 1980 ML

462 2107 509 2171 Ἠ
524 2103 615 2170 κατὰ
637 2116 706 2169 τῶν
728 2104 857 2169 παίδων
879 2106 1014 2188 ἐξουσία
1034 2106 1160 2171 πλείοσι
1176 2105 1300 2170 διαλύε-
1393 2109 1533 2170 Potestas
1556 2126 1646 2188 super
1670 2105 1782 2168 liberos
1809 2106 1948 2188 pluribus
1971 2106 2099 2172 solvitur
2119 2106 2229 2181 modis;

397 2236 454 2277 ται
485 2213 636 2298 τρόποις·
668 2215 749 2286 τέως
780 2209 845 2296 γὰρ
878 2215 898 2290 η
930 2222 992 2277 τοῦ
1022 2216 1144 2295 γονέως
1170 2210 1299 2289 τελευτὴ
1327 2215 1458 2297 primum
1480 2215 1561 2277 enim
1582 2214 1717 2295 parentis
1744 2233 1823 2275 mors
1845 2213 1893 2276 sui
1919 2213 1993 2276 iutie
2014 2213 2090 2277 feeit
2110 2213 2229 2288 liberos,

397 2319 612 2403 αὐτεξούσιον
635 2326 725 2382 ποιεῖ
742 2317 802 2383 τὸν
821 2319 926 2384 παῖδα
942 2320 1003 2398 οὐχ
1018 2320 1131 2409 ἁπλῶς
1146 2319 1191 2400 δί,
1213 2316 1300 2383 ἀλλὰ
1327 2342 1389 2384 non
1411 2341 1483 2385 vero
1506 2319 1689 2402 simpliciter,
1713 2319 1767 2382 sed
1788 2339 1858 2382 oum
1880 2320 2012 2403 quadam
2027 2320 2229 2383 distinetione

397 2428 479 2509 μετά
501 2447 593 2501 τινος
615 2424 817 2508 διαστίξεως.
1047 2448 1092 2508 pr.
1107 2426 1185 2490 Inst
1204 2431 1231 2503 1,
1250 2430 1299 2489 12.
2030 2448 2075 2508 pr.
2091 2427 2116 2489 L
2134 2430 2162 2502 l,
2180 2430 2230 2489 12.

462 2534 504 2597 Εἰ
526 2533 584 2616 μέν
606 2528 672 2617 γόιρ
695 2516 768 2617 ᾗ
786 2530 876 2596 ἐστίν
898 2532 1138 2614 ότελευτήσας,
1162 2514 1315 2655 ύμοίχωςΙ
1392 2535 1474 2597 Nam
1497 2535 1523 2596 si
1544 2542 1633 2616 pater
1653 2533 1775 2615 estqui
1798 2542 1936 2597 mortuus
1963 2541 2023 2609 est,
2050 2535 2115 2596 sine
2136 2533 2230 2596 dubio

397 2638 467 2715 υἰδς
488 2637 546 2704 καί
572 2641 592 2716 ἡ
618 2639 777 2724 θυγάτηρ
805 2639 1013 2723 αὐτεξούσιοι
1040 2638 1225 2721 yc'sostocs·⁴
1252 2640 1304 2704 δεῖ
1326 2642 1406 2704 filius
1433 2649 1464 2704 et
1489 2640 1553 2703 filia
1578 2641 1626 2702 sui
1655 2640 1729 2703 iuris
1755 2637 1860 2703 fiunt:¹
1891 2649 2011 2722 oportet
2036 2639 2117 2702 enim
2138 2640 2230 2723 inspi-

396 2742 463 2831 γόιρ
487 2754 622 2809 σκοπεῖν
643 2743 704 2810 τδν
725 2743 846 2831 καιρόν
868 2757 927 2824 τῆς
949 2755 1011 2811 τοῦ
1037 2748 1175 2812 ποίππου
1197 2746 1300 2811 τελευ·
1327 2769 1393 2811 oere
1424 2756 1544 2829 tempus
1576 2747 1627 2810 avi
1658 2748 1761 2810 mortis
1792 2756 1824 2810 et
1854 2748 1880 2810 si
1906 2748 2028 2829 quidem
2058 2747 2231 2810 inveniatur

396 2862 456 2929 τῆς
477 2850 535 2917 καί
557 2858 583 2916 εἰ
606 2852 664 2934 μὲν
686 2852 810 2940 εὑρεθῇ
833 2850 872 2917 vd
895 2856 996 2935 μέσον
1023 2855 1204 2939 πρόσωπον
1226 2875 1300 2918 του-
1327 2855 1427 2918 medis
1457 2874 1602 2936 persona,
1640 2854 1719 2916 idest
1748 2853 1841 2930 filius,
1879 2854 1911 2915 in
1945 2861 2097 2936 potestate
2133 2855 2230 2936 [esse].

396 2962 508 3023 τίστιν
539 2961 558 3023 d
591 2956 661 3034 υίδς
692 2958 899 3043 ὐπιξούσιος,
933 2962 966 3023 οἰ
997 2960 1026 3023 δ’
1060 2964 1191 3042 ἔγγονοι
1221 2960 1296 3024 κατ’
1326 2971 1358 3025 et
1384 2969 1509 3044 nepotes
1535 2960 1589 3023 illo
1616 2970 1749 3043 tempore
1771 2961 1805 3022 in
1830 2969 1981 3043 potestate
2008 2963 2059 3024 avi
2091 2961 2229 3037 finissem,

397 3069 519 3130 ἐκεῖνον
542 3063 602 3130 τόν
620 3068 748 3152 χρόνον
771 3066 959 3150 ὐπεξούσιοι
982 3071 1030 3147 τῇ
1053 3068 1186 3148 πάππῳ,
1209 3066 1296 3130 καθ’
1326 3069 1444 3132 onmis
1466 3076 1636 3142 moreretur,
1659 3068 1691 3130 in
1713 3069 1808 3150 patris
1825 3076 1975 3149 potestate
1992 3076 2089 3143 erunt,
2111 3076 2230 3130 mortuo

397 3170 437 3236 ὃν
451 3172 738 3254 τελευτᾷ,ἐσονται
754 3160 1000 3256 ὐπεξούσιοιτῷ
1015 3159 1299 3258 ᾗτελευτήσαν-
1327 3196 1394 3251 avo,
1426 3184 1561 3257 nepotes:
1593 3174 1729 3238 resident
1760 3175 1840 3237 enim
1870 3174 1904 3237 iu
1941 3175 1988 3237 sui
2018 3175 2115 3257 patris
2146 3183 2229 3257 pote

398 3301 456 3354 τος
471 3288 533 3344 τού
547 3281 685 3345 ποίππου
700 3283 733 3343 οί
747 3282 891 3362 ἔγγονοι·
906 3290 1169 3362 μεταπεσοῦνται
1178 3278 1244 3365 γὰρ
1254 3284 1299 3354 εἰς
1327 3291 1445 3345 statem.
2188 3281 2230 3344 ib.

397 3384 458 3463 τὴν
479 3395 542 3451 τοῦ
556 3388 678 3451 οἰκείου
697 3372 760 3472 {p}
776 3387 1050 3470 ὐπεξουσιότηταε
1067 3425 1110 3435 -
1147 3409 1191 3470 pr.
1208 3388 1233 3449 I.
1249 3388 1298 3449 cit

464 3492 596 3559 Διαλύει
627 3490 689 3571 τὴν
720 3502 782 3558 τοῦ
808 3492 927 3569 παιδὸς
954 3494 1216 3577 ὐπεξουσιότητα
1241 3491 1298 3557 καί
1393 3494 1493 3558 Solvit
1521 3504 1702 3575 potestatem
1732 3494 1765 3556 in
1796 3494 1905 3558 liberos
1935 3494 2028 3557 etism
2060 3495 2231 3577 deportatio

397 3596 653 3685 όπεριορισμδς
675 3609 737 3665 τού
759 3586 831 3687 τερ-ς
871 3597 930 3665 ἐὰν
952 3602 1018 3685 γοίρ
1042 3622 1092 3675 τις
1113 3619 1300 3686 κατηγορη-
1326 3603 1428 3685 patris.
1476 3622 1548 3664 nam
1571 3602 1596 3663 si
1622 3622 1690 3663 reus
1718 3601 1876 3664 ouiusdem
1902 3601 2034 3664 oriminis
2056 3601 2230 3684 postulatus

398 3704 474 3781 θεὶς
504 3708 558 3771 ἐπί
590 3728 655 3770 τινι
687 3707 864 3791 ἐγκλήματι
896 3706 1041 3794 ἐλεγχθῇ
1070 3705 1129 3771 καί
1166 3706 1298 3790 δέξηται
1327 3710 1489 3772 damnante
1520 3708 1611 3770 fuerit
1637 3717 1668 3770 et
1693 3707 1844 3790 eeoeperit
1869 3707 2017 3770 eiusmodi
2047 3709 2229 3771 sententiam

398 3812 557 3889 τοιαύτην
593 3814 771 3901 ἀπόφασιν
808 3823 870 3878 τοῦ
905 3815 1073 3899 ἄρχοντος
1114 3811 1219 3877 αὐτόν
1256 3818 1300 3887 εἰς
1327 3814 1440 3900 iudioisj
1467 3835 1536 3877 eum
1567 3815 1600 3876 in
1630 3814 1762 3877 insulam
1789 3814 1839 3877 vel
1870 3815 1902 3876 in
1934 3836 2011 3897 opus
2042 3814 2231 3896 deportantis

397 3931 500 3997 νῆσον
526 3918 547 3997 λ
574 3919 823 4006 ἐρ[γαστὴριον]
851 3920 1096 4007 περιορίζοντος
1127 3918 1147 3997 ἣ
1179 3925 1223 3994 εἰς
1250 3923 1300 4001 μέ·
1328 3922 1437 3985 autin
1463 3921 1631 4000 metellum,
1663 3922 1793 3997 omnino,
1823 3921 1913 3984 simul
1936 3930 2028 4004 atque
2050 3923 2231 3985 sententiam

397 4026 533 4107 ταλλον,
566 4027 700 4101 πάντως
737 4024 809 4110 ἅμα
844 4031 892 4109 τῷ
924 4026 1091 4105 δεχθῆναι
1127 4024 1187 4104 την
1219 4028 1301 4090 dud-
1329 4029 1488 4111 eoeepenit,
1519 4029 1620 4091 aufert
1649 4030 1677 4090 ei
1708 4028 1760 4091 lex
1781 4028 1935 4092 civitatem
1957 4036 1988 4091 et
2019 4028 2108 4091 aienti
2136 4029 2231 4111 ipsius

398 4155 506 4219 φασιν
528 4135 725 4221 ἀφαιρεῖται
748 4135 854 4198 αὐτοῦ
880 4135 898 4197 ό
926 4135 1027 4217 νόμος
1049 4132 1110 4211 τὴν
1133 4133 1301 4198 πολιτείαν
1329 4145 1433 4211 morte,
1459 4135 1504 4197 ita
1525 4146 1557 4198 et
1577 4134 1787 4218 deportatione
1804 4144 1904 4198 oessat
1924 4134 2004 4198 filius
2020 4156 2085 4198 esse
2099 4135 2133 4197 in
2147 4143 2231 4216 pots

396 4238 454 4304 καί
486 4238 589 4325 ὥςπερ
623 4244 664 4327 τῇ
696 4241 802 4305 αὐτοῦ
837 4241 969 4328 τελευτῇ
1006 4237 1112 4316 οὐτως
1153 4239 1211 4305 καί
1254 4243 1302 4322 τῇ
1329 4250 1420 4305 state:
1452 4241 1535 4323 qnod
1562 4243 1588 4304 si
1614 4251 1645 4304 et
1671 4241 1751 4304 filius
1773 4241 1950 4323 deportatus
1972 4242 2020 4316 sit
2043 4250 2144 4305 eessat
2165 4262 2232 4304 esse

397 4351 600 4433 περιορισμρῖ
623 4347 763 4411 παύεται
787 4349 805 4411 ό
829 4357 907 4422 παῖς
921 4358 984 4413 τοῦ
998 4344 1081 4413 εἶναι
1096 4346 1302 4432 ύπεξούσιος·
1328 4350 1361 4413 in
1382 4357 1541 4431 potestate
2120 4355 2137 4425 5
2156 4351 2173 4409 1
2189 4347 2231 4410 ib.

396 4460 423 4518 εἰ
447 4454 481 4519 δέ
503 4451 561 4517 καί
584 4456 603 4518 d
627 4462 705 4529 παῖς
727 4457 861 4535 γίνηται
876 4459 910 4518 ἐν
925 4459 1138 4541 περιορισμρῖ,
1162 4449 1302 4518 παύεται
1585 4456 1589 4465 '

397 4570 459 4625 τοῦ
479 4557 564 4625 εἶναι
586 4559 789 4644 ύπεξούσιος.
1092 4569 1109 4639 5
1129 4566 1145 4624 l
1162 4563 1188 4625 Ι.
1206 4565 1233 4639 1,
1253 4565 1301 4623 12.

460 4665 590 4733 Διαλύει
606 4678 665 4745 της
680 4667 957 4751 ὐπεξουσιότητος
970 4668 1027 4733 καί
1044 4666 1084 4733 vd
1100 4668 1302 4755 προσελθεῖν
1396 4669 1532 4734 Solvitur
1552 4672 1599 4734 ius
1622 4670 1782 4753 potestatis
1803 4678 1835 4732 et
1860 4689 1930 4732 eum
1958 4670 2069 4732 adeant
2090 4677 2232 4752 parentes

397 4770 475 4849 τούς
483 4784 590 4857 γονεῖς
599 4779 648 4857 τῷ
657 4774 807 4860 ὐρμοδίιμ
818 4773 960 4862 δικαστῇ
976 4775 1147 4862 ἣύργοντι
1156 4774 1214 4840 καί
1224 4772 1302 4849 τούς
1329 4785 1547 4859 oompetentem
1570 4777 1701 4840 iudioem
1718 4797 1771 4840 seu
1793 4778 2005 4857 magistratum
2023 4784 2054 4839 et
2069 4796 2139 4838 suos
2154 4775 2232 4838 filios

397 4882 537 4957 οἰκείους
560 4878 650 4956 υίούς
672 4880 692 4959 ἣ
709 4881 905 4967 θυγατέρας
923 4882 943 4960 ἢ
958 4884 1113 4964 ἐγγόνους
1128 4882 1148 4960 λ)
1163 4883 1302 4965 ἐγγόνας
1329 4884 1378 4948 vel
1392 4884 1469 4946 filias
1479 4883 1528 4949 vel
1537 4893 1664 4966 nepotes
1672 4883 1721 4947 vel
1729 4891 1835 4966 neptes
1850 4892 1882 4945 et
1891 4883 2030 4965 deinoeps
2039 4903 2096 4945 sua
2104 4882 2234 4946 liberent

397 4985 555 5063 καὶτοὺς
578 4989 695 5074 ἐφεξῆς
721 4999 780 5066 της
803 4989 926 5063 οἰκείας
949 4989 1147 5076 ἐλευθεροῦν
1170 4990 1302 5073 ὐπεξου-
1328 4999 1479 5073 potestate
1500 4991 1634 5054 dieentes
1661 4990 1760 5066 „huno
1785 4989 1836 5054 vel
1857 4990 1913 5052 hos
1936 4991 1983 5052 sui
2004 4991 2078 5052 iuris
2099 4988 2179 5052 faeie
2201 4998 2234 5051 et

398 5096 554 5171 σιότητος
576 5095 733 5177 λέγοντας
756 5092 809 5159 ότι
831 5095 927 5160 τόνδε
947 5095 966 5174 ἰ)
982 5095 1096 5171 τούςδε
1111 5106 1195 5160 ποιῶ
1210 5098 1302 5161 αὐτε-
1330 5118 1398 5161 mea
1419 5097 1540 5161 dimitto
1555 5106 1674 5160 manu‘t
1718 5106 1846 5179 possunt
1861 5106 1962 5161 autem
1981 5105 2122 5179 parentes
2136 5095 2234 5158 filium

470 5290 480 5321 ¹
498 5287 637 5360 Scriptum
655 5295 699 5345 est
716 5292 746 5345 in
764 5292 876 5362 magine
893 5288 919 5362 ό
936 5308 988 5362 pro
1006 5280 1056 5363 β’β,
1080 5293 1181 5347 erroris
1198 5307 1302 5363 genere
1403 5293 1412 5325 ¹
1429 5290 1523 5347 Adde:
1551 5291 1670 5362 [mortuo
1694 5295 1787 5347 autem
1811 5309 1873 5360 avo,
1900 5308 1956 5346 non
1979 5293 2092 5347 omnino
2115 5294 2234 5360 nepotes

396 5378 632 5450 frequentissimo.
669 5379 753 5437 Unde
770 5385 850 5450 patet
867 5397 951 5452 quam
967 5381 1050 5453 longe
1063 5399 1081 5436 a
1092 5382 1210 5436 veritate
1223 5379 1302 5435 aber·
1330 5389 1466 5453 neptesve
1484 5383 1528 5436 sui
1546 5382 1616 5435 iuris
1633 5378 1724 5450 fiunt]⁸

396 5470 470 5525 ravit
487 5467 516 5523 Η
534 5469 564 5522 in
582 5467 660 5524 fonte
679 5471 838 5540 tipuoitiani
856 5469 912 5525 looi
928 5469 975 5537 (ab
994 5485 1028 5525 eo
1040 5469 1084 5524 III
1097 5474 1149 5524 518
1162 5470 1304 5540 descripti)

396 5557 573 5628 requirendo.
680 5557 692 5590 ¹
709 5557 796 5614 hebet
812 5557 879 5630 Syn.
987 5557 999 5590 ⁸
1017 5558 1095 5625 Quae
1120 5563 1252 5613 secuntur
1270 5575 1303 5614 ex

396 5663 498 5719 ςεεοοο
516 5646 727 5702 Institutionum
746 5647 847 5717 indice,
865 5649 964 5719 paucis
977 5650 1098 5716 mutatis,
1116 5647 1218 5703 hausta
1229 5653 1303 5703 sunt

396 5735 501 5791 Latina
526 5737 628 5805 omnia,
655 5752 728 5807 quae
751 5736 835 5792 index
857 5742 959 5807 servat,
985 5737 1033 5792 hio
1054 5753 1155 5808 greeoe
1176 5736 1303 5792 redeunt
1363 5724 1370 5797 J

467 5822 603 5896 ‘Suppls
631 5826 838 5895 τελευτήσαντος
864 5824 894 5880 dd
923 5827 1047 5895 πάππον,
1078 5825 1111 5881 οὐ
1139 5826 1248 5889 πάντας
1277 5827 1308 5880 οἰ

397 5914 505 5987 ἐγγονω
516 5916 562 5968 καί
574 5912 683 5988 ίγγόναι
692 5913 863 5978 αὐτεξούσια
871 5919 1004 5990 γίνονται
1021 5914 1091 5972 haee
1104 5917 1178 5970 enim
1190 5920 1305 5986 propter

398 6002 649 6060 homoeoteleuton
668 6002 838 6059 oeciderunt.
