4842 7018
773 455 925 523 LIBER
946 455 1067 523 LVIII.
1113 458 1202 522 TIT.
1225 456 1443 522 XV-XVIL

547 634 669 690 ΤΙΤΛΟ(
689 637 737 689 ΙΕ’.
1109 635 1113 807 γ
1451 634 1617 690 TITULUS
1636 635 1698 690 XV.

421 759 470 826 *VI
492 779 513 812 τί
532 760 560 812 ἐν
580 760 652 829 τόπῳ
671 763 733 831 ἶτρῷ
752 763 866 834 γένηται.
1363 761 1406 816 Ne
1424 762 1492 831 quid
1511 762 1539 814 in
1558 759 1619 814 loeo
1637 778 1715 814 saero
1733 758 1790 813 fiat.

123 890 156 941 α’.
260 886 353 963 Λέγει
379 886 578 967 όπραίτωρ·
595 891 629 948 ὲν
645 889 719 967 ἱερῷ
743 889 834 968 τόπῳ
852 888 869 965 b
886 899 989 953 ποιεῖν
1004 889 1023 966 λγ
1040 828 1112 964 εἰς-δ
1189 890 1274 951 Dieit
1296 898 1429 970 praetor:
1453 889 1513 962 „In
1536 889 1603 948 looo
1619 908 1705 949 sacro
1731 886 1781 948 vel
1804 888 1901 947 faeere
1923 884 1973 947 vel
1993 883 2023 944 in

194 994 327 1071 πέμπειν
342 1015 373 1053 τι
388 991 517 1054 κωλύω·
539 1002 639 1056 τοῦτο
655 994 725 1077 περὶ
744 997 833 1077 ίεροῦ
847 998 953 1058 τόπου
969 997 1008 1059 od
1024 996 1094 1076 περὶ
1126 996 1223 1079 [eum]
1238 996 1397 1058 immittere
1413 996 1485 1076 quid
1500 1003 1596 1057 veto“.
1635 995 1691 1055 hoe
1708 992 1868 1076 [edietum]
1885 992 1923 1054 de
1938 1012 2024 1052 saero

192 1095 335 1179 βεβήλου
362 1100 510 1179 άρμόζει,
540 1101 580 1163 οὐ
607 1098 663 1164 διά
690 1099 729 1163 τὸ
753 1104 958 1183 κοσμεῖσθαι
983 1103 1095 1183 αὐτὸν,
1124 1104 1198 1176 loeo,
1221 1124 1280 1163 non
1298 1103 1642 1183 deprofanooompetit,
1664 1100 1815 1181 nequead
1832 1120 1900 1160 eum
1917 1118 2025 1159 ornan·

193 1201 278 1267 άλλά
302 1201 358 1266 διά
381 1202 420 1267 τὸ
443 1204 486 1287 μή
509 1206 740 1290 βλάπτεσθαι·
765 1212 784 1285 ή
809 1209 842 1272 δὲ
866 1209 1007 1295 φροντὶς
1030 1222 1096 1274 τῶν
1109 1256 1111 1281 ,
1124 1210 1196 1270 dum
1221 1209 1377 1293 [pertinet]
1400 1210 1520 1283 sedeo,
1543 1229 1581 1270 ne
1602 1209 1630 1269 ei
1653 1217 1807 1270 noceatur:
1832 1227 1905 1267 eura
1924 1216 2024 1266 autern

194 1313 289 1390 ἱερῶν
304 1313 416 1374 τόπων
432 1322 501 1386 τοῖς
517 1315 755 1398 φροντίζουσιν
770 1316 882 1378 αὐτῶν
897 1317 1021 1394 άυήκειε
1038 1318 1093 1365 —¹
1124 1337 1276 1379 sacrorum
1298 1317 1431 1378 locorum
1457 1336 1559 1378 eorum
1582 1314 1772 1375 curatoribus
1795 1323 1920 1393 spectat.

846 1425 881 1486 fr.
900 1429 927 1486 l.
943 1426 982 1487 D.
998 1431 1050 1500 43,
1067 1431 1094 1489 6.
1776 1420 1811 1482 fr.
1830 1426 1856 1482 1.
1872 1420 1911 1480 Ι).
1927 1423 1979 1492 43,
1996 1423 2023 1481 6.

124 1531 156 1603 ῥ’.
261 1522 345 1604 Περὶ
370 1527 460 1602 τείχη
483 1525 539 1590 καλ
564 1530 692 1611 πόρτας
709 1528 765 1592 καὶ
783 1531 898 1609 ιἰγιόυς
915 1533 1037 1607 τόπους
1053 1532 1094 1615 μή
1189 1532 1227 1592 In
1250 1532 1343 1592 muris
1367 1541 1397 1591 et
1420 1532 1515 1612 portis
1537 1540 1567 1591 et
1590 1529 1683 1591 saeris
1706 1528 1779 1589 loeis
1803 1526 1878 1588 nihil
1896 1527 1950 1587 fiat
1965 1546 2024 1606 quo

194 1632 343 1711 γινέσθω
373 1655 403 1694 τι
428 1632 478 1696 ἐπὶ
505 1633 626 1720 βλάβῃ,
655 1633 741 1699 άλλιλ
762 1638 842 1718 μηδὲ
868 1641 1096 1705 οἰκείσθωσαν
1123 1638 1234 1699 damno
1258 1638 1450 1713 adfioiantur;
1475 1659 1551 1700 neve
1574 1636 1645 1719 [ibi]
1671 1634 1824 1696 habitetur
1846 1635 1911 1695 sine
1934 1633 2027 1694 venia‘

195 1738 740 1822 ‹whwmmmw-
1014 1746 1274 1825 samm.
1943 1740 2024 1800 aa

437 1937 556 1990 ΤΙΤΛΟ(
576 1938 619 2005 id,
640 1939 771 1994 ΒΙΒΛΙΟΥ
790 1941 849 1993 ΝΗ’
1322 1937 1489 1995 TITULUS
1507 1938 1585 2007 XVI,
1605 1937 1709 1992 LIBRI
1727 1936 1823 1992 LVIII

211 2063 273 2131 περὶ
292 2063 339 2112 τοῦ
356 2062 392 2129 μή
412 2081 436 2114 τι
455 2061 482 2114 όν
500 2065 612 2132 ποταμῷ
623 2050 750 2134 ’δημοσίῳ
769 2063 785 2131 i]
803 2065 832 2117 ἐν
851 2067 881 2136 τῇ
899 2066 983 2119 αὐτοῦ
1005 2066 1077 2138 ὄχθῃ
1223 2080 1258 2118 ne
1277 2064 1344 2134 quid
1364 2066 1391 2117 in
1410 2063 1523 2118 flumine
1541 2063 1655 2134 publico
1673 2064 1769 2133 ripave
1788 2062 1847 2114 eius
1868 2057 1920 2113 fiat

211 2149 331 2220 γένηται,
359 2149 402 2201 ἰἰιι
421 2157 514 2221 χεῖρον
537 2153 663 2225 uirenti]
687 2151 702 2220 ή
722 2152 802 2224 ρεόοη
825 2154 897 2226 παρὸ
921 2157 956 2223 τῷ
979 2156 1076 2229 πρώιῳ
1170 2170 1225 2222 quo
1244 2156 1323 2223 peius
1341 2155 1490 2225 navigatur
1508 2158 1557 2206 aut
1574 2152 1644 2205 fluat
1661 2168 1745 2221 quam
1763 2151 1854 2220 priore
1874 2152 1979 2201 aestate

326 2239 405 2311 θέρει
424 2241 520 2311 ἔρρεεν.
557 2245 602 2293 καὶ
619 2244 680 2315 περὶ
699 2241 786 2309 ὄχθης
804 2243 961 2313 ἀσφαλείας.
1335 2242 1422 2296 fluxit
1454 2248 1483 2296 et
1501 2242 1536 2295 de
1554 2243 1631 2311 ripae
1650 2241 1805 2294 securitate.

260 2366 353 2443 Λέγει
379 2366 397 2426 ό
421 2367 587 2452 πραίτωρ·
611 2368 711 2446 μηδὲν
733 2373 767 2430 εν
790 2373 837 2450 τῷ
856 2374 995 2451 ποταμῷ
1021 2371 1037 2447 ή
1055 2377 1094 2455 τῇ
1190 2369 1273 2430 Dieit
1287 2380 1420 2450 praetor:
1436 2368 1529 2443 „nihil
1545 2369 1575 2428 in
1591 2367 1715 2428 flumine
1730 2366 1835 2446 n'pave
1851 2365 1914 2426 eius
1929 2363 2023 2424 faoias

194 2470 288 2553 ὄχθῃ
313 2472 417 2535 αὐτοῦ
440 2473 578 2557 ποιήσῃς
602 2474 621 2550 λγ
645 2476 795 2560 ἐμβάλῃς,
825 2476 867 2538 δι’
894 2470 933 2540 od
956 2480 1094 2563 όπόρος
1122 2477 1169 2537 vel
1201 2477 1357 2551 immittas,
1390 2497 1450 2556 quo
1482 2496 1586 2538 oureus
1617 2474 1750 2534 fluminis
1782 2470 2023 2550 navigationisve
2065 2458 2067 2462 Α

194 2585 254 2639 τοῦ
277 2587 429 2659 ποταμοῦ
451 2578 470 2656 ή
494 2589 555 2643 τοῦ
578 2581 660 2645 πλοῦ
682 2582 964 2666 καταβλάπτεται.
1123 2584 1266 2644 damnum
1291 2583 1429 2644 sentiat.“
1699 2581 1734 2641 fr.
1753 2584 1769 2640 1
1787 2601 1831 2660 pr.
1847 2578 1886 2639 D.
1904 2581 1954 2650 43,
1974 2580 2023 2637 12·

770 2691 1025 2772 fr.1pr.1).43,
1045 2696 1092 2754 12.

261 2790 424 2872 Ποταμὸν
452 2792 518 2858 άπὸ
547 2796 666 2872 ὀχετοῦ
692 2793 731 2859 τὸ
759 2798 903 2877 μέγεθος
936 2798 1092 2880 διακρίνει
1188 2796 1318 2858 Flumen
1342 2818 1361 2857 a
1383 2797 1447 2859 rivo
1471 2795 1647 2873 magnitudo
1670 2794 1828 2874 distinguit
1850 2792 1898 2853 vel
1921 2791 2023 2871 opinio

194 2896 213 2974 ή
239 2897 378 2962 ὑπόνοια
400 2911 467 2962 τῶν
490 2902 583 2984 πέριξ
606 2913 771 2984 γεωργῶντ
789 2941 830 2949 -
933 2905 968 2966 fr.
988 2909 1014 2967 1.
1031 2913 1047 2982 ξ
1066 2910 1093 2967 1.
1122 2924 1225 2964 eorum
1249 2906 1301 2984 qui
1324 2904 1436 2965 oiroum
1459 2904 1570 2965 eolunt
1774 2884 1776 2889 ⁴
1862 2897 1898 2960 fr.
1917 2900 1943 2958 1.
1961 2904 1976 2973 ξ
1996 2901 2023 2958 1.

140 3012 156 3063 ’.
257 3002 290 3067 ‘0
320 3006 530 3087 ἑκατέρωθεν
561 3017 622 3071 τοῦ
649 3009 809 3090 δημοσίου
834 3020 987 3092 ποταμοῦ
1010 3015 1094 3089 ἔχων
1189 3011 1252 3087 Qui
1283 3031 1320 3071 ex
1352 3008 1479 3090 utraque
1511 3010 1578 3090 ripa
1608 3007 1740 3069 fluminis
1768 3005 1904 3067 aedificia
1931 3004 2024 3065 habet

194 3113 305 3184 οἴκους
337 3112 376 3173 οὐ
409 3111 547 3176 δύναται
580 3113 730 3203 γεφύραιν
761 3116 929 3181 ἰδιωτικοῦ
965 3118 1095 3182 δικαίου
1123 3139 1181 3179 non
1205 3127 1306 3199 potest
1327 3129 1451 3199 pontem
1474 3118 1546 3178 iuris
1569 3116 1679 3197 privati
1702 3114 1808 3175 faeere.
1943 3112 1977 3172 fr.
1993 3114 2022 3171 4.

195 3226 306 3279 ποιεῖν.
1013 3228 1048 3288 fr.
1065 3230 1093 3287 4.

432 3362 551 3416 Tuto(
571 3363 624 3431 IZ',
644 3364 775 3419 ΒΙΒΛΙΟΥ
795 3367 853 3418 ΝΗ’
1311 3362 1479 3420 TITULUS
1498 3362 1591 3431 XVII,
1609 3361 1715 3416 LIBRI
1733 3360 1830 3414 LVIII

469 3487 507 3547 εἰς
526 3487 556 3541 τὸ
574 3496 716 3557 κατασχεῖν
734 3490 824 3560 νομήν.
1107 3404 1110 3549 i
1344 3490 1381 3544 ad
1398 3487 1572 3543 retinendam
1590 3488 1801 3557 possessionem.

143 3625 157 3677 '.
266 3608 375 3686 Ψησίν
398 3613 416 3673 ό
441 3614 605 3695 πραίτωρ·
628 3612 688 3677 τὸν
710 3616 861 3701 λαβόντα
884 3616 986 3698 νομήν
1002 3612 1110 3715 παράή
1188 3620 1244 3680 Ait
1260 3628 1394 3698 praetor:
1413 3637 1508 3689 „eum,
1527 3615 1660 3695 quiete
1678 3613 1896 3694 possessionem
1912 3610 2024 3691 oeperit

195 3725 258 3779 τοῦ
284 3718 364 3797 μήτε
390 3718 450 3801 βίᾳ
476 3720 555 3800 μήτε
579 3721 699 3804 λάθρα
721 3723 801 3803 μήτε
824 3724 1027 3806 παρακλήσει
1051 3725 1092 3806 μή
1123 3747 1178 3788 neo
1205 3727 1236 3788 vi
1259 3746 1314 3786 nee
1341 3725 1419 3786 elam
1442 3743 1498 3784 neo
1524 3723 1672 3802 precario,
1700 3741 1739 3781 ne
1761 3718 1922 3800 prohibeas
1950 3738 2022 3797 quo·

194 3822 343 3907 κωλῦσης
366 3823 553 3906 νέμεσθαι.Ι
773 3830 808 3891 fr.
827 3834 841 3891 1
860 3853 904 3912 pr.
920 3831 958 3892 D.
976 3834 1027 3906 43,
1046 3836 1093 3895 17.
1124 3834 1222 3894 minus
1243 3832 1423 3913 possideat.“
1699 3827 1734 3888 fr.
1753 3830 1769 3887 1
1787 3847 1831 3906 pr.
1847 3826 1886 3886 D.
1903 3827 1954 3897 43,
1974 3827 2022 3885 17.

259 3930 292 3993 ‘0
314 3931 348 4012 ἐξ
371 3931 474 3994 ἄλλον
496 3931 609 4015 λαβὼν
627 3932 691 3996 κᾶν
705 3936 766 4020 βία
781 3936 800 4013 ή
816 3937 937 4018 λάθρα
953 3938 972 4015 ii
988 3960 1094 4020 παρα·
1188 3940 1250 4017 Qui
1273 3940 1313 4000 ab
1336 3938 1396 3999 alio
1419 3937 1575 4017 acceperit,
1598 3935 1736 4016 quamvis
1752 3934 1783 3995 vi
1799 3932 1947 3993 antelam
1970 3940 2024 3991 aut

194 4037 303 4111 κλήσει
337 4042 413 4117 νικᾷ
440 4060 477 4101 σε
505 4041 682 4120 ἐσάγοντα·
715 4044 754 4105 οὐ
780 4044 844 4125 μήν
876 4050 901 4107 εί
933 4043 999 4108 άπὸ
1033 4047 1268 4127 σοῡηριεοετίο,
1296 4046 1390 4108 vineit
1417 4055 1448 4105 te
1476 4045 1501 4104 si
1529 4055 1635 4104 eontra
1661 4063 1730 4103 eum
1757 4039 1931 4120 experiaris:
1962 4059 2021 4097 noo

194 4144 318 4228 ἔλαβεν,
343 4142 437 4225 παρά
460 4155 522 4209 σοῦ
544 4144 610 4229 γάρ
630 4151 771 4228 νέμεται·
797 4148 879 4228 πρὸς
894 4151 1013 4225 ἄλλους
1029 4148 1093 4232 γάρ
1123 4174 1192 4215 vero
1215 4154 1240 4213 si
1264 4174 1283 4213 a
1305 4162 1335 4215 te
1357 4152 1515 4232 acceperit,
1537 4172 1608 4211 narn
1631 4158 1737 4210 eontra
1759 4157 1788 4209 te
1811 4146 1958 4227 possidet:
1983 4145 2022 4206 ab

195 4255 256 4313 εἴτε
280 4250 416 4324 δικαίως
439 4255 501 4314 είτε
525 4252 646 4327 άδίκως
669 4258 816 4337 νέμομαι,
840 4258 937 4320 πλέον
955 4261 1018 4334 ἔχω
1036 4268 1109 4339 τοῦ1
1123 4260 1190 4322 aliis
1221 4281 1293 4321 vero
1327 4260 1389 4320 sive
1422 4260 1500 4319 iuste
1533 4258 1596 4318 sive
1628 4256 1738 4318 iniuste
1769 4254 1921 4335 possideo,
1954 4252 2022 4332 plus

193 4355 236 4437 pt
255 4361 443 4437 νέμθμδνθυῑ
460 4356 518 4405 *³
888 4366 923 4426 fr.
944 4369 969 4425 1.
987 4372 1002 4441 ἓ
1021 4370 1049 4429 9.
1067 4370 1093 4427 2.
1107 4350 1110 4455 i
1124 4368 1218 4428 habeo
1241 4387 1285 4439 eo,
1308 4368 1360 4447 qui
1382 4387 1442 4426 non
1465 4365 1606 4445 possidet.
1818 4362 1853 4422 fr.
1873 4365 1898 4422 1.
1915 4367 1931 4436 ἕ
1948 4365 1976 4422 9.
1994 4362 2021 4419 2.

18 4550 19 4555 ¹
121 4477 156 4550 β’.
259 4463 353 4544 Ἐμοῦ
379 4463 435 4527 καὶ
464 4474 527 4528 σοῦ
553 4464 592 4528 τὸ
621 4466 704 4531 αὐτὸ
732 4474 776 4542 είς
800 4470 981 4555 ὀλόκληρον
1004 4462 1110 4553 nepo-i
1188 4473 1242 4535 Me
1264 4483 1295 4535 et
1316 4473 1441 4534 teidem
1456 4475 1487 4532 in
1503 4472 1633 4533 solidum
1649 4469 1881 4550 possidentibus,
1906 4469 1929 4529 si
1946 4468 2023 4528 alter

18 4564 19 4569 ¹
193 4574 306 4651 με’νων,
332 4575 359 4632 εἰ
383 4568 443 4634 σὺ4
466 4574 500 4654 ἐξ
523 4577 601 4654 ἐμοῦ
623 4575 746 4648 άδίκως
769 4580 846 4662 νέμῃ
869 4576 931 4658 ἐγὼ
952 4542 1141 4642 καλλίωνδο
1163 4601 1211 4642 me
1234 4581 1343 4641 iniuste
1365 4580 1528 4661 possideat,
1552 4600 1608 4658 ego
1626 4578 1725 4659 potior
1740 4597 1802 4649 ero;
1826 4575 1905 4655 quod
1922 4576 1947 4635 si
1962 4594 2021 4634 non

194 4678 269 4757 εἰμι’·
293 4680 319 4739 εἰ
343 4677 376 4738 δὲ
399 4677 441 4758 μή
471 4680 505 4760 ἐξ
527 4684 613 4761 ἐμοῦ,
642 4680 707 4745 κάν
729 4684 852 4757 ἀδίκως
876 4689 961 4770 νέμῃ,
990 4634 1141 4760 astruis
1163 4707 1224 4761 me,
1252 4688 1323 4749 lieet
1345 4688 1456 4748 iniuste
1477 4686 1642 4767 possideat,
1670 4692 1777 4745 neuter
1799 4694 1934 4744 nostrum
1958 4682 2022 4743 vin·

94 4780 96 4784 Ι
194 4786 285 4864 apae
308 4786 449 4859 ίιτττῖται
474 4790 520 4866 τῷ
544 4788 646 4869 άλλιρε
664 4788 721 4835 —⁵
963 4793 997 4853 fr.
1015 4799 1033 4855 3
1050 4804 1206 4899 prleetur
1228 4794 1266 4855 ab
1290 4795 1393 4856 altero.
1889 4789 1924 4849 fr.
1941 4791 1960 4847 3
1977 4809 2021 4869 pr.

266 4888 312 4952 Τὸ
329 4892 546 4975 παράγγελμα
562 4904 662 4957 τοῦτο
673 4896 808 4959 διπλοῦν
821 4903 924 4960 ἐστιν·
940 4901 1108 4979 ἑκάτερος·
1186 4901 1257 4962 Ηοο
1285 4901 1475 4962 interdictum
1504 4900 1616 4980 duplex
1644 4908 1701 4959 est:
1730 4907 1857 4976 uterque
1885 4896 1964 4956 enim
1992 4905 2023 4956 et

194 4995 259 5078 γάρ
283 4995 339 5059 καὶ
364 4999 468 5078 ἐνάγει
492 4999 548 5062 καὶ
573 5002 732 5083 ἐσάγεται.
934 5006 968 5068 fr.
985 5011 1014 5069 3.
1031 5013 1047 5083 5
1067 5011 1093 5068 1.
1106 4976 1109 5049 I
1122 5009 1185 5086 agit
1207 5018 1238 5069 et
1261 5009 1445 5070 convenitur,
1847 5003 1897 5065 ‘fn
1914 5008 1942 5064 3,
1959 5009 1975 5078 g
1995 5005 2022 5063 1,

259 5104 291 5165 ‘O
318 5104 548 5187 κωλυσάμενος
575 5113 608 5171 ἐν
631 5110 726 5183 ἰδίοις
757 5113 869 5174 κτίσαι
895 5112 913 5188 μή
943 5110 1026 5186 όλιος
1053 5118 1093 5197 τῇ
1188 5116 1251 5193 Qui
1273 5116 1448 5196 prohibetur
1470 5117 1500 5176 in
1524 5135 1578 5175 sno
1598 5113 1756 5174 aedificare
1771 5111 1820 5172 vel
1837 5131 1893 5171 sua
1907 5130 2022 5191 posses·
2121 5109 2123 5113 ’

194 5216 299 5288 οίκειςι
314 5216 397 5295 νομή
410 5216 567 5295 χρῆσθαι
584 5220 646 5291 ἔχει
664 5214 703 5279 τὸ
723 5219 940 5300 παράγγελμα
959 5219 1093 5304 [ἐπειδή]
1122 5223 1204 5283 sione
1231 5223 1289 5293 uti,
1312 5221 1404 5283 habet
1425 5222 1482 5283 hoe
1508 5220 1712 5292 interdictum,
1740 5219 1882 5298 quoniam
1907 5228 2022 5278 contro·

195 5317 399 5402 φιλονεικίαν
422 5331 523 5401 νομῆς
548 5322 743 5407 διγίσταταιι
761 5361 801 5369 -
932 5327 967 5388 fr.
985 5330 1013 5389 3.
1031 5334 1046 5403 ξ
1066 5332 1092 5388 2.
1122 5330 1251 5390 versiam
1274 5329 1311 5390 de
1333 5330 1518 5408 possessione
1541 5327 1664 5408 patitur.
1862 5325 1896 5386 fr.
1914 5328 1941 5385 3.
1959 5330 1975 5399 ξ
1994 5327 2022 5384 2.

262 5425 301 5486 El
325 5428 343 5487 ὁ
367 5429 494 5501 ἕνοικος
513 5428 625 5490 κωλύει
647 5427 706 5492 τὸν
727 5429 890 5506 δεσπότην
906 5434 1091 5496 άυανειῖισαι
1189 5434 1220 5496 si
1244 5435 1408 5515 inquilinus
1434 5434 1575 5515 prohibet
1597 5434 1751 5494 dominum
1779 5432 1868 5493 aedes
1894 5431 2022 5500 refioere,

195 5528 254 5593 τὸν
282 5527 383 5612 οἷκον,
405 5536 503 5616 χιόρα
531 5539 577 5616 τῷ
601 5537 849 5618 παραγγέλματι
873 5538 930 5600 καὶ
955 5539 1205 5687 διαμαρ-,Ιοοοε
1230 5541 1303 5625 [est]
1329 5542 1485 5603 interdicto
1508 5552 1537 5602 et
1558 5550 1689 5602 testatur
1703 5561 1769 5601 eum
1786 5560 1846 5600 non
1862 5539 2022 5617 quominus

17 5645 155 5699 ³›l.120‘·
194 5637 326 5717 τόρεται
361 5638 464 5702 αὐτὸν
496 5643 557 5718 οὐχ
591 5641 645 5705 ἵνα
676 5642 719 5724 μή
748 5649 834 5723 οίκή,
867 5645 938 5706 ἀλλ’
969 5644 1024 5708 ἵνα
1051 5646 1240 5757 μήιλιεοίυολ
1261 5649 1313 5710 sed
1337 5669 1374 5709 ne
1396 5649 1557 5728 possideat.
1851 5646 1887 5706 fr.
1904 5647 1932 5705 3.
1950 5649 1975 5719 ἓ.
1993 5647 2021 5706 3.

16 5754 19 5763 “
195 5748 342 5825 νέμηταιε
361 5782 400 5792 -
822 5800 825 5807 ,
932 5753 967 5813 ᾖ,
985 5757 1013 5814 3,
1031 5761 1046 5830 5
1065 5757 1093 5816 3,
1670 5767 1675 5779 ·

194 5864 637 5977 ”1Mffieam
710 5907 1094 5982 wm.mma

193 5992 220 6047 A
239 6009 301 6047 eum
320 5993 395 6066 Tip.;
413 5994 480 6065 Syn.
499 5996 537 6057 εἰς
555 5992 577 6049 ὃ.
651 5997 662 6028 ⁶
681 5998 715 6051 cf.
735 5997 800 6070 Syn.
1107 5976 1109 6069 i

2042 3355 2058 3409 l.
2070 3360 2112 3408 43.
2127 3359 2144 3408 t.
2158 3360 2198 3408 17.
