4842 7018
871 453 1025 522 LIBER
1046 452 1165 518 XLIV.
1210 451 1299 518 TIT.
1322 452 1349 519 Ι.
1992 455 2031 519 'll

117 644 162 698 ιδ’.
264 636 297 701 Ὁ
312 637 516 721 ληγατοίριος
531 637 571 699 οὐ
587 635 726 701 δύναται
742 606 841 721 μέρος
849 635 1102 715 καταδέχεσθαι
1197 634 1380 714 Legatarius
1402 655 1463 696 non
1490 644 1591 716 potest
1612 646 1730 718 partem
1753 637 1892 717 aeeipere
1913 645 1945 699 et
1966 656 2035 718 par·

199 741 257 807 καί
288 747 387 829 μέρος
417 743 681 827 παραιτεῖσθαι·
719 754 787 807 τῶν
821 742 856 807 δέ
889 744 1105 826 κληρονόμων
1131 752 1195 803 tem
1232 741 1391 823 repellere;
1429 741 1574 804 heredum
1611 762 1682 805 vero
1719 744 1785 806 eius
1820 744 1899 806 alter
1935 753 2036 825 potest

201 852 307 914 αὑτοῦ
337 852 355 913 ό
386 852 444 932 μέν
477 849 617 914 δύναται
650 849 911 933 καταδέξασθαι
945 847 985 914 τό
1019 849 1105 913 ίδιον
1132 849 1269 930 aenipere
1292 851 1462 929 portionem
1485 870 1580 925 suam,
1604 850 1681 913 alter
1703 870 1775 913 vero
1797 850 1950 932 repellere.

197 961 306 1041 μέρος,
330 959 349 1020 ό
373 957 407 1021 δέ
430 956 743 1042 παραιτήσασθαι.1
946 958 984 1021 ir.
1001 960 1043 1020 38
1060 980 1103 1039 pr.
1880 958 1915 1019 fr.
1932 959 1974 1020 38
1990 979 2034 1039 pr.

215 1103 218 1109 '
263 1088 337 1155 Ἐίιν
375 1092 394 1153 ὁ
432 1088 652 1173 ληγατενθείς
689 1089 807 1165 δοῦλος
838 1082 858 1177 ᾖ
891 1092 925 1153 έν
961 1094 1053 1178 φυγῇ
1084 1090 1104 1168 ὑ
1199 1088 1232 1152 Si
1254 1089 1373 1171 legatus
1401 1110 1506 1154 servus
1532 1090 1565 1152 in
1591 1090 1666 1173 fuga
1692 1093 1732 1154 sit
1758 1101 1813 1154 aut
1834 1091 1924 1173 longe
1947 1090 2035 1166 absit,

198 1196 333 1281 μακρὰν
355 1199 503 1274 ὑίπεστιν,
527 1200 546 1261 ό
569 1198 775 1282 κληρονόμος
793 1197 890 1272 ίδίοις
905 1195 1009 1262 αὑτὸν
1025 1199 1104 1261 ἀνα·
1131 1196 1218 1259 heres
1241 1217 1311 1258 eum
1333 1198 1463 1279 propriis
1485 1198 1611 1279 requirit
1633 1199 1813 1280 sumptibus.
1880 1196 1915 1260 ir.
1933 1202 1974 1262 39
1990 1219 2035 1280 pr.

200 1305 290 1385 ζητεῖ
309 1302 576 1387 δαπανήμασιν.’
948 1305 984 1367 fr.
1002 1308 1043 1368 39
1060 1326 1103 1385 pr.
1334 1299 1336 1302 ⁴

271 1434 356 1512 Τοὺς
378 1435 528 1524 καρποὺς
551 1438 688 1503 δίδωσιν
711 1438 951 1523 όκληρονόμος
966 1437 1027 1516 οὑχ
1048 1433 1105 1511 οὑς
1197 1435 1330 1500 Fructus
1353 1438 1407 1500 dat
1429 1438 1516 1501 heres
1539 1459 1601 1500 non
1624 1459 1700 1520 quos
1722 1440 1857 1521 pereepit
1884 1439 1938 1501 sed
1960 1460 2036 1521 quos

199 1543 315 1629 ἔλαβεν
342 1545 414 1608 ἀλλ’
446 1541 502 1620 οὓς
530 1547 549 1608 ό
576 1546 780 1631 ληγατοίριος
808 1542 954 1622 ἠδύνατο
981 1543 1102 1629 λαβεῖν.
1131 1542 1296 1624 legatarius
1319 1546 1467 1627 potuisset
1490 1566 1605 1627 capere.
1651 1547 1732 1608 idem
1756 1556 1788 1608 et
1802 1546 1840 1607 de
1863 1547 1962 1628 operis
1978 1567 2036 1609 ser·

200 1649 239 1715 τό
263 1649 346 1716 αὑτό
369 1650 427 1715 καί
450 1651 522 1737 περὶ
539 1653 723 1737 ὑπηρεσιῶν
744 1651 871 1716 δοὺλων
886 1649 942 1716 καί
965 1652 1105 1734 μισθῶν
1131 1672 1240 1713 vorum
1267 1660 1298 1713 et
1323 1648 1517 1736 {mercedibus
1549 1655 1751 1715 iumentorum
1786 1662 1817 1715 et
1847 1654 1974 1717 navium
2006 1663 2037 1716 et

201 1756 384 1840 ὑποζνγίων
405 1757 463 1822 καλ
482 1760 606 1823 πλοίων
619 1758 677 1824 καί
694 1760 855 1823 ὲνοιιιίων·
878 1756 927 1823 ἐπί
945 1758 979 1822 δὲ
995 1760 1105 1822 τόκων
1131 1758 1335 1840 pensionibus.
1391 1759 1472 1822 eirea
1507 1781 1579 1823 vero
1616 1780 1725 1823 usuras
1766 1760 1861 1822 iudex
1898 1762 2037 1842 sequitur

199 1867 218 1928 ὁ
247 1863 406 1942 δικαστὴς
438 1867 628 1930 ἀκολουθεῖ
654 1870 702 1948 τῷ
734 1866 807 1930 έθει
840 1875 902 1929 τοῦ
931 1866 1103 1948 κλίματος·
1132 1885 1245 1927 morem
1267 1866 1410 1945 regionis3
1433 1876 1504 1948 post
1526 1888 1598 1930 vero
1618 1887 1733 1930 moram
1756 1866 1902 1929 damnum
1918 1888 2038 1949 quoque

199 1969 282 2054 μετὰ
305 1970 339 2036 δέ
362 1972 546 2056 ὑπέρθεσιν
567 1972 624 2038 καί
647 1970 731 2056 μετὰ
754 1969 901 2060 φθορὰν
923 1981 985 2037 τοῦ
1006 1973 1104 2054 ληγα-
1131 1973 1175 2034 rei
1201 1973 1322 2054 legatae
1350 1974 1442 2035 sentit
1467 1973 1566 2049 heres,
1600 1975 1690 2037 sieuti
1716 1984 1748 2037 et
1778 1975 1810 2036 in
1842 1974 2037 2056 stipulatione

200 2079 380 2154 τενθέντος
409 2082 612 2162 ἐπιγινώσκει
646 2083 664 2144 ό
696 2080 902 2164 κληρονόμος
934 2077 1038 2164 ὥςπερ
1071 2084 1105 2143 ἐν
1131 2089 1202 2161 post
1224 2100 1348 2142 moram.
1373 2080 1399 2142 si
1418 2101 1465 2143 res
1479 2082 1609 2162 perierit
1632 2081 1723 2143 datur
1738 2082 1908 2144 aestimatio
1923 2091 1955 2144 et
1968 2102 2037 2164 par·

200 2189 240 2272 τῇ
263 2186 458 2269 ἐπερωτήσει
482 2184 566 2269 μετὰ
588 2188 783 2273 ὑπέρθεσιν·
816 2183 874 2251 ἐὰν
901 2184 941 2250 τό
966 2197 1105 2272 πρᾶγμα
1133 2197 1182 2249 tus
1210 2185 1367 2270 [ancillae]
1392 2185 1528 2268 legatae,
1555 2188 1646 2250 datur
1669 2198 1701 2250 et
1723 2187 1872 2271 quidquid
1894 2198 2038 2271 potuerat

200 2293 327 2380 φθαρῇ
355 2292 486 2356 δίδοται
510 2296 530 2370 η
554 2293 742 2376 διατίμησις
765 2291 822 2357 καί
847 2295 865 2356 ό
889 2292 1024 2369 τοκετὸς
1047 2305 1106 2371 της
1132 2294 1253 2375 adquiri
1283 2303 1408 2376 propter
1437 2315 1501 2356 rem
1527 2294 1669 2375 legatam,
1701 2292 1779 2359 forts
1807 2296 1960 2358 hereditas
1988 2295 2038 2359 vel

200 2400 474 2481 ληγατενθείσης,
507 2399 637 2466 δίδοται
660 2400 718 2465 καί
742 2398 809 2466 ὅσα
835 2399 981 2478 ἠδύνατο
1005 2423 1106 2485 προσ·
1132 2401 1268 2480 legatum
1290 2400 1341 2464 vel
1364 2400 1449 2464 aliud
1471 2401 1551 2483 quid.
1853 2402 1889 2466 ir.
1906 2406 1956 2466 39.
1974 2408 1990 2480 ξ
2010 2406 2037 2463 1.

201 2507 411 2592 πορισθῆναι
435 2504 492 2571 διὰ
515 2516 577 2572 τοῦ
598 2509 874 2590 ληγατευθέντος,
902 2506 1006 2587 τυχόν
1031 2510 1105 2584 κλη-

201 2614 343 2699 ρονομία
366 2612 386 2690 ὑ
413 2613 561 2695 ληγοίτον
583 2614 602 2692 ὑ
626 2617 739 2700 έτερόν
762 2610 825 2678 τι.8
922 2616 957 2678 ir.
975 2621 1025 2680 39.
1042 2623 1059 2694 5
1078 2619 1105 2678 1.

266 2748 307 2812 El
332 2747 366 2811 δὲ
387 2747 445 2813 καί
461 2750 640 2835 ἀλλότριον
657 2750 834 2835 ἀγοράσας
852 2759 990 2833 πρᾶγμα
1008 2748 1106 2830 ληγα·
1200 2748 1244 2810 Et
1265 2749 1291 2810 si
1305 2768 1369 2810 rem
1385 2748 1514 2811 alienam
1537 2769 1607 2811 oum
1623 2750 1761 2812 emissem
1782 2749 1931 2831 legereris
1954 2751 2037 2825 mibi,

200 2852 324 2929 τεὺσεις
345 2876 401 2937 μοι
425 2858 519 2936 αὐτό,
541 2856 750 2942 ἐκγωροῦμαι
773 2854 834 2934 την
855 2854 928 2941 περὶ
950 2867 1009 2933 της
1028 2857 1106 2936 νἰγο·
1133 2855 1251 2919 ceditur
1280 2856 1355 2917 mihi
1382 2857 1462 2918 aetio
1496 2876 1536 2917 ex
1563 2865 1679 2938 empto,
1707 2857 1733 2918 si
1761 2858 1830 2941 (res)
1857 2878 1954 2939 nsque
1981 2858 2038 2920 tibi

201 2963 324 3047 ρασίας
351 2960 486 3045 ἀγωγὴν
507 2966 542 3026 ἐν
565 2953 590 3045 ᾧ
612 2964 693 3045 μήτε
723 2985 777 3028 σοι
806 2963 887 3046 μήτε
917 2966 965 3044 τῷ
989 2964 1106 3049 κληρο-
1134 2983 1232 3043 neque
1253 2962 1359 3026 heredi
1381 2974 1435 3026 tuo
1458 2963 1572 3025 tradita
1594 2964 1641 3025 sit
1853 2964 1889 3027 fr.
1906 2968 1956 3027 39.
1974 2970 1990 3042 ξ
2008 2969 2037 3027 3.

200 3070 289 3151 νόμην
313 3091 377 3133 σου
400 3068 596 3157 παραδοθῇ.
920 3070 957 3132 fr.
975 3074 1025 3135 39.
1043 3076 1059 3148 ξ
1077 3075 1106 3133 3.

265 3199 339 3266 Ἐὑν
361 3206 446 3280 έχων
469 3201 661 3286 ὁμωνύμους
684 3202 743 3268 δὺο
767 3200 892 3288 ἀγροὺς
914 3203 1106 3284 ληγατεὺσω
1200 3202 1234 3265 Si
1256 3203 1372 3266 habens
1394 3204 1470 3266 duos
1493 3203 1628 3265 eiusdem
1651 3206 1781 3267 nominis
1803 3205 1916 3268 llmdos
1942 3226 2038 3267 unum

201 3305 261 3371 τόν
283 3313 342 3373 ένα
364 3308 420 3374 καὶ
436 3309 480 3392 μὴ
497 3310 655 3387 δηλοῦται
671 3320 776 3391 ποῖον,
800 3308 945 3388 ὁὺττων
960 3310 1105 3375 δίδοται·
1133 3310 1274 3390 legavero
1297 3321 1328 3372 et
1349 3330 1412 3372 non
1434 3319 1563 3392 apparet
1585 3320 1700 3386 utrum,
1728 3312 1827 3373 minor
1848 3312 1952 3388 datur,
1979 3313 2039 3376 nisi

201 3421 227 3478 at
253 3413 297 3498 μὴ
325 3414 387 3494 τὴν
416 3419 571 3481 ἐναντίαν
597 3440 662 3500 μου
688 3420 820 3500 γνώμην
847 3416 942 3501 δείξει
965 3420 984 3481 ὁ
1007 3417 1106 3499 ληγα-
1134 3418 1316 3480 eontrariam
1339 3436 1439 3481 msam
1461 3418 1650 3481 voluntatem
1674 3419 1840 3482 ostenderit
1862 3418 2037 3500 legatarius.

201 3521 347 3608 τοίριος.4
922 3527 957 3589 fr.
974 3529 1025 3589 39.
1042 3533 1059 3603 5
1077 3530 1105 3588 6.
1852 3526 1888 3588 fr.
1905 3530 1956 3589 39.
1973 3532 1990 3604 5
2008 3530 2037 3589 6.

114 3662 163 3727 λέ.
265 3653 340 3720 Ἐὑν
362 3658 541 3742 ἀλλότριον
564 3668 703 3742 πρᾶγμα
717 3659 913 3745 ληγατενθῇ
927 3680 993 3741 μοι,
1018 3656 1104 3722 οὑτι-
1200 3658 1234 3722 si
1258 3659 1358 3721 aliena
1379 3678 1428 3721 res
1450 3658 1571 3739 legatur
1596 3658 1684 3734 mihi,
1711 3659 1797 3722 euius
1825 3660 2038 3723 oommeroium

200 3785 257 3837 νος
289 3762 350 3840 τὴν
381 3775 500 3842 κτησιν
531 3765 593 3830 οὑκ
630 3768 694 3843 ἔχω
732 3767 808 3829 οὔτε
846 3764 990 3847 δύναμαι
1021 3762 1105 3829 αὐτὸ
1132 3786 1194 3827 non
1216 3766 1328 3841 habeo,
1356 3786 1454 3847 neque
1470 3786 1596 3847 possum
1619 3786 1688 3828 eam
1709 3766 1871 3848 possidere,
1899 3768 2038 3829 aesfima·

201 3872 398 3951 νεμηθῆναι,
421 3868 462 3935 τό
485 3873 611 3955 τίμημα
633 3870 820 3957 λαμβάνω]5
1001 3873 1037 3935 fr.
1052 3875 1105 3936 40.
1132 3874 1246 3935 tionem
1268 3873 1391 3954 aoeipio.
1933 3875 1968 3937 ir.
1985 3877 2037 3936 40.

266 4000 341 4068 'Eois
364 4006 496 4086 ἀγνοῶν
511 4006 765 4087 ληγατενθηναί
779 4027 836 4088 μοι
853 4015 992 4091 πρᾶγμα
1007 4005 1106 4088 ληγα-
1200 4006 1234 4069 Si
1264 4006 1407 4086 ignorans
1433 4004 1567 4088 legatam
1593 4006 1669 4069 mihi
1694 4024 1758 4070 rem
1785 4028 1851 4070 esse
1882 4007 1939 4071 tibi
1970 4027 2037 4070 eam

201 4108 306 4173 τεὺσιο
331 4133 384 4174 σοι
409 4109 493 4176 αὑτό
516 4110 574 4177 καί
596 4110 695 4194 γνοὺς
713 4109 855 4198 ὕστερον
872 4112 1105 4196 καταδέξωμαι
1132 4112 1282 4191 legavero,
1305 4122 1336 4175 et
1358 4114 1456 4177 sciens
1474 4115 1615 4196 deinesps
1629 4114 1765 4195 legatum
1781 4134 1932 4196 aeoepero,
1955 4114 2039 4177 valet

201 4213 241 4280 τό
264 4217 420 4299 ληγοίτον,
444 4222 596 4305 έρρωται.
922 4221 958 4283 ir.
973 4223 1025 4284 44.
1042 4227 1059 4298 5
1079 4224 1105 4282 1.
1133 4218 1303 4303 [legatum].
1853 4220 1889 4284 ir.
1905 4225 1957 4284 44.
1974 4228 1991 4299 ξ
2010 4223 2038 4284 1.

266 4348 340 4416 ueto
367 4352 562 4440 ληγατενθῇ
589 4374 645 4434 μοι
669 4362 909 4437 γραμματεῖον,
938 4354 978 4417 οὑ
1005 4355 1106 4436 μόνος
1200 4353 1234 4415 si
1270 4352 1405 4435 legatum
1442 4354 1518 4416 mihi
1554 4353 1644 4418 fuerit
1680 4376 1804 4433 nomen,
1841 4376 1903 4419 non
1940 4355 2038 4418 solum

202 4458 380 4543 όγοίρτης,
404 4455 490 4522 ἀλλὰ
512 4457 570 4523 καλ
585 4456 625 4523 τό
641 4462 741 4544 χρέος
764 4458 973 4541 έληγατεὺθη
997 4498 1038 4507 -
1063 4498 1104 4508 -
1133 4459 1249 4540 charta,
1277 4461 1330 4523 sed
1360 4462 1452 4524 etiam
1484 4462 1632 4524 creditum
1663 4462 1797 4543 legatum
1824 4473 1870 4526 est
1910 4499 1953 4510 —
1994 4499 2037 4510 —

201 4576 269 4628 τῶν
284 4569 561 4650 πιπρασκομένων
578 4567 811 4650 γραμματείων
824 4566 881 4631 καὶ
898 4571 1104 4651 ἑκχωροῦμαι
1133 4568 1165 4629 in
1187 4568 1319 4631 venditis
1341 4568 1552 4632 instrumentis
1574 4579 1605 4632 et
1627 4571 1761 4633 actiones
1783 4570 1859 4632 mihi
1880 4570 2037 4633 ceduntur.

201 4668 263 4746 τὰς
285 4674 433 4753 ἀγωγαςε
450 4709 493 4720 -
922 4676 957 4736 ir.
973 4679 1025 4738 44.
1043 4681 1059 4753 5
1077 4679 1105 4737 5.
1854 4675 1890 4738 ir.
1906 4680 1958 4738 44.
1975 4684 1991 4754 ς
2009 4681 2038 4740 5.

266 4803 341 4870 Ἐὑν
372 4805 633 4887 όληγατενθείς
660 4807 778 4882 δοῦλος
805 4808 839 4890 ἐξ
866 4807 1016 4891 ἀμελείας
1045 4817 1108 4873 τοῦ
1200 4809 1234 4873 Si
1260 4809 1378 4891 legatus
1406 4831 1511 4875 servus
1541 4832 1580 4875 ex
1606 4809 1800 4892 neglegentia
1825 4810 1945 4874 heredis
1976 4830 2038 4873 non

200 4912 408 4997 κληρονόμον
423 4912 466 4995 μὴ
477 4915 650 5000 φαίνηται,
667 4913 782 4978 δίδωσι
798 4914 860 4992 τὴν
874 4913 972 4998 τιμην
987 4915 1106 4979 αὑτοῦ·
1134 4917 1226 4993 adsit,
1254 4918 1309 4981 dat
1331 4918 1395 4980 eius
1419 4919 1672 4992 aestimationem
1700 4918 1725 4979 si
1754 4938 1825 4980 vero
1852 4918 1917 4979 sine
1945 4915 2036 5001 [eius]

202 5024 228 5083 sl
256 5020 290 5083 δέ
313 5018 419 5104 χωρίς
446 5022 609 5103 ἀμελείας,
643 5021 864 5109 ἀσφαλίζεται
889 5024 933 5097 ὡς
956 5018 1020 5086 ἐὰν
1042 5026 1106 5086 έπι·
1134 5024 1335 5105 neglegentia,
1363 5036 1453 5089 earet
1474 5035 1511 5088 ut
1532 5045 1601 5088 eum
1623 5026 1737 5107 oeperit
1759 5044 1837 5098 eum,
1864 5025 1965 5105 ipsum
1987 5024 2038 5087 vel
2152 5057 2157 5067 ·

201 5126 346 5211 λάβηται
371 5128 483 5208 αὑτόν,
508 5127 645 5192 δίδωσιν
667 5126 772 5193 αὐτόν
794 5127 814 5205 ὑ
838 5126 877 5192 τό
893 5129 1027 5211 τίμημα.
1066 5127 1106 5193 τὸ
1135 5132 1376 5194 aestimationem
1402 5140 1544 5214 praestet
1588 5131 1669 5194 idem
1695 5133 1787 5194 etiam
1814 5132 1840 5193 si
1867 5141 1975 5213 eaptus
1998 5131 2038 5194 ab
2073 5117 2075 5121 λ

202 5231 1107 5319 αὐτὸκὺνείαίχμιίλωτοςόδοῦλοςέγένετο.[ίε.47.ξ2.]
1134 5238 1272 5301 hostibus
1295 5259 1399 5303 servus
1422 5239 1520 5302 fuerit.
1559 5239 1586 5301 si
1607 5239 1726 5321 legatus
1748 5239 1838 5301 fiterit
1855 5238 1966 5300 Petrus
1988 5237 2039 5300 vel

202 5345 229 5404 εί
252 5340 286 5405 δέ
309 5342 504 5429 ληγατενθῇ
528 5345 647 5429 πέτρος
670 5341 831 5419 ὑπαῦλος
847 5340 904 5406 καί
921 5344 940 5405 ὁ
957 5338 1001 5418 είς
1017 5346 1107 5430 φυγῇ
1135 5344 1251 5407 Paulus
1282 5355 1314 5408 et
1345 5345 1422 5409 ulter
1452 5346 1563 5427 fugerit
1593 5356 1649 5407 aut
1676 5354 1811 5407 mortuus
1845 5340 1899 5407 aut
1930 5354 2038 5426 eaptus

202 5446 405 5535 ηοίποθιίνη
423 5449 443 5527 ll
459 5450 730 5537 αίγμαλωτισθῇ,
748 5448 863 5513 δίδωσι
879 5447 940 5513 τόν
955 5451 1108 5532 παρόντα
1135 5453 1182 5526 sit
1206 5451 1261 5514 dat
1282 5452 1392 5534 [heres]
1414 5461 1602 5534 praesentem
1625 5462 1680 5514 aut
1702 5452 1941 5516 aestimationem
1965 5451 2039 5515 alte-

203 5555 222 5632 ll
245 5555 305 5633 τὴν
327 5555 425 5638 τιμὴν
446 5566 508 5620 τοῦ
529 5559 655 5643 ἑτέρον·
683 5563 709 5621 εί
738 5557 772 5620 δέ
795 5559 830 5620 οί
857 5555 917 5621 δύο
945 5566 1106 5642 φογῶσιν,
1134 5560 1209 5622 rius:
1233 5559 1316 5639 quod
1339 5560 1379 5622 sit
1401 5560 1491 5623 ambo
1515 5561 1656 5642 fugerint,
1679 5580 1727 5622 ea·

203 5662 303 5747 ἀσφα

275 5910 285 5943 ¹
303 5910 390 5966 habet
407 5910 473 5982 Syn
551 5910 563 5944 ¹
580 5911 667 5968 babet
684 5911 751 5984 Syn.
828 5911 839 5944 ⁸
857 5912 996 5968 similibus
1012 5912 1107 5968 verbis

203 5997 269 6070 Syn.
341 5999 458 6055 ‘habet
476 5998 543 6073 Syn.
615 6001 732 6057 ‘habet
749 6000 817 6072 syn.
