4842 7018
318 1484 364 1552 fol.
378 1488 428 1537 w.

676 1438 801 1506 μιεεε
819 1436 911 1506 nvn,
933 1436 1099 1493 urrunsa
1119 1437 1152 1507 r]
1377 1448 1380 1499 ι
1604 1435 1731 1505 [urana
1748 1434 1841 1502 nvn,
1856 1432 2029 1505 ‚Tmuuus
2048 1433 2081 1503 1.]

466 1590 714 1665 προστιμωνται
762 1580 981 1662 λειτούργημα
1026 1582 1139 1654 αὐτοῖς
1181 1582 1364 1661 ἐπικλεῖται,
1377 1536 1380 1621 l
1393 1581 1573 1655 multantur,
1602 1600 1695 1641 onera
1718 1580 1760 1639 eis
1787 1577 1975 1659 infliguntur,
2004 1577 2140 1639 militiam
2162 1592 2263 1649 mutant,

466 1687 646 1771 στρατείαν
683 1687 923 1768 άλλάσσουσιν,
963 1685 1106 1770 βαθμοῦ
1137 1687 1364 1772 ὲκβάλλονται,
1393 1688 1490 1767 gradu
1521 1687 1692 1769 pelluntur,
1728 1685 1925 1765 ignominiose
1956 1685 2161 1756 dimittuntur;
2189 1705 2264 1765 neque

465 1794 591 1873 ἀτίμως
607 1793 928 1876 άποστρατεύονται·
951 1792 1025 1856 οὐδὲ
1045 1797 1089 1867 είς
1103 1794 1274 1875 μέταλλον,
1290 1796 1366 1858 ούτε
1394 1817 1463 1858 vero
1487 1795 1517 1856 in
1541 1792 1710 1866 metallum,
1739 1812 1836 1872 neque
1859 1793 1990 1871 inopus
2013 1791 2126 1853 metalli
2152 1792 2265 1852 oonden·

381 1978 386 1986 .
466 1903 510 1973 είς
533 1902 631 1982 έργον
653 1899 816 1981 μετάλλου
830 1899 1110 1980 καταδικάζονται
1136 1901 1210 1964 ούτε
1225 1900 1365 1985 βασανί-
1394 1911 1512 1976 nentur,
1536 1921 1635 1981 neque
1658 1908 1843 1979 torquentur.
1941 1897 1976 1958 fr.
1993 1902 2021 1960 3.
2039 1904 2056 1973 5
2077 1900 2103 1959 1.
2120 1898 2155 1958 D.
2171 1901 2215 1970 49,
2230 1900 2265 1957 lt.

466 2007 594 2086 ζονταιε
611 2003 674 2053 -¹
1013 2008 1048 2068 fr.
1066 2013 1094 2069 3.
1112 2015 1128 2084 5
1148 2013 1174 2069 1.
1191 2009 1230 2070 D.
1247 2012 1298 2083 49,
1317 2012 1366 2071 16.

530 2111 564 2175 Ὀ
585 2112 846 2193 καταλιμπάνων
868 2111 927 2189 την
948 2113 1167 2191 κατασκοπὴν
1189 2124 1256 2177 τῶν
1275 2114 1366 2178 πολε·
1461 2116 1523 2193 Qui
1546 2113 1784 2195 explorationem
1802 2111 1945 2192 relinquit
1959 2111 2097 2173 hostibus
2113 2112 2266 2172 imminenti-

466 2220 549 2301 μίων
572 2221 769 2304 ἐφεστώτων
791 2217 847 2282 καί
871 2220 890 2282 δ
913 2228 973 2282 τοῦ
1000 2222 1182 2305 φοσσάτοα
1202 2223 1367 2284 ἐκπίπτων
1395 2224 1451 2284 bus
1474 2232 1505 2284 et
1526 2222 1576 2302 qui
1600 2221 1713 2282 fossato
1728 2219 1842 2281 reoodit
1856 2219 1955 2298 eapite
1970 2218 2105 2298 punitur.
2149 2217 2181 2277 fr.
2191 2219 2267 2292 352

466 2325 653 2412 κεφαλικως
676 2333 879 2409 τιμωρεῖταιε
895 2324 958 2373 —2
1205 2328 1241 2389 fr.
1258 2335 1286 2391 3.
1304 2336 1320 2405 5
1337 2333 1366 2390 4.

532 2431 565 2495 ‘0
588 2435 621 2495 ἐν
643 2436 749 2515 καιρῷ
766 2432 907 2514 πολέμου
922 2430 1009 2496 ὅπλα
1025 2433 1142 2496 πωλῶν
1158 2433 1177 2510 i>
1193 2433 1367 2497 άπολλύων
1461 2436 1524 2514 Qui
1540 2435 1610 2497 belli
1628 2445 1762 2514 tempore
1782 2452 1867 2494 arma
1882 2431 1987 2494 vendit
2005 2431 2053 2493 vel
2069 2432 2178 2493 amittit
2191 2432 2268 2511 eapite

467 2538 654 2624 κεφαλικως
677 2548 865 2621 τιμωρεῖται
887 2539 1174 2626 ηφιλανίλρώπως
1191 2539 1251 2618 τὴν
1267 2562 1367 2625 στρα-
1395 2545 1520 2626 punitur
1542 2543 1590 2606 vel
1613 2541 1786 2603 humaniter
1807 2539 1944 2601 militiam
1960 2547 2068 2600 mutat.
2113 2538 2148 2599 fr.
2163 2540 2217 2612 ες
2233 2540 2268 2597 13.

467 2646 559 2709 τειάν
582 2645 787 2708 ἑναλλάσσειε
805 2641 867 2692 -⁸
1180 2648 1216 2709 fr.
1233 2653 1261 2711 3.
1282 2656 1298 2725 5
1318 2652 1367 2710 13.

532 2750 564 2815 ‘0
590 2751 719 2837 κλέψας
745 2750 922 2832 άλλότριον
944 2755 1037 2836 άρμα
1060 2748 1120 2816 τὸν
1141 2751 1283 2837 βαθμὸν
1309 2765 1368 2831 τῆς
1461 2758 1524 2835 Qui
1547 2776 1632 2818 arma
1654 2755 1754 2817 aliena
1772 2754 1891 2815 fimatur
1904 2752 2032 2833 gradum
2048 2751 2172 2813 militiae
2186 2758 2269 2810 mutat

469 2860 648 2939 στρατείας
670 2857 876 2921 έναλλάσσειι
892 2857 950 2905 —⁴
1184 2862 1219 2924 tr.
1236 2868 1264 2923 3.
1282 2868 1298 2939 5
1318 2866 1367 2923 14.
2114 2857 2149 2919 fr.
2165 2861 2191 2919 3.
2205 2862 2219 2932 5
2235 2860 2270 2916 14.

533 2964 565 3027 Ὁ
596 2968 630 3028 έν
662 2966 790 3045 πολέμῳ
823 2975 924 3028 ποιων
956 2964 995 3029 τὸ
1028 2964 1122 3052 παρὰ
1154 2975 1215 3031 τοῦ
1251 2964 1368 3041 δονκδς
1463 2969 1525 3046 Qui
1549 2970 1578 3029 in
1603 2968 1682 3031 bello
1706 2967 1821 3048 aliquid
1843 2966 1925 3040 facit,
1947 2965 2027 3046 quod
2044 2986 2063 3026 a
2079 2965 2154 3027 duee
2167 2964 2203 3024 sit
2215 2963 2271 3024 veti·

469 3072 705 3155 άπαγορενδὲν
728 3070 748 3148 ίγ
770 3069 813 3152 μὴ
837 3082 939 3135 ποιῶν
957 3071 996 3136 τὸ
1013 3074 1244 3157 προσταχθὲν,
1267 3096 1369 3161 κεφα-
1398 3090 1461 3140 tum
1485 3076 1533 3139 vel
1557 3097 1618 3137 non
1641 3075 1722 3148 facit,
1745 3073 1826 3154 quod
1848 3074 1947 3135 iussus
1966 3081 2019 3147 est,
2043 3072 2143 3152 eapite
2164 3070 2271 3151 punitur,

469 3178 567 3251 λικῶς
605 3186 808 3262 τιμωρεῖται,
845 3183 870 3241 εί
912 3177 969 3242 καί
1006 3180 1116 3254 καλῶς
1154 3178 1193 3244 τδ
1231 3190 1370 3266 πρᾶγμα
1398 3183 1537 3265 quamvis
1560 3182 1635 3245 bene
1656 3202 1719 3243 rem
1741 3181 1875 3260 gesserit
2112 3178 2149 3239 fr.
2165 3181 2191 3239 3.
2206 3181 2220 3252 5
2236 3177 2271 3233 15·

469 3285 620 3368 ἕπραξενε
638 3283 696 3331 -l
1184 3288 1220 3350 fr.
1238 3293 1267 3352 3.
1284 3296 1300 3366 5
1320 3290 1369 3349 15.

534 3391 567 3455 Ὁ
590 3386 629 3454 τὸ
649 3392 842 3474 χαράκωμα
863 3390 1027 3476 παρεξιὼν
1050 3392 1070 3470 ἢ
1094 3391 1150 3457 διά
1166 3402 1228 3458 τοῦ
1242 3397 1370 3472 τείχους
1464 3395 1527 3474 Qui
1549 3395 1664 3457 vallum
1688 3393 1906 3456 transoenderit
1927 3392 1976 3457 vel
2000 3413 2055 3473 per
2074 3412 2174 3453 muros
2195 3397 2273 3450 oasin

470 3502 515 3573 είς
536 3499 687 3583 κάστρον
710 3495 820 3561 είσιὼν
841 3500 1028 3586 κεφαλικῶς
1056 3510 1260 3586 τιμωρεῖται·
1293 3504 1312 3564 ὁ
1336 3501 1370 3564 δὲ
1399 3503 1489 3564 inerit
1510 3503 1662 3582 ingressus
1685 3502 1784 3582 eapite
1804 3501 1939 3581 punitur:
1963 3500 2014 3581 qui
2035 3501 2147 3562 fossam
2168 3494 2273 3559 mansili-

471 3603 531 3683 την
553 3606 690 3691 τάφρον
713 3605 906 3690 ύπερπηδων
928 3604 1227 3690 άποστρατεύεταα
1245 3606 1308 3655 -⁰
1399 3611 1463 3683 erit,
1486 3608 1594 3670 militia
1616 3608 1744 3670 reicitur.
2046 3606 2082 3667 fr.
2100 3609 2130 3668 3.
2146 3611 2162 3681 5
2180 3602 2274 3665 11111

1120 3715 1370 3792 fr.·3.517.18.

534 3817 567 3882 Ὁ
589 3817 632 3899 μὴ
657 3818 884 3901 ύπερασπίζων
906 3828 968 3883 τοῦ
993 3831 1204 3903 προεστῶτος
1226 3820 1246 3898 ἢ
1269 3843 1370 3885 κατα·
1465 3823 1527 3900 Qui
1555 3842 1616 3883 non
1644 3820 1778 3881 defendit
1804 3821 2008 3902 praepositum
2036 3840 2126 3881 suum
2154 3816 2198 3879 rel
2221 3834 2274 3875 eun

472 3922 575 3988 λιπὼν
597 3922 701 3989 αὑτὸν
721 3922 913 4013 μεφαλικῶς
935 3936 1139 4010 τιμωρεῖται,
1168 3926 1226 3992 έύν
1253 3930 1371 4009 ύπρο-
1399 3930 1579 4009 derelinquit
1609 3928 1708 4008 eapite
1739 3928 1875 4008 punitur,
1907 3929 1933 3989 ai
1963 3928 2154 4007 praepositus
2183 3922 2275 3984 occisus

472 4029 575 4105 εστὼς
598 4031 780 4117 ἑφονεύθηι
797 4069 838 4081 -
1188 4035 1223 4097 fr.
1241 4040 1269 4098 3.
1286 4041 1302 4112 5
1321 4039 1370 4096 22.
1399 4036 1496 4098 fuerit
2116 4032 2152 4093 fr·
2168 4031 2194 4093 3·
2210 4034 2224 4104 ἓ
2238 4029 2276 4087 22·

535 4137 569 4201 Ὁ
592 4142 639 4219 τῷ
667 4136 738 4222 περὶ
766 4141 913 4221 μοιχείας
940 4141 1115 4224 ἐγκλήματι
1145 4140 1164 4218 ἢ
1192 4143 1291 4225 ίτέριρ
1319 4140 1372 4217 δη·
1467 4143 1528 4220 1λοί
1556 4141 1695 4203 adulterii
1721 4141 1845 4203 erimine
1876 4140 1925 4202 vel
1951 4140 2012 4201 alio
2039 4138 2163 4219 publico
2188 4134 2276 4197 iudicio

473 4246 579 4327 μοσίιμ
610 4245 878 4321 καταδικασθείς
910 4248 950 4311 ού
985 4248 1123 4312 δύναται
1164 4250 1373 4332 στρατιώτης
1401 4251 1562 4311 damnatus
1585 4249 1675 4310 fuerit
1698 4268 1758 4309 non
1780 4256 1967 4329 potestesse
1990 4246 2086 4308 miles.
2139 4246 2174 4307 fr.
2189 4248 2215 4305 4.
2229 4247 2242 4317 5
2257 4242 2277 4299 l·

474 4347 568 4415 olum:
584 4349 643 4398 -7
1213 4355 1248 4417 fr.
1264 4359 1293 4417 4.
1311 4361 1327 4432 5
1346 4359 1373 4417 7.

538 4456 612 4522 Ἐάν
634 4461 653 4522 ὁ
677 4443 742 4543 π-ηρ
767 4464 800 4522 έν
821 4465 928 4545 καιρῷ
952 4460 1093 4542 πολέμου
1112 4462 1299 4549 ἀπογράψῃ
1315 4459 1375 4526 τδν
1468 4463 1502 4526 Si
1523 4472 1610 4544 pater
1632 4462 1702 4524 belli
1718 4471 1852 4543 tempore
1869 4461 1965 4523 filium
1981 4458 2174 4538 subtraxerit,
2195 4457 2279 4537 depor-

474 4565 554 4647 νίὸν,
583 4566 761 4649 ἐξορίζεται
788 4566 845 4630 καί
873 4571 917 4641 είς
943 4571 1040 4652 μέρος
1068 4567 1253 4649 δημεύεται·
1285 4572 1312 4632 εί
1341 4568 1375 4632 δὲ
1404 4580 1485 4632 tatur
1507 4581 1538 4632 et
1559 4590 1614 4651 pro
1637 4581 1722 4651 parte
1744 4569 1893 4631 bonorum
1916 4568 2138 4649 ademptionem
2160 4565 2279 4629 suamet

474 4678 508 4737 ἐν
535 4673 658 4758 ελρὴνη,
686 4682 907 4754 μαστιγοῦται
935 4673 991 4737 καί
1020 4676 1039 4737 δ
1067 4672 1136 4749 υίὸς
1168 4679 1212 4749 είς
1239 4677 1376 4759 χείρονα
1404 4678 1429 4739 si
1456 4679 1487 4738 in
1514 4698 1603 4758 paee,
1631 4677 1795 4757 castigatur
1817 4685 1848 4737 et
1869 4675 1949 4736 filius
1972 4676 2004 4735 in
2025 4675 2202 4737 deteriorem
2222 4668 2280 4729 mili·

475 4781 656 4866 στρατείαν
681 4783 915 4867 μεταφέρεταί·
943 4782 962 4844 δ
989 4778 1055 4865 γάρ
1083 4779 1202 4846 ἑαυτὸν
1225 4785 1378 4847 ἀπαιτῶν
1404 4785 1477 4845 tiam
1504 4784 1690 4846 transfertur.
1737 4804 1808 4844 nam
1836 4784 1888 4864 qui
1912 4783 2106 4863 semetipsum
2130 4775 2281 4844 sollieitarit

475 4888 508 4970 ἐξ
532 4890 644 4969 ἑτέρου
667 4887 706 4950 οὐ
729 4888 1000 4968 σογγινώσκεταιε
1017 4925 1059 4936 -
1192 4890 1227 4951 fr.
1243 4892 1273 4952 4.
1291 4897 1307 4968 5
1328 4866 1376 4951 11'.
1404 4891 1443 4952 ab
1467 4892 1526 4953 alio
1548 4912 1609 4952 non
1632 4901 1764 4952 meretur
1784 4890 1911 4952 veniam.
2122 4888 2156 4950 fr.
2172 4889 2199 4946 4.
2214 4890 2228 4960 5
2245 4884 2280 4940 ll·

540 4993 572 5058 ‘0
596 4990 655 5056 τὸν
678 4990 750 5057 νίδν
772 4995 960 5078 άχρειώσας
975 5000 1009 5059 έν
1023 5000 1131 5081 καιρῷ
1147 4996 1298 5077 πολέμου,
1322 4995 1377 5060 ίνα
1472 4998 1532 5075 1λαί
1556 4997 1651 5058 filium
1674 4996 1845 5059 debilitavit
1866 5006 2000 5077 tempore
2023 4994 2109 5069 belli,
2137 5005 2171 5055 ut
2191 4987 2281 5052 inveni·

476 5101 599 5186 εὑρεθῇ
619 5100 849 5181 ἀνεπιτήδειος,
869 5104 1097 5186 περιορίζεταιι
1115 5139 1157 5152 -
1181 5103 1229 5164 tr.
1245 5107 1275 5167 4.
1292 5111 1308 5181 5
1328 5108 1376 5166 12.
1405 5114 1486 5167 retur
1508 5104 1659 5179 inhabilis,
1683 5104 1841 5184 relegatur.
2122 5101 2158 5162 fr.
2173 5103 2200 5160 4.
2215 5103 2229 5174 5
2245 5095 2281 5153 12·

539 5206 572 5271 ‘0
595 5208 806 5289 αἰχμάλωτος
828 5206 888 5272 ἐὰν
910 5209 1088 5291 δυνάμενος
1109 5208 1152 5291 μὴ
1169 5210 1375 5296 ὑποστρέψῃ,
1467 5211 1625 5293 Captivos,
1648 5212 1708 5292 qui,
1724 5232 1793 5273 enm
1812 5220 1921 5292 posset,
1944 5230 2005 5271 non
2019 5218 2067 5271 est
2080 5226 2214 5271 reversus
2232 5212 2282 5262 mu·

476 5317 521 5388 ὡς
544 5315 728 5395 αὐτόμολος
751 5320 854 5378 ἐστιν·
877 5316 933 5380 καὶ
957 5319 976 5380 ὁ
999 5322 1032 5379 έν
1048 5321 1088 5404 τῇ
1106 5317 1293 5403 βαρβάρων
1315 5315 1376 5404 γῇ8
1405 5340 1495 5399 quam
1514 5319 1673 5399 transfuga
1688 5318 1829 5392 habetur;
1851 5327 1882 5379 et
1899 5317 1998 5398 quiin
2014 5316 2208 5377 barbarorum
2222 5319 2283 5370 tem

477 5421 724 5507 παραληφθείς,
749 5427 775 5485 εἰ
797 5421 840 5503 μη
864 5422 953 5487 κατά
975 5424 1078 5502 τύχην
1101 5423 1224 5488 ὁδεύων
1239 5423 1258 5501 λγ
1274 5427 1377 5507 γράμ·
1404 5435 1511 5506 oaptus
1528 5435 1581 5497 est,
1598 5425 1655 5486 nisi
1671 5425 1794 5487 fortuito
1809 5424 1993 5486 iterfaciens
2008 5418 2283 5485 autumer-mrem

477 5550 569 5608 ματα
592 5532 756 5613 ἐπιφέρων
778 5530 992 5615 κατελήφθηε
1013 5568 1053 5577 -
1214 5532 1250 5595 fr.
1267 5535 1295 5593 5.
1314 5539 1329 5609 5
1348 5536 1375 5594 5.
1405 5534 1444 5593 sit
1467 5542 1583 5613 eaptus.
2146 5527 2180 5588 fr·
2196 5520 2283 5598 555·

551 5723 663 5779 ¹habet
681 5725 747 5796 Syn.
828 5724 942 5780 ‘habet
960 5725 1025 5796 Syn.
1107 5725 1222 5781 'habet
1239 5725 1305 5797 Syn.
1390 5782 1392 5797 ,

477 5813 489 5845 ⁴
507 5812 593 5868 habet
611 5813 690 5884 Syn:
709 5815 737 5868 in
756 5814 816 5869 eod.
831 5817 878 5868 τοῦ
896 5814 982 5886 β-οῦ
1000 5816 1046 5882 rip
1059 5818 1208 5889 στρατείαν.
1263 5815 1274 5847 ⁶
1292 5814 1378 5869 habet

479 5901 544 5972 Syn.
626 5903 741 5958 “habet
763 5902 829 5975 Syn.
909 5904 1022 5959 'habet
1040 5904 1106 5978 Syn.
1191 5904 1262 5967 ⁸cf.
1282 5904 1377 5960 Cuiae.

479 5991 544 6047 Oba.
562 5992 612 6060 VI,
630 5998 674 6047 26.

1390 5958 1392 5967 ι

1391 6010 1393 6017 ι
