4680 7114
461 483 525 548 190
878 478 1219 547 BASILICORUM
1241 475 1550 546 FRAGMENTA
1571 474 1869 547 DEPERDITA,

525 660 541 693 *
558 661 744 746 [Symbethii
766 659 874 745 eohoL]
920 659 989 725 Καὶ
1013 659 1249 747 όΣυμβάτιος
1272 657 1360 726 ούτω
1453 660 1496 723 Et
1505 660 1701 743 Symbethim
1715 661 1760 724 oio
1768 661 1807 724 de
1815 661 1873 725 hro
1886 660 2232 743 noveileloquitmzi'orm

460 768 532 854 περί
548 779 607 847 τῆς
621 778 742 853 νεαρᾶς
757 765 880 845 ταύτης
896 766 995 854 φησί·
1038 766 1090 833 Τά
1105 771 1260 834 ὁπωσοῦν
1275 788 1361 852 περι·
1388 789 1468 851 queo
1498 768 1766 850 quomodocunque
1796 769 1975 850 perveniunt
2009 768 2050 830 ud
2078 768 2233 835 filionnun

458 877 649 954 ποιηθέντα
671 883 742 950 τοῖς
764 875 970 958 ύπεξυυσίοις
992 879 1054 940 είτε
1070 881 1105 940 ἐκ
1119 875 1276 961 μητρηίας
1292 875 1361 940 δια·
1388 878 1452 940 eive
1474 896 1513 940 ex
1535 877 1678 939 maternis
1700 876 1814 939 tubulis
1837 877 1901 940 eive
1928 875 1990 938 elio
2011 876 2098 938 modo
2116 879 2233 942 munim

458 984 571 1062 θήκης
594 986 656 1047 είτε
678 981 765 1047 καθ’
790 986 904 1065 ἕτερον
927 983 1053 1067 τρόπον
1075 982 1136 1062 τήν
1154 994 1278 1069 χρήσιν
1297 986 1362 1062 ἐγί·
1388 992 1454 1046 tum
1481 983 1614 1047 habeant
1635 984 1770 1065 ipsorum
1791 992 1894 1065 putrer
1915 983 2057 1064 quemvis
2079 983 2114 1045 εό
2133 986 2234 1049 εεειιεόιε

460 1111 575 1154 τασαν
595 1088 654 1154 καί
678 1089 993 1175 δευτερογαμοῦντες
1015 1092 1048 1154 ol
1069 1090 1199 1155 τούτων
1214 1093 1361 1175 πατίρες,
1388 1091 1564 1154 truneierim
1584 1091 1716 1173 nuptiae,
1739 1092 1873 1172 exeeptis
1896 1090 2023 1172 peruliie
2042 1091 2236 1155 oertrountue

460 1195 709 1284 ύπεξηρημίνων
730 1198 957 1282 κανστρεσίων
974 1196 1031 1262 καὶ
1056 1195 1177 1262 ὡσανεί
1203 1217 1363 1281 κανστρε·
1390 1199 1478 1280 qumi
1499 1197 1711 1262 oretrenoibun

462 1304 544 1368 σίων
567 1304 755 1368 πεκουλίων.
1205 1303 1259 1389 (ib.
1277 1301 1363 1389 158.)

526 1409 542 1442 *
557 1411 752 1494 Purugrephe
781 1409 864 1493 [Καὶ
891 1412 912 1489 ή
940 1411 1069 1495 ἔξωθεν
1091 1420 1153 1476 τοῦ
1177 1410 1364 1499 κεφαλαίου
1457 1412 1500 1476 Et
1530 1412 1650 1476 udieotu
1679 1412 1751 1475 hm'o
1780 1411 1917 1495 oepitnlo
1946 1411 2143 1494 purugrnphe:
2172 1411 2238 1474 Iibui

461 1517 583 1582 τούτου
606 1519 842 1604 παραγραφήή·
890 1516 931 1583 Οί
957 1515 1025 1583 άπὸ
1052 1520 1187 1601 πρώτον
1212 1517 1269 1582 καί
1297 1517 1365 1582 δευ-
1391 1521 1456 1583 neti
1482 1539 1521 1583 ex
1546 1521 1651 1602 primis
1673 1528 1705 1582 et
1731 1519 1869 1581 eeoundie
1895 1520 2010 1601 nuptiis
2037 1520 2174 1582 oommnni
2190 1522 2238 1599 gui

460 1628 560 1710 τίρου
586 1626 696 1708 γάμου
722 1626 900 1703 τεχθέντες
927 1624 1040 1700 παῖδες
1071 1623 1132 1690 τόν
1162 1626 1220 1707 μὲν
1251 1621 1366 1689 κοινόν
1392 1628 1450 1689 tori
1477 1629 1529 1710 qui
1550 1627 1712 1690 intentatur
1734 1625 1865 1689 deoedet
1887 1626 2066 1700 euooedunt,
2087 1626 2181 1707 rugoli
2196 1647 2238 1689 ren

460 1735 561 1814 γονία
578 1731 768 1797 άδιάθετον
782 1733 986 1796 τελευτῶντα
999 1732 1271 1815 κληρονομοῦσα,
1294 1736 1365 1796 ἔνια·
1392 1735 1477 1797 Ιεετε
1508 1754 1586 1815 quoe
1616 1734 1696 1797 dotis
1723 1748 1817 1796 ειιαεε
1844 1753 1898 1796 ouo
1929 1732 2058 1816 genitori
2092 1746 2240 1814 pomum

461 1861 543 1914 στος
575 1839 608 1903 δὲ
640 1841 752 1904 αὐτῶν
783 1836 827 1904 τά
854 1844 890 1904 ἐκ
916 1848 978 1904 τοῦ
1003 1840 1113 1904 νάσου
1139 1849 1198 1916 τῆς
1227 1835 1366 1923 προικός
1391 1842 1585 1924 prueoipient,
1607 1841 1746 1923 quumvis
1768 1839 1855 1904 libe-i
1876 1861 1916 1904 ex
1937 1840 2077 1903 eeoundin
2090 1841 2186 1921 nuptiis
2201 1860 2240 1920 pro

462 1948 695 2031 περιγενόμενα
716 1946 816 2030 κέρδη
839 1950 887 2029 τῷ
910 1946 982 2028 ίδίιμ
998 1955 1090 2028 γονει·
1101 1945 1179 2011 κατ’
1197 1946 1366 2031 ἐξαίρετον
1392 1949 1485 2011 urenti
1506 1968 1568 2011 non
1590 1949 1653 2011 rint
1673 1947 1832 2011 tertiorum
1854 1948 2030 2029 nuptiarum
2049 1948 2240 2027 iniunrmpu‘

462 2052 606 2138 λήψεται
630 2052 695 2118 κάν
716 2051 759 2136 μὴ
783 2055 910 2137 τρίτοις
934 2055 1054 2135 γάμοις
1077 2056 1109 2117 oi
1131 2051 1275 2137 δεύτεροι
1299 2056 1366 2116 ἐνυ-
1393 2056 1611 2137 Quneoumque
1642 2063 1744 2118 eutem
1780 2065 1852 2138 port
1885 2055 1988 2118 dotem
2020 2054 2191 2119 obvenerunt
2213 2054 2242 2113 nl

462 2158 664 2245 βρίσθηοαν
701 2160 822 2236 παῖδες.
866 2154 950 2226 Ὅσα
987 2160 1021 2224 δὲ
1059 2164 1156 2245 ἔτερα
1192 2156 1275 2243 μετὰ
1307 2158 1367 2237 τήν
1392 2171 1516 2245 proptor
1536 2163 1659 2245 nuptiae
1681 2162 1874 2226 donationem
1900 2178 1958 2245 per
1983 2161 2117 2243 legem
2136 2160 2178 2224 rol
2193 2162 2242 2222 imi

463 2276 589 2351 προϊκα
602 2267 829 2352 περιήλθεσαν
838 2270 1021 2352 πράγματα
1035 2266 1126 2346 ήτήν
1140 2268 1368 2351 προγαμιαίαν
1393 2270 1546 2333 tutionem.
1564 2268 1614 2334 vel
1633 2267 1897 2332 fideioommieeum
1915 2289 1955 2331 ex
1970 2268 2112 2331 eeoundie
2125 2267 2243 2350 nupturi

465 2370 592 2457 δωρεάν
614 2370 704 2438 κατδι
721 2373 897 2459 πρεσβεῖον
918 2374 938 2453 i)
957 2378 1114 2439 ἔνστασιν
1136 2374 1318 2457 ήληγάτον
1333 2379 1368 2438 ἐκ
1394 2396 1461 2440 enm
1483 2396 1653 2458 personum,
1676 2396 1755 2459 quoe
1777 2376 1816 2439 ud
1839 2376 1987 2440 mundae
2004 2376 2146 2455 migravit
2157 2376 2243 2454 nuptie

464 2492 522 2558 της
549 2480 703 2565 δευτίρας
729 2483 914 2568 συναφείας
940 2485 985 2556 είς
1011 2481 1051 2546 τό
1079 2481 1369 2567 δευτερογαμήοαν
1394 2483 1470 2546 heeo
1490 2484 1689 2546 oommuniter
1710 2484 1860 2565 eooipient
1884 2483 1971 2547 liberi
1999 2503 2019 2545 e
2042 2481 2181 2546 eommuni
2196 2480 2245 2560 gui

465 2589 659 2672 πρόσωπον,
691 2597 801 2654 ταῦτα
831 2598 949 2663 κοινῶς
985 2588 1204 2672 άναδίξονται
1237 2591 1270 2652 ol
1301 2586 1368 2653 άπὸ
1394 2600 1468 2665 tore,
1490 2590 1543 2671 qui
1566 2590 1606 2652 ed
1628 2591 1732 2653 terties
1754 2611 1817 2654 non
1837 2590 2017 2674 proooeoerit
2041 2589 2164 2672 nuptire
2179 2587 2244 2668 pum

466 2697 631 2779 προτέρου
652 2693 709 2759 καί
734 2695 888 2780 δευτέρου
909 2696 1019 2778 γάμου
1042 2694 1155 2770 παῖδες
1177 2704 1239 2760 τοῦ
1255 2702 1370 2759 κοινοῦ
1396 2699 1574 2761 eeoundieve
1595 2698 1688 2778 geniti
1710 2697 1834 2783 nuptiin
1871 2697 1928 2761 Ait
1947 2697 2045 2760 etium
2063 2693 2245 2758 notioni

465 2805 589 2884 γονέως
611 2803 713 2887 τρίτῳ
736 2800 780 2885 μὴ
803 2802 1024 2884 ὁμιλήσαντος
1046 2801 1150 2885 γάμῳ.
1200 2801 1288 2880 Φησὶ
1311 2801 1368 2866 καί
1395 2812 1483 2886 porte
1508 2804 1596 2867 bueo:
1627 2804 1727 2869 Biouti
1753 2806 1811 2869 viri
1840 2805 2029 2887 praemortui
2060 2823 2136 2866 uxor
2161 2798 2246 2865 terni

466 2911 484 2972 ό
512 2907 691 2984 Θαλελαῖος
713 2912 748 2972 ἐν
770 2912 857 2995 μίρει
880 2918 1002 2973 ταῦτα·
1035 2906 1154 2995 Ὥςπερ
1170 2917 1232 2974 τοῦ
1247 2905 1370 2994 όινδρδς
1396 2911 1461 2974 viro
1488 2912 1651 2974 oouiimotu
1677 2910 1780 2975 liberie
1807 2933 1846 2975 ex
1872 2910 1925 2973 illo
1952 2911 2035 2973 nutis
2064 2909 2160 2972 omnir
2179 2914 2246 2977 mi

465 3014 869 3100 προτελευτωντοςήγυνή
879 3014 1019 3102 δευτέρῳ
1035 3015 1133 3101 άνδρί
1150 3016 1370 3105 ουναφθεῑσα
1396 3039 1474 3099 quae
1496 3038 1536 3081 ex
1557 3019 1623 3081 eine
1638 3018 1811 3082 rubrtuntie
1832 3018 2023 3100 proveniunt,
2047 3019 2093 3080 ite
2112 3014 2198 3088 otri,
2212 3014 2247 3075 ein

466 3122 626 3209 φυλάττει
655 3132 726 3198 τοῖς
751 3123 786 3207 ἐξ
813 3124 938 3188 ἐκείνου
965 3122 1080 3188 παισίν
1108 3121 1176 3188 όσα
1199 3128 1243 3199 είς
1266 3122 1370 3202 αὐτὴν
1397 3125 1496 3208 priore
1516 3145 1611 3188 uxore
1632 3125 1784 3201 deitmotn,
1807 3125 1909 3188 liberie
1930 3144 1969 3187 ex
1984 3144 2023 3187 εε
2039 3120 2248 3205 emoeptirom'e

467 3234 503 3294 tx
530 3241 589 3307 τῆς
616 3230 740 3294 ἐκείνου
767 3231 958 3316 περιουσίας
981 3230 1174 3315 περιῆλθον,
1202 3227 1290 3295 ούτω
1312 3229 1370 3295 καί
1399 3252 1519 3297 uerrere
1539 3232 1633 3296 debet
1654 3252 1733 3314 quoe
1755 3232 1794 3295 ed
1816 3251 1849 3295 εε
1864 3232 1981 3294 exeine
1996 3231 2091 3294 rebus
2105 3229 2248 3292 obruent

466 3340 486 3400 ό
502 3335 586 3420 ἀνήρ
595 3335 916 3421 προαποθανούσης,
926 3347 984 3414 τῆς
998 3339 1131 3423 πρώτης
1141 3338 1246 3403 αὐτοῦ
1259 3359 1370 3420 γυναι·

466 3440 525 3518 κδς
548 3443 729 3531 φυλάττειν
751 3443 874 3532 ὀφείλει
891 3453 964 3519 τοῖς
980 3444 1016 3529 ἐξ
1030 3445 1133 3523 αὐτῆς
1149 3443 1244 3510 παισί
1259 3446 1372 3510 πάντα

467 3548 511 3614 τά
533 3555 578 3624 είς
600 3548 704 3615 αὐτόν
726 3551 977 3635 περιελθόντων
999 3556 1035 3615 ὲκ
1058 3562 1125 3616 τῶν
1147 3552 1250 3630 αύτής
1267 3572 1371 3638 πραγ-

466 3658 591 3740 μάτων.
1040 3657 1145 3746 (Dem.
1162 3659 1268 3723 (ihom
1286 3658 1373 3746 182.)

534 3762 725 3842 *XXVHL
744 3770 772 3839 7,
792 3769 822 3828 4.
852 3769 938 3843 (note
952 3766 1115 3830 Tbeodom':
1138 3766 1224 3846 ζήτει
1241 3765 1297 3830 καί
1313 3763 1381 3831 τδνΙ
1466 3765 1603 3854 (Quaere
1633 3775 1665 3829 et
1695 3765 1894 3842 Theodorum,
1926 3765 1978 3846 qui
2008 3765 2188 3827 extrineeom
2210 3758 2250 3823 niti·

472 3869 647 3956 Θεόδωρον
673 3870 802 3956 ίξωθεν
828 3871 996 3958 λόγοντα)·
1027 3872 1146 3947 Λύσεις
1178 3882 1240 3937 τοῦ
1266 3875 1373 3956 γάμον
1399 3874 1585 3956 Nuptiarum
1607 3872 1773 3936 solutiones
1794 3874 1918 3955 impune
1933 3868 2023 3946 fiunt,
2047 3866 2252 3949 oumnonpoui

469 3979 678 4063 άτιμοίρητοί
707 3981 801 4043 είσιν·
834 3975 874 4043 τό
900 3976 944 4061 μή
971 3976 1145 4045 δύνασθαι
1178 3979 1238 4046 τόν
1265 3979 1373 4065 ἄνδρα
1400 3981 1448 4045 vir
1473 3982 1553 4044 ooire
1578 4000 1648 4043 oum
1674 3999 1776 4054 uxore,
1802 3979 1852 4042 vel
1878 3980 1905 4042 ei
1932 3978 1972 4041 eb
1999 3977 2139 4041 hoetibnr
2161 3976 2253 4057 ow

469 4096 603 4168 μιγήναι
626 4088 667 4172 τῇ
685 4082 825 4166 γυναικί,
847 4082 888 4149 τδ
908 4086 1234 4169 αίχμαλωτισθήναι,
1258 4084 1298 4151 τό
1316 4108 1373 4169 μο·
1400 4086 1603 4151 monuohueve
1628 4086 1695 4163 fiat,
1721 4088 1753 4147 in
1779 4086 1889 4168 qnibue
1914 4085 2038 4148 oembne
2066 4105 2142 4166 quoe
2166 4082 2253 4144 diuino

469 4202 583 4275 νᾶσαι,
606 4191 660 4278 ἐφ’
685 4187 732 4255 ὧν
755 4191 917 4274 θεμάτων
939 4190 983 4257 τὰ
1005 4197 1157 4277 είρημίνα
1171 4193 1232 4272 ήδη
1247 4203 1372 4279 κρατεῖ.
1401 4195 1545 4277 optineat

537 4297 552 4330 *
567 4298 675 4385 (Aliud
692 4298 840 4363 scholion:
863 4297 953 4363 Ἔστι
977 4299 1012 4366 δὲ
1032 4299 1091 4365 καί
1106 4305 1218 4388 ίτερος
1233 4298 1374 4376 παλαιὸς

471 4404 595 4491 λόγων.)
629 4404 663 4471 Ὀ
687 4402 743 4469 διδι
765 4402 826 4470 τὸν
847 4407 973 4491 μονήρη
995 4406 1072 4493 βίον
1089 4407 1176 4472 λύων
1191 4405 1252 4472 τόν
1265 4409 1374 4492 γάμον

471 4512 642 4577 ὑπόκειται
665 4520 736 4587 τοῖς
759 4509 826 4576 άπδ
849 4513 998 4592 τελευτῆς
1020 4515 1147 4590 κάσοις.

1069 4621 1171 4710 (Dem.
1187 4622 1292 4685 Chom.
1309 4619 1374 4706 88.)

538 4724 734 4801 *XXVHL
756 4726 857 4802 14,1.
889 4727 930 4791 El
950 4728 1107 4793 πλειόνων
1122 4730 1231 4793 όντων
1246 4728 1375 4793 παίδων
1469 4728 1503 4791 Si
1525 4727 1662 4811 pluribus
1685 4727 1787 4791 liberie
1810 4727 1985 4791 extantibus
2003 4747 2086 4790 unue
2102 4716 2256 4793 morituri

472 4833 690 4911 τελευτήσειεν
712 4828 766 4914 είς,
789 4837 816 4897 εί
839 4833 897 4915 μὲν
919 4836 982 4912 opo
1007 4835 1137 4917 παῖδας,
1161 4835 1210 4900 ἐπ’
1235 4836 1375 4910 ἐκείνους
1402 4836 1524 4918 quidem
1537 4836 1616 4898 filios
1628 4835 1732 4911 hebet
1754 4835 1794 4897 ud
1808 4834 1863 4898 hoe
1879 4834 2033 4898 heredites
2048 4835 2182 4897 defertur.
2208 4824 2256 4909 qni

473 4941 645 5027 φέρεσθαι
672 4937 733 5004 τόν
763 4940 886 5024 κλήρων
913 4949 1043 5006 τούτων.
1093 4947 1119 5006 εί
1152 4942 1187 5007 δὲ
1219 4944 1280 5007 οὐκ
1311 4945 1374 5021 ίγει
1403 4942 1430 5005 εί
1456 4942 1534 5005 filios
1561 4963 1623 5005 non
1649 4942 1775 5017 hubent,
1802 4962 1864 5004 non
1891 4941 2013 5004 omnino
2043 4943 2084 5004 εδ
2112 4941 2207 5003 frore
2221 4932 2256 4995 mi

472 5046 599 5130 παῖδες,
631 5045 673 5129 μὴ
706 5048 839 5122 πάντως
869 5052 914 5123 είς
946 5046 1023 5124 τούς
1050 5047 1216 5137 ἀδελφούς
1242 5048 1282 5115 τό
1310 5060 1377 5115 πᾶν
1403 5069 1493 5112 verne
1514 5050 1579 5112 eiue
1601 5049 1684 5112 bone
1705 5048 1890 5125 deferuntur,
1912 5048 1968 5112 oed
1982 5058 2134 5130 quantum
2154 5067 2187 5109 ex
2202 5048 2256 5124 put*

473 5156 651 5240 ἔργεσθαι,
673 5154 752 5218 ’ἀλλ’
781 5152 864 5218 ὅσον
889 5152 929 5219 τδ
957 5160 993 5220 ἐκ
1019 5164 1082 5220 τού
1107 5158 1290 5244 συμφώνου
1316 5165 1378 5220 τοῦ
1404 5158 1435 5219 εἰ
1458 5158 1537 5219 eine
1559 5156 1687 5219 liberie
1710 5155 1911 5219 deoeeeerit
1933 5165 2090 5219 servatum
2111 5164 2157 5218 eet
2175 5146 2257 5225 murgi

473 5261 690 5346 ίξάπαιδίας
712 5264 838 5344 ἐγίνετο
861 5265 909 5344 τῷ
931 5263 1137 5345 γεγεννηκότι
1156 5271 1257 5327 τοῦτο
1273 5261 1377 5327 αὐτὸν
1404 5263 1434 5325 id
1466 5264 1493 5326 ie
1524 5263 1635 5326 luoruri
1661 5264 1759 5327 debet
1806 5263 1949 5326 Ceterum
1981 5263 2156 5327 oonoeditm
2177 5250 2257 5320 roffi

474 5367 665 5453 κερδαίνειν.
715 5366 761 5433 Τό
788 5366 905 5434 λοιπόν
932 5369 966 5433 δὲ
997 5379 1181 5457 συγχωρεῖν
1212 5371 1376 5455 ίρχεσθαι
1405 5390 1589 5434 euooeeeoree
1615 5372 1781 5453 pervenire,
1809 5371 1873 5433 eive
1898 5369 2009 5433 frumen
2037 5371 2114 5443 nint,
2139 5368 2195 5430 rire
2214 5360 2258 5421 1⁰¹⁹

476 5472 526 5538 ἐπὶ
558 5472 637 5549 τοὺς
668 5483 730 5539 τοῦ
762 5473 880 5550 παιδός
912 5476 1104 5560 διαδόχους,
1143 5481 1206 5541 εἴτε
1236 5476 1377 5566 άδελφοί
1405 5479 1547 5541 extranei

476 5582 729 5659 καθεστήκοιεν,
752 5586 815 5646 εἴτε
837 5583 986 5667 ίξωτικοί
1009 5585 1122 5663 τυχόν.

1050 5692 1153 5771 (Dem.
1168 5692 1274 5756 Chom.
1291 5690 1378 5778 208.)

543 5794 678 5861 *eohoiz
692 5794 766 5862 Ἐδιν
782 5799 800 5860 ό
817 5796 927 5883 πατήρ
943 5796 963 5875 i)
979 5799 998 5876 ή
1013 5798 1121 5882 μήτηρ
1137 5799 1382 5877 ἐκποιήσωνταί
1472 5797 1506 5861 si
1527 5805 1616 5879 puter
1636 5796 1687 5861 vel
1709 5805 1805 5859 meter
1817 5796 2050 5860 ultroneum
2066 5794 2178 5878 aliquid
2190 5791 2259 5853 ὼ

478 5925 509 5966 τι
533 5906 617 5981 ἔχων
640 5903 744 5969 παῖδα
766 5903 823 5968 καί
847 5903 1030 5991 τελευτήσῃ,
1054 5908 1081 5968 εί
1103 5905 1161 5987 μέν
1183 5905 1308 5991 ἄνηβος
1331 5909 1378 5982 είη
1405 5904 1484 5967 verit
1505 5914 1536 5967 et
1557 5903 1727 5978 deoeeeerit,
1750 5904 1920 5985 siquidem
1942 5903 2086 5985 impubes
2108 5904 2183 5965 tiiim
2200 5891 2260 5959 futui

479 6012 498 6073 ό
522 6019 611 6092 παῖς,
640 6014 702 6089 ίγει
727 6010 757 6073 λ’
778 6013 923 6098 χρόνους
948 6008 1032 6093 μετόι
1058 6009 1119 6089 τήν
1147 6009 1244 6095 ήβην,
1277 6014 1379 6094 ήγουν
1405 6012 1498 6075 hebet
1520 6010 1574 6100 (ud
1597 6008 1826 6098 vindicandum)
1848 6011 1974 6091 triginta
1988 6031 2089 6075 ennoe
2109 6020 2177 6094 port
2193 6002 2259 6087 „oe
