<?xml version="1.0" encoding="UTF-8"?>
<!DOCTYPE html PUBLIC "-//W3C//DTD XHTML 1.0 Transitional//EN"
    "http://www.w3.org/TR/xhtml1/DTD/xhtml1-transitional.dtd">
<html xmlns="http://www.w3.org/1999/xhtml" xml:lang="en" lang="en">
 <head>
  <title>
</title>
<meta http-equiv="Content-Type" content="text/html;charset=utf-8" />
  <meta name='ocr-system' content='tesseract 3.04.00' />
  <meta name='ocr-capabilities' content='ocr_page ocr_carea ocr_par ocr_line ocrx_word'/>
</head>
<body>
  <div class='ocr_page' id='page_1' title='image "./supplementumedi00linggoog/supplementumedi00linggoog_0423.png"; bbox 0 0 4842 7018; ppageno 0'>
   <div class='ocr_carea' id='block_1_1' title="bbox 799 470 2044 544">
    <p class='ocr_par' dir='ltr' id='par_1_1' title="bbox 799 470 2044 544">
     <span class='ocr_line' id='line_1_1' title="bbox 799 470 2044 544; baseline 0.003 -4"><span class='ocrx_word' id='word_1_1' title='bbox 799 472 953 540; x_wconf 82' lang='lat' dir='ltr'><strong>LIBER</strong></span> <span class='ocrx_word' id='word_1_2' title='bbox 974 470 1112 537; x_wconf 86' lang='lat' dir='ltr'>XXXV.</span> <span class='ocrx_word' id='word_1_3' title='bbox 1156 472 1246 538; x_wconf 81' lang='grc' dir='ltr'><strong>ΤΙΤ.</strong></span> <span class='ocrx_word' id='word_1_4' title='bbox 1269 472 1346 538; x_wconf 91' lang='lat' dir='ltr'>XII.</span> <span class='ocrx_word' id='word_1_5' title='bbox 1368 473 1463 540; x_wconf 83' lang='lat' dir='ltr'>XIII.</span> <span class='ocrx_word' id='word_1_6' title='bbox 2004 482 2044 544; x_wconf 89' lang='grc'><strong>57</strong></span> 
     </span>
    </p>
   </div>
   <div class='ocr_carea' id='block_1_2' title="bbox 212 653 2048 1610">
    <p class='ocr_par' dir='ltr' id='par_1_2' title="bbox 213 653 2048 1276">
     <span class='ocr_line' id='line_1_2' title="bbox 216 653 2047 740; baseline 0 -18"><span class='ocrx_word' id='word_1_7' title='bbox 216 667 302 739; x_wconf 89' lang='grc' dir='ltr'><strong><em>τρεῖ</em></strong></span> <span class='ocrx_word' id='word_1_8' title='bbox 305 663 352 733; x_wconf 57' lang='lat' dir='ltr'><strong>ee</strong></span> <span class='ocrx_word' id='word_1_9' title='bbox 398 655 456 721; x_wconf 85' lang='grc' dir='ltr'><strong>έάν</strong></span> <span class='ocrx_word' id='word_1_10' title='bbox 477 655 589 740; x_wconf 80' lang='grc' dir='ltr'><strong><em>μηδενὶ</em></strong></span> <span class='ocrx_word' id='word_1_11' title='bbox 617 657 728 720; x_wconf 82' lang='grc' dir='ltr'><strong><em>αὐτων</em></strong></span> <span class='ocrx_word' id='word_1_12' title='bbox 757 656 884 740; x_wconf 84' lang='grc' dir='ltr'><strong><em>θελήσῃ</em></strong></span> <span class='ocrx_word' id='word_1_13' title='bbox 912 653 1118 736; x_wconf 81' lang='grc' dir='ltr'><strong><em>γαμηθῆναι,</em></strong></span> <span class='ocrx_word' id='word_1_14' title='bbox 1146 673 1242 735; x_wconf 88' lang='lat' dir='ltr'><strong>aeque</strong></span> <span class='ocrx_word' id='word_1_15' title='bbox 1265 655 1352 717; x_wconf 91' lang='lat' dir='ltr'><strong>heres</strong></span> <span class='ocrx_word' id='word_1_16' title='bbox 1367 655 1448 718; x_wconf 84' lang='lat' dir='ltr'><strong>fient</strong></span> <span class='ocrx_word' id='word_1_17' title='bbox 1485 655 1661 737; x_wconf 89' lang='lat' dir='ltr'><strong>plerumque</strong></span> <span class='ocrx_word' id='word_1_18' title='bbox 1675 659 1755 719; x_wconf 91' lang='lat' dir='ltr'><strong>enim</strong></span> <span class='ocrx_word' id='word_1_19' title='bbox 1774 659 1805 720; x_wconf 92' lang='lat' dir='ltr'><strong>in</strong></span> <span class='ocrx_word' id='word_1_20' title='bbox 1820 660 2047 723; x_wconf 75' lang='lat' dir='ltr'><strong>condicionibus</strong></span> 
     </span>
     <span class='ocr_line' id='line_1_3' title="bbox 214 757 2046 850; baseline 0 -21"><span class='ocrx_word' id='word_1_21' title='bbox 214 766 480 849; x_wconf 84' lang='grc' dir='ltr'><strong><em>κληρονομοῦσιν</em></strong></span> <span class='ocrx_word' id='word_1_22' title='bbox 511 765 545 847; x_wconf 78' lang='grc' dir='ltr'><strong>ἐξ</strong></span> <span class='ocrx_word' id='word_1_23' title='bbox 576 766 660 826; x_wconf 87' lang='grc' dir='ltr'><strong><em>ίσου.</em></strong></span> <span class='ocrx_word' id='word_1_24' title='bbox 708 765 753 836; x_wconf 83' lang='grc' dir='ltr'><strong>ὡς</strong></span> <span class='ocrx_word' id='word_1_25' title='bbox 784 760 834 825; x_wconf 75' lang='lat' dir='ltr'><strong>trel</strong></span> <span class='ocrx_word' id='word_1_26' title='bbox 863 757 902 825; x_wconf 88' lang='grc' dir='ltr'><strong>τὸ</strong></span> <span class='ocrx_word' id='word_1_27' title='bbox 937 758 1020 825; x_wconf 84' lang='grc' dir='ltr'><strong><em>πολὺ</em></strong></span> <span class='ocrx_word' id='word_1_28' title='bbox 1051 757 1117 843; x_wconf 88' lang='grc' dir='ltr'><strong>γάρ</strong></span> <span class='ocrx_word' id='word_1_29' title='bbox 1145 780 1223 841; x_wconf 92' lang='lat' dir='ltr'><strong>quae</strong></span> <span class='ocrx_word' id='word_1_30' title='bbox 1244 762 1276 822; x_wconf 89' lang='lat' dir='ltr'><strong>in</strong></span> <span class='ocrx_word' id='word_1_31' title='bbox 1291 762 1392 824; x_wconf 90' lang='lat' dir='ltr'><strong>dando</strong></span> <span class='ocrx_word' id='word_1_32' title='bbox 1415 772 1446 825; x_wconf 84' lang='lat' dir='ltr'><strong>et</strong></span> <span class='ocrx_word' id='word_1_33' title='bbox 1464 783 1542 843; x_wconf 89' lang='lat' dir='ltr'><strong>quae</strong></span> <span class='ocrx_word' id='word_1_34' title='bbox 1565 764 1596 823; x_wconf 92' lang='lat' dir='ltr'><strong>in</strong></span> <span class='ocrx_word' id='word_1_35' title='bbox 1618 763 1756 827; x_wconf 83' lang='lat' dir='ltr'><strong>faciendo</strong></span> <span class='ocrx_word' id='word_1_36' title='bbox 1772 763 1969 850; x_wconf 89' lang='lat' dir='ltr'><strong>[consistunt]</strong></span> <span class='ocrx_word' id='word_1_37' title='bbox 1986 767 2046 829; x_wconf 79' lang='lat' dir='ltr'><strong>sui·</strong></span> 
     </span>
     <span class='ocr_line' id='line_1_4' title="bbox 214 866 2048 952; baseline -0.001 -16"><span class='ocrx_word' id='word_1_38' title='bbox 214 870 271 936; x_wconf 79' lang='grc' dir='ltr'><strong><em>καὶ</em></strong></span> <span class='ocrx_word' id='word_1_39' title='bbox 303 876 338 936; x_wconf 78' lang='grc' dir='ltr'><strong>ἐν</strong></span> <span class='ocrx_word' id='word_1_40' title='bbox 369 881 442 945; x_wconf 85' lang='grc' dir='ltr'><strong><em>ταῖς</em></strong></span> <span class='ocrx_word' id='word_1_41' title='bbox 474 876 507 934; x_wconf 80' lang='grc' dir='ltr'><strong>ἐν</strong></span> <span class='ocrx_word' id='word_1_42' title='bbox 539 870 629 934; x_wconf 94' lang='grc' dir='ltr'><strong><em>δόσει</em></strong></span> <span class='ocrx_word' id='word_1_43' title='bbox 660 868 717 933; x_wconf 78' lang='grc' dir='ltr'><strong><em>καὶ</em></strong></span> <span class='ocrx_word' id='word_1_44' title='bbox 750 873 784 932; x_wconf 82' lang='grc' dir='ltr'><strong>έν</strong></span> <span class='ocrx_word' id='word_1_45' title='bbox 816 877 890 943; x_wconf 86' lang='grc' dir='ltr'><strong><em>ταῖς</em></strong></span> <span class='ocrx_word' id='word_1_46' title='bbox 924 871 959 931; x_wconf 85' lang='grc' dir='ltr'><strong>έν</strong></span> <span class='ocrx_word' id='word_1_47' title='bbox 990 868 1116 944; x_wconf 88' lang='grc' dir='ltr'><strong><em>ποιήσει</em></strong></span> <span class='ocrx_word' id='word_1_48' title='bbox 1144 866 1218 943; x_wconf 87' lang='lat' dir='ltr'><strong>ficit,</strong></span> <span class='ocrx_word' id='word_1_49' title='bbox 1248 878 1282 930; x_wconf 92' lang='lat' dir='ltr'><strong>ut</strong></span> <span class='ocrx_word' id='word_1_50' title='bbox 1304 878 1446 931; x_wconf 92' lang='lat' dir='ltr'><strong>oneratus</strong></span> <span class='ocrx_word' id='word_1_51' title='bbox 1473 890 1535 931; x_wconf 90' lang='lat' dir='ltr'><strong>non</strong></span> <span class='ocrx_word' id='word_1_52' title='bbox 1557 870 1724 952; x_wconf 84' lang='lat' dir='ltr'><strong>prehibeat</strong></span> <span class='ocrx_word' id='word_1_53' title='bbox 1769 872 1812 933; x_wconf 86' lang='lat' dir='ltr'><strong>Et</strong></span> <span class='ocrx_word' id='word_1_54' title='bbox 1839 873 1865 934; x_wconf 90' lang='lat' dir='ltr'><strong>si</strong></span> <span class='ocrx_word' id='word_1_55' title='bbox 1886 874 2048 936; x_wconf 76' lang='lat' dir='ltr'>decesserit</span> 
     </span>
     <span class='ocr_line' id='line_1_5' title="bbox 215 973 2046 1062; baseline 0.001 -21"><span class='ocrx_word' id='word_1_56' title='bbox 215 980 390 1062; x_wconf 79' lang='grc' dir='ltr'><strong><em>αἱρέσεσιν,</em></strong></span> <span class='ocrx_word' id='word_1_57' title='bbox 401 979 500 1062; x_wconf 88' lang='grc' dir='ltr'><strong><em>ἀρκεῖ</em></strong></span> <span class='ocrx_word' id='word_1_58' title='bbox 511 973 603 1059; x_wconf 80' lang='grc' dir='ltr'><strong><em>τὸμὴ</em></strong></span> <span class='ocrx_word' id='word_1_59' title='bbox 614 975 788 1058; x_wconf 80' lang='grc' dir='ltr'><strong><em>ἐμποδίσαι</em></strong></span> <span class='ocrx_word' id='word_1_60' title='bbox 805 973 865 1038; x_wconf 86' lang='grc' dir='ltr'><strong>τὸν</strong></span> <span class='ocrx_word' id='word_1_61' title='bbox 876 974 1117 1060; x_wconf 81' lang='grc' dir='ltr'><strong><em>βεβαρημένον·</em></strong></span> <span class='ocrx_word' id='word_1_62' title='bbox 1144 976 1242 1055; x_wconf 91' lang='lat' dir='ltr'><strong>neptis</strong></span> <span class='ocrx_word' id='word_1_63' title='bbox 1258 996 1333 1051; x_wconf 85' lang='lat' dir='ltr'><strong>mea,</strong></span> <span class='ocrx_word' id='word_1_64' title='bbox 1357 997 1405 1039; x_wconf 90' lang='lat' dir='ltr'><strong>me</strong></span> <span class='ocrx_word' id='word_1_65' title='bbox 1422 978 1501 1052; x_wconf 88' lang='lat' dir='ltr'><strong>vive,</strong></span> <span class='ocrx_word' id='word_1_66' title='bbox 1525 997 1564 1039; x_wconf 88' lang='lat' dir='ltr'><strong>ex</strong></span> <span class='ocrx_word' id='word_1_67' title='bbox 1579 998 1675 1059; x_wconf 85' lang='lat' dir='ltr'><strong>seque</strong></span> <span class='ocrx_word' id='word_1_68' title='bbox 1690 978 1814 1041; x_wconf 88' lang='lat' dir='ltr'><strong>heredes</strong></span> <span class='ocrx_word' id='word_1_69' title='bbox 1830 979 1911 1041; x_wconf 93' lang='lat' dir='ltr'><strong>fient.</strong></span> <span class='ocrx_word' id='word_1_70' title='bbox 1943 980 1978 1043; x_wconf 83' lang='lat' dir='ltr'><strong>fr.</strong></span> <span class='ocrx_word' id='word_1_71' title='bbox 1996 982 2046 1042; x_wconf 83' lang='lat'><strong>24.</strong></span> 
     </span>
     <span class='ocr_line' id='line_1_6' title="bbox 216 1082 1118 1170; baseline -0.001 -24"><span class='ocrx_word' id='word_1_72' title='bbox 216 1085 263 1170; x_wconf 84' lang='lat' dir='ltr'><strong>[fr.</strong></span> <span class='ocrx_word' id='word_1_73' title='bbox 282 1084 346 1168; x_wconf 84' lang='grc'><strong>23.]</strong></span> <span class='ocrx_word' id='word_1_74' title='bbox 371 1090 397 1148; x_wconf 90' lang='grc' dir='ltr'><strong>εί</strong></span> <span class='ocrx_word' id='word_1_75' title='bbox 421 1084 455 1147; x_wconf 81' lang='grc' dir='ltr'><strong>δὲ</strong></span> <span class='ocrx_word' id='word_1_76' title='bbox 477 1082 535 1148; x_wconf 78' lang='grc' dir='ltr'><strong><em>καὶ</em></strong></span> <span class='ocrx_word' id='word_1_77' title='bbox 551 1084 724 1149; x_wconf 74' lang='grc' dir='ltr'><strong>ἀπέθανεν</strong></span> <span class='ocrx_word' id='word_1_78' title='bbox 739 1087 773 1146; x_wconf 79' lang='grc' dir='ltr'><strong>έν</strong></span> <span class='ocrx_word' id='word_1_79' title='bbox 788 1084 854 1169; x_wconf 86' lang='grc' dir='ltr'><strong>ζωῇ</strong></span> <span class='ocrx_word' id='word_1_80' title='bbox 876 1103 941 1163; x_wconf 88' lang='grc' dir='ltr'><strong>μου</strong></span> <span class='ocrx_word' id='word_1_81' title='bbox 956 1085 975 1158; x_wconf 90' lang='grc' dir='ltr'><strong><em>ή</em></strong></span> <span class='ocrx_word' id='word_1_82' title='bbox 991 1082 1118 1168; x_wconf 82' lang='grc' dir='ltr'><strong><em>ἀνεψιοί</em></strong></span> 
     </span>
     <span class='ocr_line' id='line_1_7' title="bbox 213 1189 1117 1276; baseline -0.003 -22"><span class='ocrx_word' id='word_1_83' title='bbox 213 1213 286 1273; x_wconf 89' lang='grc' dir='ltr'><strong><em>μου,</em></strong></span> <span class='ocrx_word' id='word_1_84' title='bbox 310 1193 344 1274; x_wconf 63' lang='lat' dir='ltr'><strong>l}</strong></span> <span class='ocrx_word' id='word_1_85' title='bbox 367 1195 443 1255; x_wconf 81' lang='grc' dir='ltr'><strong><em>ἴσον</em></strong></span> <span class='ocrx_word' id='word_1_86' title='bbox 464 1192 736 1276; x_wconf 77' lang='grc' dir='ltr'><strong><em>κληρονομοῦσα.</em></strong></span> <span class='ocrx_word' id='word_1_87' title='bbox 1013 1189 1049 1250; x_wconf 84' lang='lat' dir='ltr'><strong>fr.</strong></span> <span class='ocrx_word' id='word_1_88' title='bbox 1066 1190 1117 1251; x_wconf 83' lang='grc'><strong>24.</strong></span> 
     </span>
    </p>

    <p class='ocr_par' dir='ltr' id='par_1_3' title="bbox 212 1312 2046 1610">
     <span class='ocr_line' id='line_1_8' title="bbox 285 1312 2046 1401; baseline -0.001 -22"><span class='ocrx_word' id='word_1_89' title='bbox 285 1317 339 1398; x_wconf 78' lang='grc' dir='ltr'><strong>Τῷ</strong></span> <span class='ocrx_word' id='word_1_90' title='bbox 368 1315 474 1401; x_wconf 78' lang='grc' dir='ltr'><strong><em>χωρὶς</em></strong></span> <span class='ocrx_word' id='word_1_91' title='bbox 506 1318 661 1399; x_wconf 85' lang='grc' dir='ltr'><strong><em>αἱρέσεως</em></strong></span> <span class='ocrx_word' id='word_1_92' title='bbox 699 1318 733 1377; x_wconf 84' lang='grc' dir='ltr'><strong>ὲν</strong></span> <span class='ocrx_word' id='word_1_93' title='bbox 771 1313 921 1400; x_wconf 89' lang='grc' dir='ltr'><strong><em>διαθήκη</em></strong></span> <span class='ocrx_word' id='word_1_94' title='bbox 953 1314 1115 1399; x_wconf 76' lang='grc' dir='ltr'><strong>γραφέντι</strong></span> <span class='ocrx_word' id='word_1_95' title='bbox 1211 1312 1251 1375; x_wconf 83' lang='lat' dir='ltr'><strong>Ei</strong></span> <span class='ocrx_word' id='word_1_96' title='bbox 1273 1315 1324 1395; x_wconf 88' lang='lat' dir='ltr'><strong>qui</strong></span> <span class='ocrx_word' id='word_1_97' title='bbox 1347 1315 1412 1377; x_wconf 93' lang='lat' dir='ltr'><strong>sine</strong></span> <span class='ocrx_word' id='word_1_98' title='bbox 1438 1315 1611 1378; x_wconf 87' lang='lat' dir='ltr'><strong>condicione</strong></span> <span class='ocrx_word' id='word_1_99' title='bbox 1633 1317 1665 1376; x_wconf 88' lang='lat' dir='ltr'><strong>in</strong></span> <span class='ocrx_word' id='word_1_100' title='bbox 1691 1324 1872 1379; x_wconf 86' lang='lat' dir='ltr'><strong>testamento</strong></span> <span class='ocrx_word' id='word_1_101' title='bbox 1894 1317 1979 1380; x_wconf 87' lang='lat' dir='ltr'><strong>heres</strong></span> <span class='ocrx_word' id='word_1_102' title='bbox 2003 1317 2046 1377; x_wconf 91' lang='lat' dir='ltr'><strong>in·</strong></span> 
     </span>
     <span class='ocr_line' id='line_1_9' title="bbox 212 1417 2046 1505; baseline -0.001 -19"><span class='ocrx_word' id='word_1_103' title='bbox 212 1424 407 1505; x_wconf 79' lang='grc' dir='ltr'><strong><em>κληρονόμῳ</em></strong></span> <span class='ocrx_word' id='word_1_104' title='bbox 439 1424 480 1486; x_wconf 90' lang='grc' dir='ltr'><strong>ού</strong></span> <span class='ocrx_word' id='word_1_105' title='bbox 512 1422 652 1486; x_wconf 89' lang='grc' dir='ltr'><strong><em>δύναται</em></strong></span> <span class='ocrx_word' id='word_1_106' title='bbox 685 1426 719 1484; x_wconf 85' lang='grc' dir='ltr'><strong>έν</strong></span> <span class='ocrx_word' id='word_1_107' title='bbox 749 1419 957 1493; x_wconf 86' lang='grc' dir='ltr'><strong><em>κωδικέλλοις</em></strong></span> <span class='ocrx_word' id='word_1_108' title='bbox 990 1417 1117 1503; x_wconf 81' lang='grc' dir='ltr'><strong><em>αἵρεσις</em></strong></span> <span class='ocrx_word' id='word_1_109' title='bbox 1145 1421 1268 1482; x_wconf 88' lang='lat' dir='ltr'><strong>stitutus</strong></span> <span class='ocrx_word' id='word_1_110' title='bbox 1291 1430 1338 1483; x_wconf 86' lang='lat' dir='ltr'><strong>est</strong></span> <span class='ocrx_word' id='word_1_111' title='bbox 1360 1442 1421 1484; x_wconf 94' lang='lat' dir='ltr'><strong>non</strong></span> <span class='ocrx_word' id='word_1_112' title='bbox 1443 1432 1543 1504; x_wconf 90' lang='lat' dir='ltr'><strong>potest</strong></span> <span class='ocrx_word' id='word_1_113' title='bbox 1565 1424 1595 1483; x_wconf 92' lang='lat' dir='ltr'><strong>in</strong></span> <span class='ocrx_word' id='word_1_114' title='bbox 1619 1422 1765 1485; x_wconf 80' lang='lat' dir='ltr'><strong>codicillis</strong></span> <span class='ocrx_word' id='word_1_115' title='bbox 1783 1423 1918 1486; x_wconf 90' lang='lat' dir='ltr'><strong>condicio</strong></span> <span class='ocrx_word' id='word_1_116' title='bbox 1934 1424 2046 1505; x_wconf 90' lang='lat' dir='ltr'><strong>imponi</strong></span> 
     </span>
     <span class='ocr_line' id='line_1_10' title="bbox 213 1525 2046 1610; baseline -0.001 -17"><span class='ocrx_word' id='word_1_117' title='bbox 213 1531 435 1594; x_wconf 74' lang='grc' dir='ltr'><strong><em>ἐπιτίθεσθαι</em></strong></span> <span class='ocrx_word' id='word_1_118' title='bbox 461 1527 518 1593; x_wconf 90' lang='grc' dir='ltr'><strong>διά</strong></span> <span class='ocrx_word' id='word_1_119' title='bbox 540 1526 601 1593; x_wconf 86' lang='grc' dir='ltr'><strong>τόν</strong></span> <span class='ocrx_word' id='word_1_120' title='bbox 622 1529 751 1592; x_wconf 80' lang='grc' dir='ltr'><strong><em>κανόνα</em></strong></span> <span class='ocrx_word' id='word_1_121' title='bbox 773 1525 834 1591; x_wconf 90' lang='grc' dir='ltr'><strong>τδν</strong></span> <span class='ocrx_word' id='word_1_122' title='bbox 855 1528 1009 1607; x_wconf 81' lang='grc' dir='ltr'><strong><em>λέγοντα·</em></strong></span> <span class='ocrx_word' id='word_1_123' title='bbox 1041 1525 1116 1601; x_wconf 90' lang='grc' dir='ltr'><strong><em>κλη-</em></strong></span> <span class='ocrx_word' id='word_1_124' title='bbox 1144 1537 1268 1609; x_wconf 90' lang='lat' dir='ltr'><strong>propter</strong></span> <span class='ocrx_word' id='word_1_125' title='bbox 1297 1528 1433 1609; x_wconf 78' lang='lat' dir='ltr'><strong>regulam</strong></span> <span class='ocrx_word' id='word_1_126' title='bbox 1465 1550 1543 1610; x_wconf 89' lang='lat' dir='ltr'><strong>quae</strong></span> <span class='ocrx_word' id='word_1_127' title='bbox 1570 1531 1626 1592; x_wconf 88' lang='lat' dir='ltr'><strong>ait:</strong></span> <span class='ocrx_word' id='word_1_128' title='bbox 1658 1530 1808 1592; x_wconf 77' lang='lat' dir='ltr'>hereditas</span> <span class='ocrx_word' id='word_1_129' title='bbox 1836 1531 1868 1591; x_wconf 92' lang='lat' dir='ltr'><strong>in</strong></span> <span class='ocrx_word' id='word_1_130' title='bbox 1899 1529 2046 1592; x_wconf 86' lang='lat' dir='ltr'><strong>codicillis</strong></span> 
     </span>
    </p>
   </div>
   <div class='ocr_carea' id='block_1_3' title="bbox 213 1632 2045 1829">
    <p class='ocr_par' dir='ltr' id='par_1_4' title="bbox 213 1632 2045 1829">
     <span class='ocr_line' id='line_1_11' title="bbox 213 1632 2045 1723; baseline -0.001 -23"><span class='ocrx_word' id='word_1_131' title='bbox 213 1639 355 1723; x_wconf 87' lang='grc' dir='ltr'><strong><em>ρονομία</em></strong></span> <span class='ocrx_word' id='word_1_132' title='bbox 378 1642 412 1700; x_wconf 84' lang='grc' dir='ltr'><strong>έν</strong></span> <span class='ocrx_word' id='word_1_133' title='bbox 433 1635 641 1710; x_wconf 82' lang='grc' dir='ltr'><strong><em>κωδικέλλοις</em></strong></span> <span class='ocrx_word' id='word_1_134' title='bbox 663 1636 739 1699; x_wconf 87' lang='grc' dir='ltr'><strong><em>ούτε</em></strong></span> <span class='ocrx_word' id='word_1_135' title='bbox 762 1633 892 1698; x_wconf 79' lang='grc' dir='ltr'><strong><em>δίδοται</em></strong></span> <span class='ocrx_word' id='word_1_136' title='bbox 917 1632 992 1696; x_wconf 88' lang='grc' dir='ltr'><strong><em>ούτε</em></strong></span> <span class='ocrx_word' id='word_1_137' title='bbox 1014 1633 1116 1717; x_wconf 89' lang='grc' dir='ltr'><strong><em>ἀφαι·</em></strong></span> <span class='ocrx_word' id='word_1_138' title='bbox 1144 1655 1205 1696; x_wconf 89' lang='lat' dir='ltr'><strong>nen</strong></span> <span class='ocrx_word' id='word_1_139' title='bbox 1227 1634 1318 1696; x_wconf 91' lang='lat' dir='ltr'><strong>datur</strong></span> <span class='ocrx_word' id='word_1_140' title='bbox 1339 1654 1436 1715; x_wconf 87' lang='lat' dir='ltr'><strong>neque</strong></span> <span class='ocrx_word' id='word_1_141' title='bbox 1459 1636 1610 1699; x_wconf 76' lang='lat' dir='ltr'><strong>adimitur.</strong></span> <span class='ocrx_word' id='word_1_142' title='bbox 1862 1636 1999 1714; x_wconf 66' lang='lat' dir='ltr'><strong>freae</strong></span> <span class='ocrx_word' id='word_1_143' title='bbox 2018 1639 2045 1698; x_wconf 97' lang='grc'><strong>1.</strong></span> 
     </span>
     <span class='ocr_line' id='line_1_12' title="bbox 213 1740 1116 1829; baseline -0.009 -22"><span class='ocrx_word' id='word_1_144' title='bbox 213 1753 333 1829; x_wconf 78' lang='grc' dir='ltr'><strong><em>ρεῐταιι</em></strong></span> <span class='ocrx_word' id='word_1_145' title='bbox 352 1743 410 1791; x_wconf 89' lang='lat'><strong>—¹</strong></span> <span class='ocrx_word' id='word_1_146' title='bbox 933 1740 968 1802; x_wconf 85' lang='lat' dir='ltr'><strong>fr.</strong></span> <span class='ocrx_word' id='word_1_147' title='bbox 986 1743 1036 1801; x_wconf 90' lang='grc'><strong>27.</strong></span> <span class='ocrx_word' id='word_1_148' title='bbox 1053 1745 1069 1816; x_wconf 70' lang='grc' dir='ltr'><strong><em>ή</em></strong></span> <span class='ocrx_word' id='word_1_149' title='bbox 1089 1742 1116 1799; x_wconf 92' lang='grc'><strong>1.</strong></span> 
     </span>
    </p>
   </div>
   <div class='ocr_carea' id='block_1_4' title="bbox 212 1860 2152 2483">
    <p class='ocr_par' dir='ltr' id='par_1_5' title="bbox 212 1860 2152 2483">
     <span class='ocr_line' id='line_1_13' title="bbox 277 1860 2046 1950; baseline 0.001 -19"><span class='ocrx_word' id='word_1_150' title='bbox 277 1868 352 1931; x_wconf 84' lang='grc' dir='ltr'><strong>Ἐάν</strong></span> <span class='ocrx_word' id='word_1_151' title='bbox 378 1891 429 1943; x_wconf 89' lang='grc' dir='ltr'><strong>τις</strong></span> <span class='ocrx_word' id='word_1_152' title='bbox 456 1866 519 1933; x_wconf 88' lang='grc' dir='ltr'><strong>ύπό</strong></span> <span class='ocrx_word' id='word_1_153' title='bbox 543 1866 673 1950; x_wconf 76' lang='grc' dir='ltr'><strong><em>αἵρεσιν</em></strong></span> <span class='ocrx_word' id='word_1_154' title='bbox 700 1875 762 1930; x_wconf 83' lang='grc' dir='ltr'><strong>τοῦ</strong></span> <span class='ocrx_word' id='word_1_155' title='bbox 788 1864 1028 1941; x_wconf 84' lang='grc' dir='ltr'><strong><em>παιδοποιῆσαι</em></strong></span> <span class='ocrx_word' id='word_1_156' title='bbox 1056 1860 1117 1939; x_wconf 82' lang='grc' dir='ltr'><strong>τήν</strong></span> <span class='ocrx_word' id='word_1_157' title='bbox 1210 1865 1332 1946; x_wconf 86' lang='lat' dir='ltr'><strong>Siquis</strong></span> <span class='ocrx_word' id='word_1_158' title='bbox 1355 1867 1412 1929; x_wconf 91' lang='lat' dir='ltr'><strong>sub</strong></span> <span class='ocrx_word' id='word_1_159' title='bbox 1427 1866 1602 1930; x_wconf 90' lang='lat' dir='ltr'><strong>condicione</strong></span> <span class='ocrx_word' id='word_1_160' title='bbox 1621 1876 1656 1928; x_wconf 92' lang='lat' dir='ltr'><strong>ut</strong></span> <span class='ocrx_word' id='word_1_161' title='bbox 1672 1866 1735 1929; x_wconf 85' lang='lat' dir='ltr'><strong>filia</strong></span> <span class='ocrx_word' id='word_1_162' title='bbox 1749 1867 1860 1930; x_wconf 91' lang='lat' dir='ltr'><strong>liberos</strong></span> <span class='ocrx_word' id='word_1_163' title='bbox 1874 1879 2046 1949; x_wconf 73' lang='lat' dir='ltr'><strong>procrearet</strong></span> 
     </span>
     <span class='ocr_line' id='line_1_14' title="bbox 214 1969 2046 2059; baseline -0.001 -20"><span class='ocrx_word' id='word_1_164' title='bbox 214 1976 392 2059; x_wconf 78' lang='grc' dir='ltr'><strong><em>θυγατέρα</em></strong></span> <span class='ocrx_word' id='word_1_165' title='bbox 419 1979 454 2038; x_wconf 78' lang='lat' dir='ltr'><strong>lx</strong></span> <span class='ocrx_word' id='word_1_166' title='bbox 477 1984 539 2039; x_wconf 82' lang='grc' dir='ltr'><strong>τοῦ</strong></span> <span class='ocrx_word' id='word_1_167' title='bbox 560 1983 619 2038; x_wconf 83' lang='grc' dir='ltr'><strong>νῦν</strong></span> <span class='ocrx_word' id='word_1_168' title='bbox 642 1976 740 2049; x_wconf 83' lang='grc' dir='ltr'><strong><em>ὄντος</em></strong></span> <span class='ocrx_word' id='word_1_169' title='bbox 763 1969 899 2055; x_wconf 84' lang='grc' dir='ltr'><strong><em>ἀνδρὸς,</em></strong></span> <span class='ocrx_word' id='word_1_170' title='bbox 927 1971 1114 2054; x_wconf 84' lang='grc' dir='ltr'><strong><em>καταλείψῇ</em></strong></span> <span class='ocrx_word' id='word_1_171' title='bbox 1143 1993 1182 2034; x_wconf 87' lang='lat' dir='ltr'><strong>ex</strong></span> <span class='ocrx_word' id='word_1_172' title='bbox 1212 1975 1321 2035; x_wconf 87' lang='lat' dir='ltr'><strong>marito</strong></span> <span class='ocrx_word' id='word_1_173' title='bbox 1352 1974 1404 2054; x_wconf 89' lang='lat' dir='ltr'><strong>qui</strong></span> <span class='ocrx_word' id='word_1_174' title='bbox 1430 1982 1504 2036; x_wconf 92' lang='lat' dir='ltr'><strong>tune</strong></span> <span class='ocrx_word' id='word_1_175' title='bbox 1532 1973 1634 2048; x_wconf 83' lang='lat' dir='ltr'><strong>fuerit,</strong></span> <span class='ocrx_word' id='word_1_176' title='bbox 1662 1974 1735 2056; x_wconf 91' lang='lat' dir='ltr'><strong>quid</strong></span> <span class='ocrx_word' id='word_1_177' title='bbox 1763 1976 1790 2036; x_wconf 92' lang='lat' dir='ltr'><strong>ei</strong></span> <span class='ocrx_word' id='word_1_178' title='bbox 1816 1975 1981 2055; x_wconf 85' lang='lat' dir='ltr'><strong>reliquerit;</strong></span> <span class='ocrx_word' id='word_1_179' title='bbox 2009 1996 2046 2038; x_wconf 90' lang='lat' dir='ltr'><strong>ea</strong></span> 
     </span>
     <span class='ocr_line' id='line_1_15' title="bbox 212 2077 2046 2168; baseline -0.001 -22"><span class='ocrx_word' id='word_1_180' title='bbox 212 2106 244 2146; x_wconf 89' lang='grc' dir='ltr'><strong>τι</strong></span> <span class='ocrx_word' id='word_1_181' title='bbox 273 2084 371 2168; x_wconf 86' lang='grc' dir='ltr'><strong><em>αὐτῇ,</em></strong></span> <span class='ocrx_word' id='word_1_182' title='bbox 405 2084 424 2159; x_wconf 89' lang='grc' dir='ltr'><strong><em>ή</em></strong></span> <span class='ocrx_word' id='word_1_183' title='bbox 457 2081 491 2145; x_wconf 74' lang='grc' dir='ltr'><strong>δὲ</strong></span> <span class='ocrx_word' id='word_1_184' title='bbox 521 2082 555 2165; x_wconf 76' lang='grc' dir='ltr'><strong>ἐξ</strong></span> <span class='ocrx_word' id='word_1_185' title='bbox 582 2083 705 2145; x_wconf 83' lang='grc' dir='ltr'><strong><em>ἐκείνου</em></strong></span> <span class='ocrx_word' id='word_1_186' title='bbox 731 2081 790 2163; x_wconf 81' lang='grc' dir='ltr'><strong>μὲν</strong></span> <span class='ocrx_word' id='word_1_187' title='bbox 815 2077 858 2162; x_wconf 82' lang='grc' dir='ltr'><strong>μή</strong></span> <span class='ocrx_word' id='word_1_188' title='bbox 882 2077 1115 2162; x_wconf 84' lang='grc' dir='ltr'><strong><em>παιδοποιήσῃ,</em></strong></span> <span class='ocrx_word' id='word_1_189' title='bbox 1143 2100 1215 2142; x_wconf 89' lang='lat' dir='ltr'><strong>vere</strong></span> <span class='ocrx_word' id='word_1_190' title='bbox 1237 2101 1276 2142; x_wconf 88' lang='lat' dir='ltr'><strong>ex</strong></span> <span class='ocrx_word' id='word_1_191' title='bbox 1298 2080 1350 2143; x_wconf 93' lang='lat' dir='ltr'><strong>illc</strong></span> <span class='ocrx_word' id='word_1_192' title='bbox 1372 2080 1450 2141; x_wconf 88' lang='lat' dir='ltr'><strong>filies</strong></span> <span class='ocrx_word' id='word_1_193' title='bbox 1472 2100 1532 2142; x_wconf 89' lang='lat' dir='ltr'><strong>nen</strong></span> <span class='ocrx_word' id='word_1_194' title='bbox 1555 2082 1728 2162; x_wconf 82' lang='lat' dir='ltr'><strong>susceperit,</strong></span> <span class='ocrx_word' id='word_1_195' title='bbox 1752 2081 1804 2143; x_wconf 88' lang='lat' dir='ltr'><strong>alii</strong></span> <span class='ocrx_word' id='word_1_196' title='bbox 1826 2091 1926 2144; x_wconf 90' lang='lat' dir='ltr'><strong>autem</strong></span> <span class='ocrx_word' id='word_1_197' title='bbox 1949 2093 2046 2163; x_wconf 91' lang='lat' dir='ltr'><strong>nupta</strong></span> 
     </span>
     <span class='ocr_line' id='line_1_16' title="bbox 212 2178 2046 2274; baseline -0.001 -22"><span class='ocrx_word' id='word_1_198' title='bbox 212 2191 311 2274; x_wconf 79' lang='grc' dir='ltr'><strong><em>ἑτέρω</em></strong></span> <span class='ocrx_word' id='word_1_199' title='bbox 336 2188 370 2251; x_wconf 81' lang='grc' dir='ltr'><strong>δὲ</strong></span> <span class='ocrx_word' id='word_1_200' title='bbox 393 2189 591 2270; x_wconf 77' lang='grc' dir='ltr'><strong><em>γαμηθεῖσα</em></strong></span> <span class='ocrx_word' id='word_1_201' title='bbox 613 2186 736 2261; x_wconf 84' lang='grc' dir='ltr'><strong><em>παῖδας</em></strong></span> <span class='ocrx_word' id='word_1_202' title='bbox 759 2187 867 2265; x_wconf 92' lang='grc' dir='ltr'><strong><em>σχοίη,</em></strong></span> <span class='ocrx_word' id='word_1_203' title='bbox 892 2184 992 2268; x_wconf 80' lang='grc' dir='ltr'><strong><em>μηδὲν</em></strong></span> <span class='ocrx_word' id='word_1_204' title='bbox 1014 2178 1117 2260; x_wconf 85' lang='grc' dir='ltr'><strong><em>ήττον</em></strong></span> <span class='ocrx_word' id='word_1_205' title='bbox 1143 2186 1221 2248; x_wconf 88' lang='lat' dir='ltr'><strong>filios</strong></span> <span class='ocrx_word' id='word_1_206' title='bbox 1248 2187 1402 2262; x_wconf 86' lang='lat' dir='ltr'><strong>habuerit,</strong></span> <span class='ocrx_word' id='word_1_207' title='bbox 1433 2186 1627 2249; x_wconf 89' lang='lat' dir='ltr'><strong>nihilominus</strong></span> <span class='ocrx_word' id='word_1_208' title='bbox 1654 2187 1793 2250; x_wconf 89' lang='lat' dir='ltr'><strong>relictum</strong></span> <span class='ocrx_word' id='word_1_209' title='bbox 1817 2188 1943 2263; x_wconf 81' lang='lat' dir='ltr'><strong>habeat,</strong></span> <span class='ocrx_word' id='word_1_210' title='bbox 1975 2188 2046 2251; x_wconf 91' lang='lat' dir='ltr'><strong>licet</strong></span> 
     </span>
     <span class='ocr_line' id='line_1_17' title="bbox 213 2276 2152 2376; baseline -0.002 -17"><span class='ocrx_word' id='word_1_211' title='bbox 213 2293 251 2360; x_wconf 84' lang='grc' dir='ltr'><strong>τό</strong></span> <span class='ocrx_word' id='word_1_212' title='bbox 275 2295 568 2376; x_wconf 78' lang='grc' dir='ltr'><strong><em>καταλελειμμένον</em></strong></span> <span class='ocrx_word' id='word_1_213' title='bbox 590 2297 702 2375; x_wconf 79' lang='grc' dir='ltr'><strong><em>ἐχέτω,</em></strong></span> <span class='ocrx_word' id='word_1_214' title='bbox 725 2290 790 2357; x_wconf 83' lang='grc' dir='ltr'><strong>κάν</strong></span> <span class='ocrx_word' id='word_1_215' title='bbox 813 2292 924 2366; x_wconf 84' lang='grc' dir='ltr'><strong><em>ίδικως</em></strong></span> <span class='ocrx_word' id='word_1_216' title='bbox 940 2293 958 2354; x_wconf 91' lang='grc' dir='ltr'><strong><em>ό</em></strong></span> <span class='ocrx_word' id='word_1_217' title='bbox 975 2276 1045 2375; x_wconf 51' lang='grc' dir='ltr'><em>πῷ</em></span> <span class='ocrx_word' id='word_1_218' title='bbox 1057 2286 1116 2353; x_wconf 85' lang='grc' dir='ltr'><strong>τόν</strong></span> <span class='ocrx_word' id='word_1_219' title='bbox 1144 2293 1314 2374; x_wconf 74' lang='lat' dir='ltr'><strong>specialiter</strong></span> <span class='ocrx_word' id='word_1_220' title='bbox 1351 2304 1438 2375; x_wconf 90' lang='lat' dir='ltr'><strong>pater</strong></span> <span class='ocrx_word' id='word_1_221' title='bbox 1467 2295 1656 2374; x_wconf 73' lang='lat' dir='ltr'><strong>nuptiarum,</strong></span> <span class='ocrx_word' id='word_1_222' title='bbox 1694 2315 1772 2375; x_wconf 90' lang='lat' dir='ltr'><strong>quae</strong></span> <span class='ocrx_word' id='word_1_223' title='bbox 1810 2304 1884 2358; x_wconf 88' lang='lat' dir='ltr'><strong>tunc</strong></span> <span class='ocrx_word' id='word_1_224' title='bbox 1914 2295 2045 2370; x_wconf 77' lang='lat' dir='ltr'><strong>fuerant,</strong></span> <span class='ocrx_word' id='word_1_225' title='bbox 2147 2338 2152 2345; x_wconf 86' lang='lat'>-</span> 
     </span>
     <span class='ocr_line' id='line_1_18' title="bbox 212 2397 2044 2483; baseline -0.001 -17"><span class='ocrx_word' id='word_1_226' title='bbox 212 2400 279 2466; x_wconf 83' lang='grc' dir='ltr'><strong>ἀπὸ</strong></span> <span class='ocrx_word' id='word_1_227' title='bbox 298 2409 482 2478; x_wconf 82' lang='grc' dir='ltr'><strong><em>τηνικαῦτα</em></strong></span> <span class='ocrx_word' id='word_1_228' title='bbox 496 2403 605 2483; x_wconf 88' lang='grc' dir='ltr'><strong><em>γάμον</em></strong></span> <span class='ocrx_word' id='word_1_229' title='bbox 620 2401 785 2483; x_wconf 77' lang='grc' dir='ltr'><strong><em>ὲμνήσθηε</em></strong></span> <span class='ocrx_word' id='word_1_230' title='bbox 805 2437 847 2447; x_wconf 96' lang='grc'><strong>-</strong></span> <span class='ocrx_word' id='word_1_231' title='bbox 880 2421 905 2461; x_wconf 92' lang='lat' dir='ltr'><strong>c.</strong></span> <span class='ocrx_word' id='word_1_232' title='bbox 917 2404 945 2462; x_wconf 89' lang='grc'><strong>6.</strong></span> <span class='ocrx_word' id='word_1_233' title='bbox 955 2397 1053 2474; x_wconf 74' lang='lat' dir='ltr'><strong>(tvl,</strong></span> <span class='ocrx_word' id='word_1_234' title='bbox 1065 2400 1114 2459; x_wconf 84' lang='lat'><strong>25.</strong></span> <span class='ocrx_word' id='word_1_235' title='bbox 1144 2401 1327 2462; x_wconf 90' lang='lat' dir='ltr'><strong>mentionem</strong></span> <span class='ocrx_word' id='word_1_236' title='bbox 1349 2400 1462 2463; x_wconf 85' lang='lat' dir='ltr'><strong>fecerit</strong></span> <span class='ocrx_word' id='word_1_237' title='bbox 1809 2423 1834 2465; x_wconf 91' lang='lat' dir='ltr'><strong>e.</strong></span> <span class='ocrx_word' id='word_1_238' title='bbox 1852 2407 1880 2466; x_wconf 90' lang='grc'><strong>6.</strong></span> <span class='ocrx_word' id='word_1_239' title='bbox 1896 2401 1929 2466; x_wconf 85' lang='lat' dir='ltr'><strong>O.</strong></span> <span class='ocrx_word' id='word_1_240' title='bbox 1947 2406 1976 2478; x_wconf 87' lang='grc'><strong><em>6,</em></strong></span> <span class='ocrx_word' id='word_1_241' title='bbox 1993 2406 2044 2465; x_wconf 81' lang='grc'><strong>25.</strong></span> 
     </span>
    </p>
   </div>
   <div class='ocr_carea' id='block_1_5' title="bbox 157 2521 2046 4441">
    <p class='ocr_par' dir='ltr' id='par_1_6' title="bbox 209 2521 2046 3464">
     <span class='ocr_line' id='line_1_19' title="bbox 282 2521 2046 2609; baseline -0.003 -15"><span class='ocrx_word' id='word_1_242' title='bbox 282 2525 394 2602; x_wconf 89' lang='grc' dir='ltr'><strong><em>Ούτως</em></strong></span> <span class='ocrx_word' id='word_1_243' title='bbox 416 2525 506 2600; x_wconf 86' lang='grc' dir='ltr'><strong><em>τινός</em></strong></span> <span class='ocrx_word' id='word_1_244' title='bbox 525 2528 708 2609; x_wconf 79' lang='grc' dir='ltr'><strong><em>εἰρηκότος·</em></strong></span> <span class='ocrx_word' id='word_1_245' title='bbox 733 2523 836 2589; x_wconf 84' lang='grc' dir='ltr'><strong>έάνό</strong></span> <span class='ocrx_word' id='word_1_246' title='bbox 859 2524 943 2596; x_wconf 84' lang='grc' dir='ltr'><strong><em>υἱός</em></strong></span> <span class='ocrx_word' id='word_1_247' title='bbox 964 2544 1038 2604; x_wconf 93' lang='grc' dir='ltr'><strong>μου</strong></span> <span class='ocrx_word' id='word_1_248' title='bbox 1060 2521 1115 2598; x_wconf 86' lang='grc' dir='ltr'><strong>ήή</strong></span> <span class='ocrx_word' id='word_1_249' title='bbox 1209 2525 1288 2587; x_wconf 76' lang='lat' dir='ltr'><strong>(lum</strong></span> <span class='ocrx_word' id='word_1_250' title='bbox 1310 2527 1377 2606; x_wconf 89' lang='lat' dir='ltr'><strong>quis</strong></span> <span class='ocrx_word' id='word_1_251' title='bbox 1399 2526 1444 2587; x_wconf 93' lang='lat' dir='ltr'><strong>ita</strong></span> <span class='ocrx_word' id='word_1_252' title='bbox 1467 2526 1605 2588; x_wconf 84' lang='lat' dir='ltr'><strong>dixisset:</strong></span> <span class='ocrx_word' id='word_1_253' title='bbox 1633 2529 1677 2602; x_wconf 88' lang='lat' dir='ltr'><strong>„si</strong></span> <span class='ocrx_word' id='word_1_254' title='bbox 1699 2527 1780 2589; x_wconf 85' lang='lat' dir='ltr'><strong>lilius</strong></span> <span class='ocrx_word' id='word_1_255' title='bbox 1802 2547 1888 2589; x_wconf 89' lang='lat' dir='ltr'><strong>meus</strong></span> <span class='ocrx_word' id='word_1_256' title='bbox 1910 2526 1961 2589; x_wconf 83' lang='lat' dir='ltr'><strong>vel</strong></span> <span class='ocrx_word' id='word_1_257' title='bbox 1982 2527 2046 2589; x_wconf 84' lang='lat' dir='ltr'><strong>lilia</strong></span> 
     </span>
     <span class='ocr_line' id='line_1_20' title="bbox 212 2627 2045 2718; baseline 0 -21"><span class='ocrx_word' id='word_1_258' title='bbox 212 2635 397 2718; x_wconf 78' lang='grc' dir='ltr'><strong><em>θυγάτηρ</em></strong></span> <span class='ocrx_word' id='word_1_259' title='bbox 411 2656 484 2715; x_wconf 90' lang='grc' dir='ltr'><strong>μου</strong></span> <span class='ocrx_word' id='word_1_260' title='bbox 500 2633 721 2706; x_wconf 74' lang='grc' dir='ltr'><strong><em>ἀδιάθετος</em></strong></span> <span class='ocrx_word' id='word_1_261' title='bbox 740 2632 759 2709; x_wconf 85' lang='grc' dir='ltr'><strong><em>ή</em></strong></span> <span class='ocrx_word' id='word_1_262' title='bbox 776 2633 896 2704; x_wconf 89' lang='grc' dir='ltr'><strong><em>άπαις</em></strong></span> <span class='ocrx_word' id='word_1_263' title='bbox 910 2629 929 2707; x_wconf 75' lang='lat' dir='ltr'><strong>l&gt;</strong></span> <span class='ocrx_word' id='word_1_264' title='bbox 945 2627 992 2711; x_wconf 83' lang='grc' dir='ltr'><strong>μή</strong></span> <span class='ocrx_word' id='word_1_265' title='bbox 1009 2629 1116 2705; x_wconf 90' lang='grc' dir='ltr'><strong><em>ποιή-</em></strong></span> <span class='ocrx_word' id='word_1_266' title='bbox 1144 2652 1211 2693; x_wconf 86' lang='lat' dir='ltr'><strong>mea</strong></span> <span class='ocrx_word' id='word_1_267' title='bbox 1233 2633 1298 2694; x_wconf 89' lang='lat' dir='ltr'><strong>sine</strong></span> <span class='ocrx_word' id='word_1_268' title='bbox 1320 2641 1500 2695; x_wconf 88' lang='lat' dir='ltr'><strong>testamento</strong></span> <span class='ocrx_word' id='word_1_269' title='bbox 1523 2633 1571 2696; x_wconf 89' lang='lat' dir='ltr'><strong>vel</strong></span> <span class='ocrx_word' id='word_1_270' title='bbox 1586 2635 1651 2695; x_wconf 90' lang='lat' dir='ltr'><strong>sine</strong></span> <span class='ocrx_word' id='word_1_271' title='bbox 1673 2634 1776 2697; x_wconf 90' lang='lat' dir='ltr'><strong>liberis</strong></span> <span class='ocrx_word' id='word_1_272' title='bbox 1791 2633 1842 2696; x_wconf 87' lang='lat' dir='ltr'><strong>vel</strong></span> <span class='ocrx_word' id='word_1_273' title='bbox 1864 2642 2045 2697; x_wconf 84' lang='lat' dir='ltr'><strong>testamento</strong></span> 
     </span>
     <span class='ocr_line' id='line_1_21' title="bbox 212 2736 2045 2822; baseline -0.001 -17"><span class='ocrx_word' id='word_1_274' title='bbox 212 2764 283 2815; x_wconf 89' lang='grc' dir='ltr'><strong><em>σας</em></strong></span> <span class='ocrx_word' id='word_1_275' title='bbox 306 2741 509 2817; x_wconf 81' lang='grc' dir='ltr'><strong><em>διαθήκην</em></strong></span> <span class='ocrx_word' id='word_1_276' title='bbox 531 2740 550 2817; x_wconf 78' lang='lat' dir='ltr'><strong>l)</strong></span> <span class='ocrx_word' id='word_1_277' title='bbox 573 2738 619 2821; x_wconf 83' lang='grc' dir='ltr'><strong>μή</strong></span> <span class='ocrx_word' id='word_1_278' title='bbox 644 2740 821 2821; x_wconf 80' lang='grc' dir='ltr'><strong><em>γαμήσας</em></strong></span> <span class='ocrx_word' id='word_1_279' title='bbox 844 2736 1068 2821; x_wconf 84' lang='grc' dir='ltr'><strong><em>τελευτήσῃ,</em></strong></span> <span class='ocrx_word' id='word_1_280' title='bbox 1096 2738 1115 2798; x_wconf 86' lang='grc' dir='ltr'>ὁ</span> <span class='ocrx_word' id='word_1_281' title='bbox 1143 2759 1202 2800; x_wconf 92' lang='lat' dir='ltr'><strong>nen</strong></span> <span class='ocrx_word' id='word_1_282' title='bbox 1225 2738 1308 2801; x_wconf 88' lang='lat' dir='ltr'><strong>facte</strong></span> <span class='ocrx_word' id='word_1_283' title='bbox 1331 2740 1381 2801; x_wconf 90' lang='lat' dir='ltr'><strong>vel</strong></span> <span class='ocrx_word' id='word_1_284' title='bbox 1395 2741 1460 2801; x_wconf 91' lang='lat' dir='ltr'><strong>sine</strong></span> <span class='ocrx_word' id='word_1_285' title='bbox 1477 2741 1591 2822; x_wconf 87' lang='lat' dir='ltr'><strong>nuptiis</strong></span> <span class='ocrx_word' id='word_1_286' title='bbox 1605 2742 1773 2816; x_wconf 87' lang='lat' dir='ltr'><strong>decesserit,</strong></span> <span class='ocrx_word' id='word_1_287' title='bbox 1795 2742 1848 2802; x_wconf 88' lang='lat' dir='ltr'><strong>ille</strong></span> <span class='ocrx_word' id='word_1_288' title='bbox 1863 2740 2045 2803; x_wconf 85' lang='lat' dir='ltr'><strong>substitutus</strong></span> 
     </span>
     <span class='ocr_line' id='line_1_22' title="bbox 211 2842 2045 2931; baseline -0.001 -19"><span class='ocrx_word' id='word_1_289' title='bbox 211 2849 319 2912; x_wconf 87' lang='grc' dir='ltr'><strong><em>δεῖνα</em></strong></span> <span class='ocrx_word' id='word_1_290' title='bbox 342 2852 440 2911; x_wconf 76' lang='grc' dir='ltr'><strong><em>ἔστω</em></strong></span> <span class='ocrx_word' id='word_1_291' title='bbox 463 2847 807 2925; x_wconf 90' lang='grc' dir='ltr'><strong><em>ύποκατάστατος,</em></strong></span> <span class='ocrx_word' id='word_1_292' title='bbox 836 2843 868 2921; x_wconf 84' lang='grc' dir='ltr'><strong>ή·</strong></span> <span class='ocrx_word' id='word_1_293' title='bbox 897 2842 994 2925; x_wconf 82' lang='grc' dir='ltr'><strong><em>τῷδε</em></strong></span> <span class='ocrx_word' id='word_1_294' title='bbox 1022 2845 1115 2906; x_wconf 87' lang='grc' dir='ltr'><strong><em>ἀπο·</em></strong></span> <span class='ocrx_word' id='word_1_295' title='bbox 1142 2853 1224 2906; x_wconf 89' lang='lat' dir='ltr'><strong>esto“</strong></span> <span class='ocrx_word' id='word_1_296' title='bbox 1256 2846 1305 2908; x_wconf 88' lang='lat' dir='ltr'><strong>vel</strong></span> <span class='ocrx_word' id='word_1_297' title='bbox 1333 2847 1378 2921; x_wconf 91' lang='lat' dir='ltr'><strong>„ei</strong></span> <span class='ocrx_word' id='word_1_298' title='bbox 1408 2849 1607 2909; x_wconf 84' lang='lat' dir='ltr'><strong>restituentur</strong></span> <span class='ocrx_word' id='word_1_299' title='bbox 1637 2855 1716 2923; x_wconf 87' lang='lat' dir='ltr'><strong>res“‚</strong></span> <span class='ocrx_word' id='word_1_300' title='bbox 1749 2847 1800 2931; x_wconf 92' lang='lat' dir='ltr'><strong>[si]</strong></span> <span class='ocrx_word' id='word_1_301' title='bbox 1833 2848 1941 2910; x_wconf 89' lang='lat' dir='ltr'><strong>deinde</strong></span> <span class='ocrx_word' id='word_1_302' title='bbox 1972 2848 2045 2929; x_wconf 92' lang='lat' dir='ltr'><strong>quid</strong></span> 
     </span>
     <span class='ocr_line' id='line_1_23' title="bbox 209 2947 2045 3038; baseline -0.002 -20"><span class='ocrx_word' id='word_1_303' title='bbox 209 2954 488 3019; x_wconf 89' lang='grc' dir='ltr'><strong><em>καθιστάσθω</em></strong></span> <span class='ocrx_word' id='word_1_304' title='bbox 505 2949 554 3017; x_wconf 79' lang='grc' dir='ltr'><strong>τὰ</strong></span> <span class='ocrx_word' id='word_1_305' title='bbox 569 2953 796 3038; x_wconf 85' lang='grc' dir='ltr'><strong><em>πράγματα·</em></strong></span> <span class='ocrx_word' id='word_1_306' title='bbox 815 2947 887 3014; x_wconf 79' lang='grc' dir='ltr'><strong><em>εἶτα</em></strong></span> <span class='ocrx_word' id='word_1_307' title='bbox 902 2947 984 3032; x_wconf 78' lang='grc' dir='ltr'><strong><em>[ἐάν]</em></strong></span> <span class='ocrx_word' id='word_1_308' title='bbox 999 2948 1033 3013; x_wconf 79' lang='grc' dir='ltr'><strong>ἓν</strong></span> <span class='ocrx_word' id='word_1_309' title='bbox 1048 2960 1116 3013; x_wconf 82' lang='grc' dir='ltr'><strong>τῶν</strong></span> <span class='ocrx_word' id='word_1_310' title='bbox 1142 2951 1292 3014; x_wconf 84' lang='lat' dir='ltr'><strong>dietemm</strong></span> <span class='ocrx_word' id='word_1_311' title='bbox 1314 2954 1454 3028; x_wconf 87' lang='lat' dir='ltr'><strong>evenerit,</strong></span> <span class='ocrx_word' id='word_1_312' title='bbox 1477 2955 1673 3035; x_wconf 82' lang='lat' dir='ltr'><strong>extinguatur</strong></span> <span class='ocrx_word' id='word_1_313' title='bbox 1695 2954 1870 3016; x_wconf 88' lang='lat' dir='ltr'><strong>substitutio</strong></span> <span class='ocrx_word' id='word_1_314' title='bbox 1893 2954 1942 3017; x_wconf 90' lang='lat' dir='ltr'><strong>vel</strong></span> <span class='ocrx_word' id='word_1_315' title='bbox 1962 2954 2045 3016; x_wconf 88' lang='lat' dir='ltr'><strong>fidei-</strong></span> 
     </span>
     <span class='ocr_line' id='line_1_24' title="bbox 211 3056 2045 3145; baseline -0.001 -20"><span class='ocrx_word' id='word_1_316' title='bbox 211 3064 387 3145; x_wconf 73' lang='grc' dir='ltr'><strong><em>εἰρημένων</em></strong></span> <span class='ocrx_word' id='word_1_317' title='bbox 409 3060 589 3145; x_wconf 87' lang='grc' dir='ltr'><strong><em>πληρωθῇ,</em></strong></span> <span class='ocrx_word' id='word_1_318' title='bbox 613 3058 814 3144; x_wconf 82' lang='grc' dir='ltr'><strong><em>σβεννύσθω</em></strong></span> <span class='ocrx_word' id='word_1_319' title='bbox 839 3059 859 3134; x_wconf 84' lang='grc' dir='ltr'><strong><em>ή</em></strong></span> <span class='ocrx_word' id='word_1_320' title='bbox 880 3056 1114 3120; x_wconf 88' lang='grc' dir='ltr'><strong><em>ύποκιιτάστα-</em></strong></span> <span class='ocrx_word' id='word_1_321' title='bbox 1142 3061 1347 3122; x_wconf 86' lang='lat' dir='ltr'><strong>commissum:</strong></span> <span class='ocrx_word' id='word_1_322' title='bbox 1363 3081 1432 3122; x_wconf 91' lang='lat' dir='ltr'><strong>cum</strong></span> <span class='ocrx_word' id='word_1_323' title='bbox 1448 3070 1550 3123; x_wconf 87' lang='lat' dir='ltr'><strong>autem</strong></span> <span class='ocrx_word' id='word_1_324' title='bbox 1565 3061 1780 3141; x_wconf 89' lang='lat' dir='ltr'><strong>nihil(horum)</strong></span> <span class='ocrx_word' id='word_1_325' title='bbox 1795 3062 1946 3137; x_wconf 84' lang='lat' dir='ltr'><strong>acciderit,</strong></span> <span class='ocrx_word' id='word_1_326' title='bbox 1961 3062 2045 3123; x_wconf 92' lang='lat' dir='ltr'><strong>resti·</strong></span> 
     </span>
     <span class='ocr_line' id='line_1_25' title="bbox 211 3162 2044 3249; baseline -0.002 -17"><span class='ocrx_word' id='word_1_327' title='bbox 211 3191 263 3243; x_wconf 90' lang='grc' dir='ltr'><strong>σις</strong></span> <span class='ocrx_word' id='word_1_328' title='bbox 278 3171 351 3246; x_wconf 86' lang='grc' dir='ltr'><strong><em>ήτοι</em></strong></span> <span class='ocrx_word' id='word_1_329' title='bbox 368 3168 656 3245; x_wconf 82' lang='grc' dir='ltr'><strong><em>ἀποκατάστασις,</em></strong></span> <span class='ocrx_word' id='word_1_330' title='bbox 671 3162 809 3247; x_wconf 87' lang='grc' dir='ltr'><strong><em>μηδενὸς</em></strong></span> <span class='ocrx_word' id='word_1_331' title='bbox 825 3163 859 3227; x_wconf 82' lang='grc' dir='ltr'><strong>δὲ</strong></span> <span class='ocrx_word' id='word_1_332' title='bbox 875 3165 986 3227; x_wconf 82' lang='grc' dir='ltr'><strong><em>αὐτων</em></strong></span> <span class='ocrx_word' id='word_1_333' title='bbox 1001 3162 1114 3247; x_wconf 87' lang='grc' dir='ltr'><strong><em>προελ-</em></strong></span> <span class='ocrx_word' id='word_1_334' title='bbox 1142 3174 1269 3227; x_wconf 89' lang='lat' dir='ltr'><strong>tuantur</strong></span> <span class='ocrx_word' id='word_1_335' title='bbox 1281 3186 1337 3228; x_wconf 90' lang='lat' dir='ltr'><strong>res.</strong></span> <span class='ocrx_word' id='word_1_336' title='bbox 1375 3167 1513 3229; x_wconf 82' lang='lat' dir='ltr'><strong>similiter</strong></span> <span class='ocrx_word' id='word_1_337' title='bbox 1534 3177 1566 3229; x_wconf 94' lang='lat' dir='ltr'><strong>et</strong></span> <span class='ocrx_word' id='word_1_338' title='bbox 1580 3169 1605 3229; x_wconf 89' lang='lat' dir='ltr'><strong>si</strong></span> <span class='ocrx_word' id='word_1_339' title='bbox 1620 3177 1764 3231; x_wconf 85' lang='lat' dir='ltr'><strong>extraneo</strong></span> <span class='ocrx_word' id='word_1_340' title='bbox 1784 3167 1852 3249; x_wconf 88' lang='lat' dir='ltr'><strong>quis</strong></span> <span class='ocrx_word' id='word_1_341' title='bbox 1875 3169 1919 3230; x_wconf 92' lang='lat' dir='ltr'><strong>ita</strong></span> <span class='ocrx_word' id='word_1_342' title='bbox 1934 3166 2044 3230; x_wconf 87' lang='lat' dir='ltr'><strong>substi-</strong></span> 
     </span>
     <span class='ocr_line' id='line_1_26' title="bbox 211 3269 2043 3355; baseline 0 -18"><span class='ocrx_word' id='word_1_343' title='bbox 211 3277 348 3355; x_wconf 87' lang='grc' dir='ltr'><strong><em>θόντος,</em></strong></span> <span class='ocrx_word' id='word_1_344' title='bbox 373 3274 681 3338; x_wconf 88' lang='grc' dir='ltr'><strong><em>ἀποκαθιστάσθω</em></strong></span> <span class='ocrx_word' id='word_1_345' title='bbox 704 3269 748 3335; x_wconf 79' lang='lat' dir='ltr'><strong>rel</strong></span> <span class='ocrx_word' id='word_1_346' title='bbox 763 3272 955 3355; x_wconf 89' lang='grc' dir='ltr'><strong><em>πράγματα.</em></strong></span> <span class='ocrx_word' id='word_1_347' title='bbox 993 3271 1114 3352; x_wconf 82' lang='grc' dir='ltr'><strong><em>ὁμοίως</em></strong></span> <span class='ocrx_word' id='word_1_348' title='bbox 1142 3281 1227 3334; x_wconf 84' lang='lat' dir='ltr'><strong>tutrrs</strong></span> <span class='ocrx_word' id='word_1_349' title='bbox 1249 3273 1315 3335; x_wconf 86' lang='lat' dir='ltr'><strong>fuit</strong></span> <span class='ocrx_word' id='word_1_350' title='bbox 1973 3295 1997 3337; x_wconf 88' lang='lat' dir='ltr'><strong>c</strong></span> <span class='ocrx_word' id='word_1_351' title='bbox 2016 3278 2043 3337; x_wconf 93' lang='grc'><strong>7.</strong></span> 
     </span>
     <span class='ocr_line' id='line_1_27' title="bbox 209 3376 1113 3464; baseline -0.004 -20"><span class='ocrx_word' id='word_1_352' title='bbox 209 3379 275 3444; x_wconf 85' lang='grc' dir='ltr'><strong>κάν</strong></span> <span class='ocrx_word' id='word_1_353' title='bbox 297 3382 440 3464; x_wconf 79' lang='grc' dir='ltr'><strong><em>ὲξωτικῷ</em></strong></span> <span class='ocrx_word' id='word_1_354' title='bbox 463 3404 513 3454; x_wconf 89' lang='grc' dir='ltr'><strong>τις</strong></span> <span class='ocrx_word' id='word_1_355' title='bbox 537 3376 642 3453; x_wconf 87' lang='grc' dir='ltr'><strong><em>ούτως</em></strong></span> <span class='ocrx_word' id='word_1_356' title='bbox 666 3379 882 3454; x_wconf 77' lang='grc' dir='ltr'><strong><em>ύπεκατέστηι</em></strong></span> <span class='ocrx_word' id='word_1_357' title='bbox 898 3416 940 3427; x_wconf 94' lang='grc'><strong>-</strong></span> <span class='ocrx_word' id='word_1_358' title='bbox 991 3401 1016 3441; x_wconf 90' lang='lat' dir='ltr'><strong>c.</strong></span> <span class='ocrx_word' id='word_1_359' title='bbox 1034 3382 1051 3440; x_wconf 91' lang='grc'><strong>7</strong></span> <span class='ocrx_word' id='word_1_360' title='bbox 1068 3401 1113 3461; x_wconf 93' lang='lat' dir='ltr'><strong>pr.</strong></span> 
     </span>
    </p>

    <p class='ocr_par' dir='ltr' id='par_1_7' title="bbox 157 3502 2044 4441">
     <span class='ocr_line' id='line_1_28' title="bbox 157 3502 2043 3587; baseline 0 -19"><span class='ocrx_word' id='word_1_361' title='bbox 157 3514 173 3566; x_wconf 90' lang='lat'><strong>&#39;.</strong></span> <span class='ocrx_word' id='word_1_362' title='bbox 275 3505 350 3569; x_wconf 83' lang='grc' dir='ltr'><strong>Ἐάν</strong></span> <span class='ocrx_word' id='word_1_363' title='bbox 373 3529 423 3579; x_wconf 89' lang='grc' dir='ltr'><strong>τις</strong></span> <span class='ocrx_word' id='word_1_364' title='bbox 446 3504 611 3587; x_wconf 78' lang='grc' dir='ltr'><strong><em>ἐγκύμονα</em></strong></span> <span class='ocrx_word' id='word_1_365' title='bbox 633 3502 777 3587; x_wconf 85' lang='grc' dir='ltr'><strong><em>γαμετήν</em></strong></span> <span class='ocrx_word' id='word_1_366' title='bbox 804 3506 901 3583; x_wconf 84' lang='grc' dir='ltr'><strong><em>έχων,</em></strong></span> <span class='ocrx_word' id='word_1_367' title='bbox 930 3502 1035 3579; x_wconf 86' lang='grc' dir='ltr'><strong><em>αύτήν</em></strong></span> <span class='ocrx_word' id='word_1_368' title='bbox 1056 3504 1115 3585; x_wconf 74' lang='grc' dir='ltr'><strong>μέν</strong></span> <span class='ocrx_word' id='word_1_369' title='bbox 1208 3504 1241 3567; x_wconf 86' lang='lat' dir='ltr'><strong>Si</strong></span> <span class='ocrx_word' id='word_1_370' title='bbox 1263 3506 1330 3585; x_wconf 88' lang='lat' dir='ltr'><strong>quis</strong></span> <span class='ocrx_word' id='word_1_371' title='bbox 1352 3515 1549 3586; x_wconf 83' lang='lat' dir='ltr'><strong>praegnatem</strong></span> <span class='ocrx_word' id='word_1_372' title='bbox 1576 3527 1701 3569; x_wconf 86' lang='lat' dir='ltr'><strong>uxerem</strong></span> <span class='ocrx_word' id='word_1_373' title='bbox 1723 3506 1839 3568; x_wconf 83' lang='lat' dir='ltr'><strong>babens</strong></span> <span class='ocrx_word' id='word_1_374' title='bbox 1867 3507 1966 3587; x_wconf 91' lang='lat' dir='ltr'><strong>ipsam</strong></span> <span class='ocrx_word' id='word_1_375' title='bbox 1988 3527 2043 3587; x_wconf 92' lang='lat' dir='ltr'><strong>pre</strong></span> 
     </span>
     <span class='ocr_line' id='line_1_29' title="bbox 211 3608 2044 3698; baseline -0.001 -23"><span class='ocrx_word' id='word_1_376' title='bbox 211 3616 255 3686; x_wconf 83' lang='grc' dir='ltr'><strong>είς</strong></span> <span class='ocrx_word' id='word_1_377' title='bbox 282 3616 381 3694; x_wconf 87' lang='grc' dir='ltr'><strong><em>μέρος</em></strong></span> <span class='ocrx_word' id='word_1_378' title='bbox 407 3613 526 3698; x_wconf 83' lang='grc' dir='ltr'><strong><em>γράφη</em></strong></span> <span class='ocrx_word' id='word_1_379' title='bbox 553 3612 768 3696; x_wconf 88' lang='grc' dir='ltr'><strong><em>κληρονόμον,</em></strong></span> <span class='ocrx_word' id='word_1_380' title='bbox 801 3608 862 3674; x_wconf 86' lang='grc' dir='ltr'><strong>τόν</strong></span> <span class='ocrx_word' id='word_1_381' title='bbox 889 3609 923 3673; x_wconf 80' lang='grc' dir='ltr'><strong>δὲ</strong></span> <span class='ocrx_word' id='word_1_382' title='bbox 951 3610 986 3692; x_wconf 77' lang='grc' dir='ltr'><strong>ἐξ</strong></span> <span class='ocrx_word' id='word_1_383' title='bbox 1013 3611 1114 3686; x_wconf 80' lang='grc' dir='ltr'><strong><em>αὐτῆς</em></strong></span> <span class='ocrx_word' id='word_1_384' title='bbox 1141 3622 1228 3692; x_wconf 89' lang='lat' dir='ltr'><strong>parte</strong></span> <span class='ocrx_word' id='word_1_385' title='bbox 1250 3611 1403 3692; x_wconf 87' lang='lat' dir='ltr'><strong>scripserit</strong></span> <span class='ocrx_word' id='word_1_386' title='bbox 1424 3612 1577 3688; x_wconf 91' lang='lat' dir='ltr'><strong>heredem,</strong></span> <span class='ocrx_word' id='word_1_387' title='bbox 1609 3623 1783 3693; x_wconf 91' lang='lat' dir='ltr'><strong>postumum</strong></span> <span class='ocrx_word' id='word_1_388' title='bbox 1811 3623 1913 3676; x_wconf 91' lang='lat' dir='ltr'><strong>autem</strong></span> <span class='ocrx_word' id='word_1_389' title='bbox 1940 3633 1979 3675; x_wconf 85' lang='lat' dir='ltr'><strong>ex</strong></span> <span class='ocrx_word' id='word_1_390' title='bbox 2007 3633 2044 3674; x_wconf 90' lang='lat' dir='ltr'><strong>ea</strong></span> 
     </span>
     <span class='ocr_line' id='line_1_30' title="bbox 210 3717 2042 3805; baseline -0.001 -23"><span class='ocrx_word' id='word_1_391' title='bbox 210 3719 484 3805; x_wconf 89' lang='grc' dir='ltr'><strong><em>κυοφορούμενον</em></strong></span> <span class='ocrx_word' id='word_1_392' title='bbox 510 3722 554 3792; x_wconf 79' lang='grc' dir='ltr'><strong>εἰς</strong></span> <span class='ocrx_word' id='word_1_393' title='bbox 582 3717 621 3782; x_wconf 85' lang='grc' dir='ltr'><strong>τὸ</strong></span> <span class='ocrx_word' id='word_1_394' title='bbox 649 3717 831 3797; x_wconf 78' lang='grc' dir='ltr'><strong><em>ἐπίλοιπον,</em></strong></span> <span class='ocrx_word' id='word_1_395' title='bbox 859 3718 1050 3797; x_wconf 74' lang='grc' dir='ltr'><strong><em>ἐπαγαγών·</em></strong></span> <span class='ocrx_word' id='word_1_396' title='bbox 1084 3721 1113 3779; x_wconf 84' lang='grc' dir='ltr'><strong>εί</strong></span> <span class='ocrx_word' id='word_1_397' title='bbox 1142 3739 1180 3779; x_wconf 83' lang='lat' dir='ltr'><strong>ex</strong></span> <span class='ocrx_word' id='word_1_398' title='bbox 1206 3718 1331 3798; x_wconf 88' lang='lat' dir='ltr'><strong>reliquo,</strong></span> <span class='ocrx_word' id='word_1_399' title='bbox 1359 3719 1504 3781; x_wconf 85' lang='lat' dir='ltr'><strong>adiciens:</strong></span> <span class='ocrx_word' id='word_1_400' title='bbox 1536 3720 1612 3794; x_wconf 89' lang='lat' dir='ltr'><strong>„nisi</strong></span> <span class='ocrx_word' id='word_1_401' title='bbox 1638 3729 1730 3781; x_wconf 86' lang='lat' dir='ltr'><strong>natus</strong></span> <span class='ocrx_word' id='word_1_402' title='bbox 1757 3719 1848 3781; x_wconf 84' lang='lat' dir='ltr'><strong>fuerit</strong></span> <span class='ocrx_word' id='word_1_403' title='bbox 1875 3728 2042 3800; x_wconf 88' lang='lat' dir='ltr'><strong>postumus,</strong></span> 
     </span>
     <span class='ocr_line' id='line_1_31' title="bbox 211 3822 2043 3912; baseline -0.001 -24"><span class='ocrx_word' id='word_1_404' title='bbox 211 3826 249 3889; x_wconf 80' lang='grc' dir='ltr'><strong>δὲ</strong></span> <span class='ocrx_word' id='word_1_405' title='bbox 281 3824 328 3909; x_wconf 82' lang='grc' dir='ltr'><strong>μή</strong></span> <span class='ocrx_word' id='word_1_406' title='bbox 362 3826 490 3912; x_wconf 90' lang='grc' dir='ltr'><strong><em>τεχθῇ</em></strong></span> <span class='ocrx_word' id='word_1_407' title='bbox 522 3828 541 3888; x_wconf 89' lang='grc' dir='ltr'><strong><em>ό</em></strong></span> <span class='ocrx_word' id='word_1_408' title='bbox 578 3823 917 3910; x_wconf 87' lang='grc' dir='ltr'><strong><em>κυοφορούμενος,</em></strong></span> <span class='ocrx_word' id='word_1_409' title='bbox 955 3826 974 3886; x_wconf 89' lang='grc' dir='ltr'><strong><em>ό</em></strong></span> <span class='ocrx_word' id='word_1_410' title='bbox 1007 3822 1115 3886; x_wconf 89' lang='grc' dir='ltr'><strong><em>δεῖνα</em></strong></span> <span class='ocrx_word' id='word_1_411' title='bbox 1141 3822 1193 3886; x_wconf 94' lang='lat' dir='ltr'><strong>ille</strong></span> <span class='ocrx_word' id='word_1_412' title='bbox 1219 3824 1307 3886; x_wconf 89' lang='lat' dir='ltr'><strong>heres</strong></span> <span class='ocrx_word' id='word_1_413' title='bbox 1330 3832 1430 3898; x_wconf 85' lang='lat' dir='ltr'><strong>este“;</strong></span> <span class='ocrx_word' id='word_1_414' title='bbox 1462 3827 1488 3888; x_wconf 87' lang='lat' dir='ltr'><strong>si</strong></span> <span class='ocrx_word' id='word_1_415' title='bbox 1520 3834 1611 3888; x_wconf 90' lang='lat' dir='ltr'><strong>natus</strong></span> <span class='ocrx_word' id='word_1_416' title='bbox 1638 3847 1699 3888; x_wconf 93' lang='lat' dir='ltr'><strong>nen</strong></span> <span class='ocrx_word' id='word_1_417' title='bbox 1726 3826 1829 3900; x_wconf 78' lang='lat' dir='ltr'><strong>fuerit,</strong></span> <span class='ocrx_word' id='word_1_418' title='bbox 1866 3825 1952 3888; x_wconf 93' lang='lat' dir='ltr'><strong>loeus</strong></span> <span class='ocrx_word' id='word_1_419' title='bbox 1979 3835 2043 3887; x_wconf 90' lang='lat' dir='ltr'><strong>este</strong></span> 
     </span>
     <span class='ocr_line' id='line_1_32' title="bbox 210 3930 2042 4018; baseline -0.001 -22"><span class='ocrx_word' id='word_1_420' title='bbox 210 3936 307 3996; x_wconf 80' lang='grc' dir='ltr'><strong><em>ἔστω</em></strong></span> <span class='ocrx_word' id='word_1_421' title='bbox 325 3934 584 4018; x_wconf 90' lang='grc' dir='ltr'><strong><em>κληρονόμος,</em></strong></span> <span class='ocrx_word' id='word_1_422' title='bbox 609 3935 635 3995; x_wconf 82' lang='grc' dir='ltr'><strong>εἰ</strong></span> <span class='ocrx_word' id='word_1_423' title='bbox 649 3932 708 4013; x_wconf 75' lang='grc' dir='ltr'><strong>μέν</strong></span> <span class='ocrx_word' id='word_1_424' title='bbox 722 3930 765 4013; x_wconf 84' lang='grc' dir='ltr'><strong>μή·</strong></span> <span class='ocrx_word' id='word_1_425' title='bbox 783 3931 901 4017; x_wconf 87' lang='grc' dir='ltr'><strong><em>τεχθῇ,</em></strong></span> <span class='ocrx_word' id='word_1_426' title='bbox 914 3932 1014 4014; x_wconf 82' lang='grc' dir='ltr'><strong><em>χώρα</em></strong></span> <span class='ocrx_word' id='word_1_427' title='bbox 1029 3933 1114 3993; x_wconf 80' lang='grc' dir='ltr'><strong><em>ἔστω</em></strong></span> <span class='ocrx_word' id='word_1_428' title='bbox 1142 3931 1362 3993; x_wconf 90' lang='lat' dir='ltr'><strong>substitutioni:</strong></span> <span class='ocrx_word' id='word_1_429' title='bbox 1391 3933 1417 3994; x_wconf 90' lang='lat' dir='ltr'><strong>si</strong></span> <span class='ocrx_word' id='word_1_430' title='bbox 1443 3942 1533 3995; x_wconf 89' lang='lat' dir='ltr'><strong>natus</strong></span> <span class='ocrx_word' id='word_1_431' title='bbox 1562 3933 1683 4014; x_wconf 88' lang='lat' dir='ltr'><strong>quidem</strong></span> <span class='ocrx_word' id='word_1_432' title='bbox 1710 3932 1802 3993; x_wconf 80' lang='lat' dir='ltr'><strong>firerit</strong></span> <span class='ocrx_word' id='word_1_433' title='bbox 1828 3933 1881 3995; x_wconf 93' lang='lat' dir='ltr'><strong>sed</strong></span> <span class='ocrx_word' id='word_1_434' title='bbox 1904 3932 2042 4012; x_wconf 90' lang='lat' dir='ltr'><strong>impubes</strong></span> 
     </span>
     <span class='ocr_line' id='line_1_33' title="bbox 211 4037 2043 4126; baseline -0.002 -24"><span class='ocrx_word' id='word_1_435' title='bbox 211 4043 251 4126; x_wconf 89' lang='grc' dir='ltr'><strong>τῇ</strong></span> <span class='ocrx_word' id='word_1_436' title='bbox 274 4040 562 4103; x_wconf 88' lang='grc' dir='ltr'><strong><em>ύποκαταστάσει·</em></strong></span> <span class='ocrx_word' id='word_1_437' title='bbox 591 4043 617 4101; x_wconf 90' lang='grc' dir='ltr'><strong>εί</strong></span> <span class='ocrx_word' id='word_1_438' title='bbox 646 4037 680 4101; x_wconf 80' lang='grc' dir='ltr'><strong>δὲ</strong></span> <span class='ocrx_word' id='word_1_439' title='bbox 703 4040 826 4124; x_wconf 86' lang='grc' dir='ltr'><strong><em>τεχθῇ,</em></strong></span> <span class='ocrx_word' id='word_1_440' title='bbox 855 4037 980 4122; x_wconf 81' lang='grc' dir='ltr'><strong><em>ἀνηβος</em></strong></span> <span class='ocrx_word' id='word_1_441' title='bbox 1009 4038 1043 4101; x_wconf 78' lang='grc' dir='ltr'><strong>δὲ</strong></span> <span class='ocrx_word' id='word_1_442' title='bbox 1066 4060 1113 4101; x_wconf 84' lang='grc' dir='ltr'><strong>τε·</strong></span> <span class='ocrx_word' id='word_1_443' title='bbox 1142 4039 1300 4113; x_wconf 88' lang='lat' dir='ltr'><strong>meriatur,</strong></span> <span class='ocrx_word' id='word_1_444' title='bbox 1331 4040 1358 4100; x_wconf 91' lang='lat' dir='ltr'><strong>si</strong></span> <span class='ocrx_word' id='word_1_445' title='bbox 1385 4039 1486 4101; x_wconf 86' lang='lat' dir='ltr'><strong>adhuc</strong></span> <span class='ocrx_word' id='word_1_446' title='bbox 1512 4040 1589 4102; x_wconf 85' lang='lat' dir='ltr'><strong>vivit</strong></span> <span class='ocrx_word' id='word_1_447' title='bbox 1616 4050 1720 4114; x_wconf 88' lang='lat' dir='ltr'><strong>mater,</strong></span> <span class='ocrx_word' id='word_1_448' title='bbox 1752 4039 1820 4120; x_wconf 91' lang='lat' dir='ltr'><strong>ipsa</strong></span> <span class='ocrx_word' id='word_1_449' title='bbox 1846 4048 1876 4100; x_wconf 89' lang='lat' dir='ltr'><strong>et</strong></span> <span class='ocrx_word' id='word_1_450' title='bbox 1908 4039 1948 4101; x_wconf 87' lang='lat' dir='ltr'><strong>sd</strong></span> <span class='ocrx_word' id='word_1_451' title='bbox 1979 4039 2043 4100; x_wconf 92' lang='lat' dir='ltr'><strong>eius</strong></span> 
     </span>
     <span class='ocr_line' id='line_1_34' title="bbox 209 4142 2043 4231; baseline -0.001 -23"><span class='ocrx_word' id='word_1_452' title='bbox 209 4146 358 4231; x_wconf 86' lang='grc' dir='ltr'><strong><em>λευτήση,</em></strong></span> <span class='ocrx_word' id='word_1_453' title='bbox 375 4147 474 4229; x_wconf 78' lang='grc' dir='ltr'><strong><em>εἰμὲν</em></strong></span> <span class='ocrx_word' id='word_1_454' title='bbox 490 4148 654 4229; x_wconf 84' lang='grc' dir='ltr'><strong><em>περίεστιν</em></strong></span> <span class='ocrx_word' id='word_1_455' title='bbox 669 4148 688 4222; x_wconf 90' lang='grc' dir='ltr'><strong><em>ή</em></strong></span> <span class='ocrx_word' id='word_1_456' title='bbox 703 4145 821 4225; x_wconf 88' lang='grc' dir='ltr'><strong><em>μήτηρ,</em></strong></span> <span class='ocrx_word' id='word_1_457' title='bbox 838 4143 921 4221; x_wconf 83' lang='grc' dir='ltr'><strong><em>αύτή</em></strong></span> <span class='ocrx_word' id='word_1_458' title='bbox 941 4143 997 4208; x_wconf 79' lang='grc' dir='ltr'><strong><em>καί</em></strong></span> <span class='ocrx_word' id='word_1_459' title='bbox 1014 4149 1058 4218; x_wconf 85' lang='grc' dir='ltr'><strong>είς</strong></span> <span class='ocrx_word' id='word_1_460' title='bbox 1074 4142 1113 4208; x_wconf 84' lang='grc' dir='ltr'><strong>τὸ</strong></span> <span class='ocrx_word' id='word_1_461' title='bbox 1141 4153 1259 4225; x_wconf 89' lang='lat' dir='ltr'><strong>partem</strong></span> <span class='ocrx_word' id='word_1_462' title='bbox 1290 4154 1426 4220; x_wconf 79' lang='lat' dir='ltr'><strong>vocetur3</strong></span> <span class='ocrx_word' id='word_1_463' title='bbox 1459 4145 1541 4227; x_wconf 86' lang='lat' dir='ltr'><strong>qued</strong></span> <span class='ocrx_word' id='word_1_464' title='bbox 1571 4147 1596 4207; x_wconf 91' lang='lat' dir='ltr'><strong>si</strong></span> <span class='ocrx_word' id='word_1_465' title='bbox 1627 4166 1688 4207; x_wconf 94' lang='lat' dir='ltr'><strong>nen</strong></span> <span class='ocrx_word' id='word_1_466' title='bbox 1714 4146 1813 4219; x_wconf 82' lang='lat' dir='ltr'><strong>vivat,</strong></span> <span class='ocrx_word' id='word_1_467' title='bbox 1843 4166 1947 4208; x_wconf 89' lang='lat' dir='ltr'><strong>rursus</strong></span> <span class='ocrx_word' id='word_1_468' title='bbox 1974 4145 2043 4207; x_wconf 87' lang='lat' dir='ltr'><strong>sub</strong></span> 
     </span>
     <span class='ocr_line' id='line_1_35' title="bbox 211 4249 2042 4336; baseline -0.003 -18"><span class='ocrx_word' id='word_1_469' title='bbox 211 4252 333 4318; x_wconf 76' lang='lat' dir='ltr'><strong>rosires</strong></span> <span class='ocrx_word' id='word_1_470' title='bbox 354 4256 453 4336; x_wconf 76' lang='grc' dir='ltr'><strong><em>μέρος</em></strong></span> <span class='ocrx_word' id='word_1_471' title='bbox 475 4252 658 4332; x_wconf 90' lang='grc' dir='ltr'><strong><em>καλείσθω,</em></strong></span> <span class='ocrx_word' id='word_1_472' title='bbox 681 4249 725 4333; x_wconf 82' lang='grc' dir='ltr'><strong>μή</strong></span> <span class='ocrx_word' id='word_1_473' title='bbox 749 4250 924 4334; x_wconf 86' lang='grc' dir='ltr'><strong><em>περιούσης</em></strong></span> <span class='ocrx_word' id='word_1_474' title='bbox 949 4251 983 4315; x_wconf 80' lang='grc' dir='ltr'><strong>δὲ</strong></span> <span class='ocrx_word' id='word_1_475' title='bbox 1003 4252 1112 4332; x_wconf 79' lang='grc' dir='ltr'><strong><em>αὐτῆς,</em></strong></span> <span class='ocrx_word' id='word_1_476' title='bbox 1142 4252 1265 4314; x_wconf 86' lang='lat' dir='ltr'><strong>stitutus</strong></span> <span class='ocrx_word' id='word_1_477' title='bbox 1288 4250 1339 4332; x_wconf 86' lang='lat' dir='ltr'><strong>(ad</strong></span> <span class='ocrx_word' id='word_1_478' title='bbox 1362 4252 1593 4334; x_wconf 88' lang='lat' dir='ltr'><strong>successionem)</strong></span> <span class='ocrx_word' id='word_1_479' title='bbox 1615 4253 1727 4315; x_wconf 80' lang='lat' dir='ltr'><strong>veniat.</strong></span> <span class='ocrx_word' id='word_1_480' title='bbox 1950 4274 1974 4314; x_wconf 91' lang='lat' dir='ltr'><strong>e.</strong></span> <span class='ocrx_word' id='word_1_481' title='bbox 1993 4255 2042 4314; x_wconf 86' lang='lat'><strong>10.</strong></span> 
     </span>
     <span class='ocr_line' id='line_1_36' title="bbox 211 4356 1112 4441; baseline -0.006 -17"><span class='ocrx_word' id='word_1_482' title='bbox 211 4361 310 4425; x_wconf 89' lang='grc' dir='ltr'><strong><em>πάλιν</em></strong></span> <span class='ocrx_word' id='word_1_483' title='bbox 332 4363 351 4424; x_wconf 92' lang='grc' dir='ltr'><strong><em>ό</em></strong></span> <span class='ocrx_word' id='word_1_484' title='bbox 375 4361 656 4432; x_wconf 86' lang='grc' dir='ltr'><strong><em>ύποκατάστατος</em></strong></span> <span class='ocrx_word' id='word_1_485' title='bbox 678 4358 846 4441; x_wconf 71' lang='grc' dir='ltr'><strong><em>ἐρχέσθω</em></strong></span> <span class='ocrx_word' id='word_1_486' title='bbox 863 4356 925 4405; x_wconf 85' lang='lat'><strong>—¹</strong></span> <span class='ocrx_word' id='word_1_487' title='bbox 974 4380 999 4420; x_wconf 88' lang='lat' dir='ltr'><strong>c.</strong></span> <span class='ocrx_word' id='word_1_488' title='bbox 1018 4362 1057 4422; x_wconf 86' lang='grc'><strong>10</strong></span> <span class='ocrx_word' id='word_1_489' title='bbox 1074 4359 1112 4421; x_wconf 95' lang='lat' dir='ltr'><strong>ib.</strong></span> 
     </span>
    </p>
   </div>
   <div class='ocr_carea' id='block_1_6' title="bbox 39 4570 2199 4754">
    <p class='ocr_par' dir='ltr' id='par_1_8' title="bbox 39 4570 2199 4754">
     <span class='ocr_line' id='line_1_37' title="bbox 39 4570 2199 4658; baseline -0.008 -14"><span class='ocrx_word' id='word_1_490' title='bbox 39 4589 90 4658; x_wconf 76' lang='lat' dir='ltr'><strong>sol.</strong></span> <span class='ocrx_word' id='word_1_491' title='bbox 104 4594 172 4644; x_wconf 79' lang='lat'><strong>228¹.</strong></span> <span class='ocrx_word' id='word_1_492' title='bbox 210 4570 296 4637; x_wconf 82' lang='grc' dir='ltr'><strong>ἀλλά</strong></span> <span class='ocrx_word' id='word_1_493' title='bbox 319 4574 395 4636; x_wconf 90' lang='grc' dir='ltr'><strong><em>τότε</em></strong></span> <span class='ocrx_word' id='word_1_494' title='bbox 417 4575 529 4655; x_wconf 89' lang='grc' dir='ltr'><strong><em>μόνον,</em></strong></span> <span class='ocrx_word' id='word_1_495' title='bbox 553 4570 608 4636; x_wconf 79' lang='grc' dir='ltr'><strong>ὅτε</strong></span> <span class='ocrx_word' id='word_1_496' title='bbox 631 4572 780 4656; x_wconf 72' lang='grc' dir='ltr'><strong><em>ἑκάτεροι</em></strong></span> <span class='ocrx_word' id='word_1_497' title='bbox 805 4571 1053 4648; x_wconf 77' lang='grc' dir='ltr'><strong><em>τελευτήσωσινι</em></strong></span> <span class='ocrx_word' id='word_1_498' title='bbox 1071 4609 1112 4619; x_wconf 96' lang='grc'><strong>-</strong></span> <span class='ocrx_word' id='word_1_499' title='bbox 1141 4572 1194 4634; x_wconf 89' lang='lat' dir='ltr'><strong>sed</strong></span> <span class='ocrx_word' id='word_1_500' title='bbox 1217 4581 1291 4635; x_wconf 88' lang='lat' dir='ltr'><strong>tunc</strong></span> <span class='ocrx_word' id='word_1_501' title='bbox 1313 4573 1420 4647; x_wconf 91' lang='lat' dir='ltr'><strong>selum,</strong></span> <span class='ocrx_word' id='word_1_502' title='bbox 1444 4594 1513 4635; x_wconf 91' lang='lat' dir='ltr'><strong>cum</strong></span> <span class='ocrx_word' id='word_1_503' title='bbox 1537 4581 1662 4655; x_wconf 87' lang='lat' dir='ltr'><strong>uterque</strong></span> <span class='ocrx_word' id='word_1_504' title='bbox 1683 4573 1852 4636; x_wconf 86' lang='lat' dir='ltr'><strong>decesserit</strong></span> <span class='ocrx_word' id='word_1_505' title='bbox 2078 4583 2199 4654; x_wconf 53' lang='lat' dir='ltr'><strong>[qurum</strong></span> 
     </span>
     <span class='ocr_line' id='line_1_38' title="bbox 61 4656 2186 4754; baseline -0.017 22"><span class='ocrx_word' id='word_1_506' title='bbox 61 4661 173 4731; x_wconf 67' lang='lat' dir='ltr'><strong>pu...</strong></span> <span class='ocrx_word' id='word_1_507' title='bbox 829 4677 1112 4753; x_wconf 63' lang='lat' dir='ltr'><strong>meo-vieo</strong></span> <span class='ocrx_word' id='word_1_508' title='bbox 1786 4679 2043 4754; x_wconf 65' lang='lat' dir='ltr'><strong>..rocem</strong></span> <span class='ocrx_word' id='word_1_509' title='bbox 2091 4656 2186 4725; x_wconf 66' lang='lat' dir='ltr'><strong>xm]</strong></span> 
     </span>
    </p>
   </div>
   <div class='ocr_carea' id='block_1_7' title="bbox 66 4750 2043 4896">
    <p class='ocr_par' dir='ltr' id='par_1_9' title="bbox 66 4750 2043 4896">
     <span class='ocr_line' id='line_1_39' title="bbox 66 4750 2043 4896; baseline 0.029 -23"><span class='ocrx_word' id='word_1_510' title='bbox 66 4750 167 4873; x_wconf 58' lang='lat' dir='ltr'><strong>iiiii]</strong></span> <span class='ocrx_word' id='word_1_511' title='bbox 275 4801 350 4867; x_wconf 72' lang='grc' dir='ltr'><strong>ἐει</strong></span> <span class='ocrx_word' id='word_1_512' title='bbox 381 4805 558 4887; x_wconf 58' lang='lat' dir='ltr'><strong>refrenor</strong></span> <span class='ocrx_word' id='word_1_513' title='bbox 591 4802 690 4890; x_wconf 76' lang='grc' dir='ltr'><strong><em>εούλσ</em></strong></span> <span class='ocrx_word' id='word_1_514' title='bbox 723 4811 784 4866; x_wconf 71' lang='grc' dir='ltr'><strong>τοῦ</strong></span> <span class='ocrx_word' id='word_1_515' title='bbox 821 4807 1114 4896; x_wconf 52' lang='grc' dir='ltr'><strong>ἐπαινουμένου</strong></span> <span class='ocrx_word' id='word_1_516' title='bbox 1208 4803 1630 4886; x_wconf 60' lang='lat' dir='ltr'><strong>Simi⁰1⁸¹¹⁰¹¹¹⁰⁰1³¹¹pss¹³</strong></span> <span class='ocrx_word' id='word_1_517' title='bbox 1653 4807 1830 4868; x_wconf 62' lang='lat'><strong>⁰⁰¹¹³¹¹¹¹⁰⁸¹¹⁸</strong></span> <span class='ocrx_word' id='word_1_518' title='bbox 1858 4806 1899 4868; x_wconf 57' lang='lat' dir='ltr'><strong>lt</strong></span> <span class='ocrx_word' id='word_1_519' title='bbox 1920 4806 1952 4867; x_wconf 67' lang='lat'><strong>³¹¹</strong></span> <span class='ocrx_word' id='word_1_520' title='bbox 1975 4826 2043 4867; x_wconf 73' lang='lat'>‘²⁰¹¹&#39;</span> 
     </span>
    </p>
   </div>
   <div class='ocr_carea' id='block_1_8' title="bbox 209 4896 2078 5530">
    <p class='ocr_par' dir='ltr' id='par_1_10' title="bbox 209 4896 2078 5530">
     <span class='ocr_line' id='line_1_40' title="bbox 210 4896 2043 4996; baseline -0.001 -23"><span class='ocrx_word' id='word_1_521' title='bbox 210 4911 377 4996; x_wconf 77' lang='grc' dir='ltr'><strong><em>συναφθῇ</em></strong></span> <span class='ocrx_word' id='word_1_522' title='bbox 394 4910 500 4987; x_wconf 76' lang='grc' dir='ltr'><strong><em>δῆθεν</em></strong></span> <span class='ocrx_word' id='word_1_523' title='bbox 516 4907 599 4991; x_wconf 87' lang='grc' dir='ltr'><strong><em>πρός</em></strong></span> <span class='ocrx_word' id='word_1_524' title='bbox 614 4896 807 4991; x_wconf 52' lang='grc' dir='ltr'><strong><em>γάμον,’καὶ</em></strong></span> <span class='ocrx_word' id='word_1_525' title='bbox 823 4909 980 4973; x_wconf 78' lang='grc' dir='ltr'><strong><em>τελευτῶν</em></strong></span> <span class='ocrx_word' id='word_1_526' title='bbox 994 4911 1113 4996; x_wconf 84' lang='grc' dir='ltr'><strong><em>γράφη</em></strong></span> <span class='ocrx_word' id='word_1_527' title='bbox 1141 4912 1279 4975; x_wconf 88' lang='lat' dir='ltr'><strong>tubernio</strong></span> <span class='ocrx_word' id='word_1_528' title='bbox 1303 4921 1334 4974; x_wconf 91' lang='lat' dir='ltr'><strong>et</strong></span> <span class='ocrx_word' id='word_1_529' title='bbox 1355 4914 1484 4974; x_wconf 89' lang='lat' dir='ltr'><strong>moriens</strong></span> <span class='ocrx_word' id='word_1_530' title='bbox 1507 4913 1658 4993; x_wconf 85' lang='lat' dir='ltr'><strong>scripserit</strong></span> <span class='ocrx_word' id='word_1_531' title='bbox 1679 4932 1748 4974; x_wconf 90' lang='lat' dir='ltr'><strong>eam</strong></span> <span class='ocrx_word' id='word_1_532' title='bbox 1770 4913 1918 4986; x_wconf 90' lang='lat' dir='ltr'><strong>heredem,</strong></span> <span class='ocrx_word' id='word_1_533' title='bbox 1946 4931 2043 4992; x_wconf 90' lang='lat' dir='ltr'><strong>neque</strong></span> 
     </span>
     <span class='ocr_line' id='line_1_41' title="bbox 210 5014 2043 5101; baseline -0.001 -22"><span class='ocrx_word' id='word_1_534' title='bbox 210 5015 314 5094; x_wconf 79' lang='grc' dir='ltr'><strong><em>αὐτὴν</em></strong></span> <span class='ocrx_word' id='word_1_535' title='bbox 340 5018 562 5101; x_wconf 90' lang='grc' dir='ltr'><strong><em>κληρονόμον,</em></strong></span> <span class='ocrx_word' id='word_1_536' title='bbox 590 5016 665 5079; x_wconf 81' lang='grc' dir='ltr'><strong><em>οὐδὲ</em></strong></span> <span class='ocrx_word' id='word_1_537' title='bbox 688 5026 746 5092; x_wconf 77' lang='grc' dir='ltr'><strong>τῆς</strong></span> <span class='ocrx_word' id='word_1_538' title='bbox 771 5014 964 5089; x_wconf 87' lang='grc' dir='ltr'><strong><em>δεσποτείας</em></strong></span> <span class='ocrx_word' id='word_1_539' title='bbox 991 5016 1114 5092; x_wconf 88' lang='grc' dir='ltr'><strong><em>ταύτης</em></strong></span> <span class='ocrx_word' id='word_1_540' title='bbox 1140 5019 1230 5081; x_wconf 88' lang='lat' dir='ltr'><strong>huius</strong></span> <span class='ocrx_word' id='word_1_541' title='bbox 1258 5019 1423 5081; x_wconf 89' lang='lat' dir='ltr'><strong>dominium</strong></span> <span class='ocrx_word' id='word_1_542' title='bbox 1450 5018 1567 5100; x_wconf 89' lang='lat' dir='ltr'><strong>pupillo</strong></span> <span class='ocrx_word' id='word_1_543' title='bbox 1595 5019 1722 5093; x_wconf 91' lang='lat' dir='ltr'><strong>ademit,</strong></span> <span class='ocrx_word' id='word_1_544' title='bbox 1749 5040 1784 5081; x_wconf 94' lang='lat' dir='ltr'><strong>eo</strong></span> <span class='ocrx_word' id='word_1_545' title='bbox 1811 5019 1898 5100; x_wconf 89' lang='lat' dir='ltr'><strong>qued</strong></span> <span class='ocrx_word' id='word_1_546' title='bbox 1922 5039 1989 5080; x_wconf 85' lang='lat' dir='ltr'><strong>eam</strong></span> <span class='ocrx_word' id='word_1_547' title='bbox 2012 5019 2043 5078; x_wconf 92' lang='lat' dir='ltr'><strong>in</strong></span> 
     </span>
     <span class='ocr_line' id='line_1_42' title="bbox 209 5114 2078 5207; baseline 0.001 -22"><span class='ocrx_word' id='word_1_548' title='bbox 209 5124 391 5206; x_wconf 85' lang='grc' dir='ltr'><strong><em>ἀποστερεῖ</em></strong></span> <span class='ocrx_word' id='word_1_549' title='bbox 418 5120 479 5187; x_wconf 87' lang='grc' dir='ltr'><strong>τόν</strong></span> <span class='ocrx_word' id='word_1_550' title='bbox 510 5123 804 5207; x_wconf 81' lang='grc' dir='ltr'><strong><em>ἐπιτροπευόμενον</em></strong></span> <span class='ocrx_word' id='word_1_551' title='bbox 835 5126 871 5185; x_wconf 80' lang='grc' dir='ltr'><strong>ἐκ</strong></span> <span class='ocrx_word' id='word_1_552' title='bbox 908 5131 970 5186; x_wconf 82' lang='grc' dir='ltr'><strong>τοῦ</strong></span> <span class='ocrx_word' id='word_1_553' title='bbox 1000 5122 1114 5206; x_wconf 80' lang='grc' dir='ltr'><strong><em>λαβεῖν</em></strong></span> <span class='ocrx_word' id='word_1_554' title='bbox 1141 5125 1336 5188; x_wconf 91' lang='lat' dir='ltr'><strong>contubernio</strong></span> <span class='ocrx_word' id='word_1_555' title='bbox 1368 5127 1540 5207; x_wconf 80' lang='lat' dir='ltr'><strong>assumpsit,</strong></span> <span class='ocrx_word' id='word_1_556' title='bbox 1573 5146 1671 5206; x_wconf 90' lang='lat' dir='ltr'><strong>neque</strong></span> <span class='ocrx_word' id='word_1_557' title='bbox 1701 5126 1733 5186; x_wconf 92' lang='lat' dir='ltr'><strong>in</strong></span> <span class='ocrx_word' id='word_1_558' title='bbox 1760 5134 1942 5188; x_wconf 87' lang='lat' dir='ltr'><strong>testamento</strong></span> <span class='ocrx_word' id='word_1_559' title='bbox 1974 5145 2041 5186; x_wconf 90' lang='lat' dir='ltr'><strong>eam</strong></span> <span class='ocrx_word' id='word_1_560' title='bbox 2076 5114 2078 5118; x_wconf 11' lang='grc' dir='ltr'><em>Α</em></span> 
     </span>
     <span class='ocr_line' id='line_1_43' title="bbox 210 5227 2043 5315; baseline 0 -23"><span class='ocrx_word' id='word_1_561' title='bbox 210 5229 313 5307; x_wconf 81' lang='grc' dir='ltr'><strong><em>αὐτήν</em></strong></span> <span class='ocrx_word' id='word_1_562' title='bbox 336 5227 419 5315; x_wconf 84' lang='grc' dir='ltr'><strong><em>πρὸς</em></strong></span> <span class='ocrx_word' id='word_1_563' title='bbox 441 5231 550 5313; x_wconf 89' lang='grc' dir='ltr'><strong><em>γάμον</em></strong></span> <span class='ocrx_word' id='word_1_564' title='bbox 572 5229 644 5293; x_wconf 82' lang='grc' dir='ltr'><strong><em>ἀλλ’</em></strong></span> <span class='ocrx_word' id='word_1_565' title='bbox 666 5228 741 5292; x_wconf 80' lang='grc' dir='ltr'><strong><em>οὐδὲ</em></strong></span> <span class='ocrx_word' id='word_1_566' title='bbox 757 5233 791 5291; x_wconf 85' lang='grc' dir='ltr'><strong>έν</strong></span> <span class='ocrx_word' id='word_1_567' title='bbox 806 5229 958 5314; x_wconf 84' lang='grc' dir='ltr'><strong><em>διαθήκη</em></strong></span> <span class='ocrx_word' id='word_1_568' title='bbox 972 5230 1113 5315; x_wconf 81' lang='grc' dir='ltr'><strong><em>γράψας</em></strong></span> <span class='ocrx_word' id='word_1_569' title='bbox 1139 5233 1280 5295; x_wconf 88' lang='lat' dir='ltr'><strong>heredem</strong></span> <span class='ocrx_word' id='word_1_570' title='bbox 1294 5233 1426 5295; x_wconf 89' lang='lat' dir='ltr'><strong>scribens</strong></span> <span class='ocrx_word' id='word_1_571' title='bbox 1442 5232 1569 5294; x_wconf 88' lang='lat' dir='ltr'><strong>liberam</strong></span> <span class='ocrx_word' id='word_1_572' title='bbox 1583 5253 1650 5294; x_wconf 85' lang='lat' dir='ltr'><strong>carn</strong></span> <span class='ocrx_word' id='word_1_573' title='bbox 1668 5232 1752 5307; x_wconf 87' lang='lat' dir='ltr'><strong>fecit;</strong></span> <span class='ocrx_word' id='word_1_574' title='bbox 1778 5232 1830 5294; x_wconf 89' lang='lat' dir='ltr'><strong>sed</strong></span> <span class='ocrx_word' id='word_1_575' title='bbox 1846 5233 1936 5313; x_wconf 80' lang='lat' dir='ltr'><strong>(ipsa)</strong></span> <span class='ocrx_word' id='word_1_576' title='bbox 1952 5231 2043 5292; x_wconf 91' lang='lat' dir='ltr'><strong>debet</strong></span> 
     </span>
     <span class='ocr_line' id='line_1_44' title="bbox 209 5333 2041 5421; baseline 0 -22"><span class='ocrx_word' id='word_1_577' title='bbox 209 5335 313 5413; x_wconf 80' lang='grc' dir='ltr'><strong><em>αὐτὴν</em></strong></span> <span class='ocrx_word' id='word_1_578' title='bbox 350 5337 558 5421; x_wconf 88' lang='grc' dir='ltr'><strong><em>κληρονόμον</em></strong></span> <span class='ocrx_word' id='word_1_579' title='bbox 595 5336 777 5419; x_wconf 78' lang='grc' dir='ltr'><strong><em>ἐλευθέραν</em></strong></span> <span class='ocrx_word' id='word_1_580' title='bbox 810 5333 915 5413; x_wconf 81' lang='grc' dir='ltr'><strong><em>αὐτὴν</em></strong></span> <span class='ocrx_word' id='word_1_581' title='bbox 952 5338 1111 5415; x_wconf 77' lang='grc' dir='ltr'><strong><em>ἐποίησεν,</em></strong></span> <span class='ocrx_word' id='word_1_582' title='bbox 1140 5340 1224 5401; x_wconf 90' lang='lat' dir='ltr'><strong>iussu</strong></span> <span class='ocrx_word' id='word_1_583' title='bbox 1250 5339 1362 5421; x_wconf 91' lang='lat' dir='ltr'><strong>pupilli</strong></span> <span class='ocrx_word' id='word_1_584' title='bbox 1389 5340 1526 5421; x_wconf 84' lang='lat' dir='ltr'><strong>accipere</strong></span> <span class='ocrx_word' id='word_1_585' title='bbox 1552 5349 1583 5402; x_wconf 90' lang='lat' dir='ltr'><strong>et</strong></span> <span class='ocrx_word' id='word_1_586' title='bbox 1605 5338 1764 5421; x_wconf 87' lang='lat' dir='ltr'><strong>adquirere</strong></span> <span class='ocrx_word' id='word_1_587' title='bbox 1786 5339 1813 5400; x_wconf 92' lang='lat' dir='ltr'><strong>ei</strong></span> <span class='ocrx_word' id='word_1_588' title='bbox 1835 5338 2041 5400; x_wconf 87' lang='lat' dir='ltr'><strong>hereditatem.</strong></span> 
     </span>
     <span class='ocr_line' id='line_1_45' title="bbox 209 5439 2041 5530; baseline -0.001 -24"><span class='ocrx_word' id='word_1_589' title='bbox 209 5443 280 5506; x_wconf 86' lang='grc' dir='ltr'><strong><em>ἀλλ’</em></strong></span> <span class='ocrx_word' id='word_1_590' title='bbox 307 5445 428 5530; x_wconf 84' lang='grc' dir='ltr'><strong><em>ὀφείλει</em></strong></span> <span class='ocrx_word' id='word_1_591' title='bbox 444 5442 584 5507; x_wconf 86' lang='grc' dir='ltr'><strong><em>κελεύσει</em></strong></span> <span class='ocrx_word' id='word_1_592' title='bbox 601 5452 662 5506; x_wconf 79' lang='grc' dir='ltr'><strong><em>τοι]</em></strong></span> <span class='ocrx_word' id='word_1_593' title='bbox 679 5439 993 5527; x_wconf 69' lang='grc' dir='ltr'><strong>ἐπιτροπευομένου8</strong></span> <span class='ocrx_word' id='word_1_594' title='bbox 1009 5465 1112 5506; x_wconf 85' lang='grc' dir='ltr'><strong><em>κατα·</em></strong></span> <span class='ocrx_word' id='word_1_595' title='bbox 1807 5466 1832 5507; x_wconf 90' lang='lat' dir='ltr'><strong>c.</strong></span> <span class='ocrx_word' id='word_1_596' title='bbox 1849 5449 1878 5509; x_wconf 88' lang='lat'><strong>3.</strong></span> <span class='ocrx_word' id='word_1_597' title='bbox 1893 5444 1927 5508; x_wconf 82' lang='lat' dir='ltr'><strong>O.</strong></span> <span class='ocrx_word' id='word_1_598' title='bbox 1945 5449 1973 5520; x_wconf 85' lang='grc'><strong><em>6,</em></strong></span> <span class='ocrx_word' id='word_1_599' title='bbox 1991 5447 2041 5506; x_wconf 91' lang='grc'><strong>27.</strong></span> 
     </span>
    </p>
   </div>
   <div class='ocr_carea' id='block_1_9' title="bbox 205 5547 1112 5747">
    <p class='ocr_par' dir='ltr' id='par_1_11' title="bbox 205 5547 1112 5747">
     <span class='ocr_line' id='line_1_46' title="bbox 209 5547 1112 5636; baseline -0.001 -23"><span class='ocrx_word' id='word_1_600' title='bbox 209 5548 378 5632; x_wconf 81' lang='grc' dir='ltr'><strong><em>δέξασθαι</em></strong></span> <span class='ocrx_word' id='word_1_601' title='bbox 406 5548 463 5613; x_wconf 77' lang='grc' dir='ltr'><strong><em>καὶ</em></strong></span> <span class='ocrx_word' id='word_1_602' title='bbox 492 5550 719 5636; x_wconf 89' lang='grc' dir='ltr'><strong><em>προσπορίσαι</em></strong></span> <span class='ocrx_word' id='word_1_603' title='bbox 748 5550 841 5631; x_wconf 74' lang='grc' dir='ltr'><strong><em>αὐτῷ</em></strong></span> <span class='ocrx_word' id='word_1_604' title='bbox 872 5547 933 5626; x_wconf 80' lang='grc' dir='ltr'><strong>τήν</strong></span> <span class='ocrx_word' id='word_1_605' title='bbox 955 5549 1112 5633; x_wconf 89' lang='grc' dir='ltr'><strong><em>κληρονο-</em></strong></span> 
     </span>
     <span class='ocr_line' id='line_1_47' title="bbox 205 5656 1111 5747; baseline 0 -29"><span class='ocrx_word' id='word_1_606' title='bbox 205 5657 300 5747; x_wconf 80' lang='grc' dir='ltr'><strong><em>μίανι</em></strong></span> <span class='ocrx_word' id='word_1_607' title='bbox 317 5696 359 5705; x_wconf 91' lang='lat'>-</span> <span class='ocrx_word' id='word_1_608' title='bbox 850 5679 874 5719; x_wconf 90' lang='lat' dir='ltr'><strong>c.</strong></span> <span class='ocrx_word' id='word_1_609' title='bbox 892 5659 920 5718; x_wconf 87' lang='grc'><strong>3.</strong></span> <span class='ocrx_word' id='word_1_610' title='bbox 936 5656 969 5720; x_wconf 84' lang='lat' dir='ltr'><strong>O.</strong></span> <span class='ocrx_word' id='word_1_611' title='bbox 985 5656 1043 5732; x_wconf 93' lang='lat' dir='ltr'><strong>VI,</strong></span> <span class='ocrx_word' id='word_1_612' title='bbox 1061 5660 1111 5719; x_wconf 82' lang='lat'><strong>27.</strong></span> 
     </span>
    </p>
   </div>
   <div class='ocr_carea' id='block_1_10' title="bbox 268 5880 1110 6152">
    <p class='ocr_par' dir='ltr' id='par_1_12' title="bbox 268 5880 1110 6152">
     <span class='ocr_line' id='line_1_48' title="bbox 281 5880 1110 5994; baseline 0 -17"><span class='ocrx_word' id='word_1_613' title='bbox 281 5923 289 5956; x_wconf 90' lang='lat'><strong>¹</strong></span> <span class='ocrx_word' id='word_1_614' title='bbox 308 5923 372 5977; x_wconf 88' lang='lat' dir='ltr'><strong>hab.</strong></span> <span class='ocrx_word' id='word_1_615' title='bbox 392 5880 459 5994; x_wconf 83' lang='lat' dir='ltr'><strong>Syn.</strong></span> <span class='ocrx_word' id='word_1_616' title='bbox 536 5921 547 5953; x_wconf 78' lang='lat'>⁸</span> <span class='ocrx_word' id='word_1_617' title='bbox 566 5921 700 5977; x_wconf 86' lang='lat' dir='ltr'><strong>Similiter</strong></span> <span class='ocrx_word' id='word_1_618' title='bbox 721 5922 790 5993; x_wconf 84' lang='lat' dir='ltr'><strong>Epa.</strong></span> <span class='ocrx_word' id='word_1_619' title='bbox 814 5928 897 5977; x_wconf 80' lang='lat' dir='ltr'><strong>aucta</strong></span> <span class='ocrx_word' id='word_1_620' title='bbox 919 5923 1044 5989; x_wconf 88' lang='lat' dir='ltr'>XXXV,</span> <span class='ocrx_word' id='word_1_621' title='bbox 1068 5927 1110 5977; x_wconf 81' lang='lat'><strong>31.</strong></span> 
     </span>
     <span class='ocr_line' id='line_1_49' title="bbox 278 6010 831 6086; baseline -0.005 -18"><span class='ocrx_word' id='word_1_622' title='bbox 278 6012 290 6043; x_wconf 83' lang='lat'>⁸</span> <span class='ocrx_word' id='word_1_623' title='bbox 308 6011 376 6068; x_wconf 83' lang='lat' dir='ltr'><strong>Oed.</strong></span> <span class='ocrx_word' id='word_1_624' title='bbox 394 6014 518 6067; x_wconf 67' lang='lat' dir='ltr'><strong>asinione</strong></span> <span class='ocrx_word' id='word_1_625' title='bbox 536 6013 572 6081; x_wconf 85' lang='grc' dir='ltr'><strong>τῷ</strong></span> <span class='ocrx_word' id='word_1_626' title='bbox 591 6010 831 6086; x_wconf 76' lang='grc' dir='ltr'><strong><em>όπιτροπευομύνῳ.</em></strong></span> 
     </span>
     <span class='ocr_line' id='line_1_50' title="bbox 268 6109 448 6152; baseline 0.006 -2"><span class='ocrx_word' id='word_1_627' title='bbox 268 6109 335 6151; x_wconf 76' lang='lat' dir='ltr'><strong>saell.</strong></span> <span class='ocrx_word' id='word_1_628' title='bbox 360 6111 385 6152; x_wconf 90' lang='lat' dir='ltr'><strong>T.</strong></span> <span class='ocrx_word' id='word_1_629' title='bbox 397 6110 448 6151; x_wconf 86' lang='lat' dir='ltr'><strong>Vll.</strong></span> 
     </span>
    </p>
   </div>
   <div class='ocr_carea' id='block_1_11' title="bbox 0 0 2426 7014">
    <p class='ocr_par' dir='ltr' id='par_1_13' title="bbox 0 0 2426 7014">
     <span class='ocr_line' id='line_1_51' title="bbox 0 0 2426 7014; baseline 0 0"><span class='ocrx_word' id='word_1_630' title='bbox 0 0 2426 7014; x_wconf 95' lang='lat' dir='ltr'><strong> </strong></span> 
     </span>
    </p>
   </div>
  </div>
 </body>
</html>
