4876 7034
436 479 458 545 6
822 466 1189 535 assistentium
1211 466 1371 533 LIBER
1396 467 1475 534 XV.
1504 467 1606 535 TIT.
1628 468 1653 533 1.
1689 468 1796 537 CAP.
1819 472 1925 536 7-s.

438 641 534 726 ἀγροῦ
553 640 777 726 καταδικασθῇ,
802 639 895 704 οῦδέν
915 629 1009 723 ἧττον
1026 638 1076 705 καλ
1100 640 1117 707 δ
1138 640 1250 723 νομεδς
1265 638 1355 704 ἀπαι·
1383 645 1509 717 cationi,
1533 645 1766 720 ἀποσείεται,
1789 646 1981 706 nibilominus
2006 657 2037 706 et
2057 664 2207 723 possessor
2227 665 2296 705 eon·

439 739 545 792 τεῖται.
1383 733 1508 788 venitur.

322 842 389 898 nti.
504 824 545 910 η’.
577 828 660 889 lanu.
700 822 778 887 Ἐὰν
797 822 889 911 δγρδν
911 826 941 900 ἐξ
962 823 1031 889 ἴσον
1052 824 1117 904 ἐμοὶ
1141 825 1190 887 καλ
1212 826 1261 889 nol
1284 824 1351 888 δια·
1446 827 1526 889 Vlll.
1546 828 1658 890 Idem.
1700 831 1733 889 Si
1761 831 1883 888 fundum
1915 850 1951 889 ex
1978 833 2078 908 aequis
2103 832 2235 906 partibus
2262 833 2299 889 ad

295 919 329 969 D·
340 918 383 962 vi.
396 913 415 961 Ι·
443 911 576 997 φέροντα
610 915 717 984 κοινῶς
746 909 785 974 σε)
817 912 867 974 καλ
897 910 1006 990 πέτρος
1036 912 1173 991 νέμησθε
1202 910 1234 986 ἐξ
1253 906 1352 972 ἀδιαι·
1383 935 1429 973 me
1451 927 1481 973 et
1500 926 1530 973 te
1551 920 1744 992 pertinentem
1768 926 1800 973 tu
1822 926 1852 972 et
1872 915 1973 975 Petrus
1991 936 2045 993 pro
2067 916 2194 977 indiviso
2205 919 2299 994 possi·

442 996 542 1079 ρίτου,
565 996 644 1061 κατὰ
662 997 773 1077 πέτρον
793 993 907 1078 ἀφείλεο
928 991 1025 1076 μόνον
1044 1003 1146 1058 κινεῖν.
1183 995 1209 1059 ελ
1230 995 1264 1058 δέ
1285 995 1352 1077 dip-
1385 1000 1499 1072 deatir,
1524 1001 1662 1059 aduersus
1685 999 1801 1058 Petrum
1824 1000 1969 1059 duntaxat
1989 1021 2077 1080 agere
2102 1000 2199 1059 debeo.
2241 1001 2301 1061 Sed

444 1081 582 1162 ρημένονς
602 1080 746 1160 νέμεσθε,
771 1077 829 1142 ded
851 1080 994 1160 τέταρτον
1017 1081 1048 1154 ἐξ
1070 1075 1213 1161 ἑκατέρου
1231 1077 1350 1156 έκδικιῦ,
1385 1086 1413 1141 si
1433 1105 1485 1162 pro
1507 1084 1602 1142 diviso
1615 1084 1783 1160 possidetis,
1807 1084 1997 1162 quadrantem
2017 1085 2052 1141 ab
2075 1095 2201 1162 utroque
2220 1096 2300 1163 peto,

444 1169 495 1228 καὶ
518 1168 556 1229 σὺ
578 1162 634 1228 δαί
659 1164 770 1243 πέτρον
792 1166 828 1226 τὸ
849 1162 923 1225 ἀλλα
942 1163 1096 1244 τέταρτον.
1125 1169 1216 1228 τοῦτο
1238 1164 1273 1227 δέ
1289 1160 1354 1242 χώ-
1386 1177 1417 1226 ετ
1439 1182 1472 1227 tu
1494 1187 1511 1226 a
1532 1169 1618 1227 Petro
1640 1170 1764 1226 alterum
1785 1169 1984 1245 quadrantem.
2013 1168 2078 1228 Hoe
2096 1171 2303 1229 autemloenrn

446 1274 503 1330 ρον
525 1252 581 1314 οῦκ
610 1249 667 1330 έχει
697 1249 745 1309 ini
773 1246 886 1333 κινητῷ
919 1243 1073 1329 πράγματι
1100 1246 1120 1329 ἢ
1146 1248 1354 1336 κληρονομίᾳ·
1386 1272 1446 1312 ποτε
1470 1254 1557 1312 habet
1578 1255 1610 1311 ia
1630 1273 1663 1311 re
1683 1254 1785 1310 mobili
1813 1256 1860 1311 rel
1885 1252 2065 1317 hereditate:
2096 1256 2196 1312 nullus
2225 1257 2301 1313 euim

447 1334 548 1410 οῦδεές
568 1335 626 1418 γὰρ
647 1330 729 1394 oded
749 1332 869 1410 νέμεται
892 1332 1090 1415 διῃρημένος.
1387 1358 1422 1396 ea
1444 1354 1497 1413 pro
1520 1337 1614 1397 diviso
1636 1334 1774 1414 possidet.

398 1467 405 1483 ·
485 1430 556 1496 Ἰθ’.
599 1436 685 1495 Um.
726 1427 936 1513 Ὅθενδήποτι
962 1431 1084 1510 νέμεται
1117 1426 1134 1494 ὅ
1163 1427 1354 1513 ίναγόμενος,
1453 1437 1509 1496 ΙΧ.
1552 1434 1652 1517 Ulpi.
1688 1436 1734 1496 Ex
1756 1456 1928 1516 quoeunque
1950 1457 2038 1496 eausa
2060 1458 2127 1496 reus
2148 1439 2304 1515 possideat,

449 1519 523 1601 ὅπερ
545 1516 696 1591 ἀποδείξω
719 1515 792 1594 ipio
808 1512 894 1591 eleae,
917 1514 1160 1591 καταδικάζεται,
1184 1514 1210 1577 εί
1224 1512 1268 1596 μή
1287 1539 1355 1577 τινα
1390 1524 1467 1601 quoii
1488 1525 1647 1601 probavero
1666 1542 1761 1581 meum
1789 1543 1869 1596 erse,
1902 1524 2129 1596 condemnetur,
2160 1525 2220 1583 nisi
2248 1524 2304 1581 aii.

624 1600 632 1624 i

447 1626 653 1705 παραγραφην
674 1600 844 1703 ἀντιθηριι.
888 1603 938 1663 καλ
953 1598 983 1706 ’ὃ
1012 1596 1287 1706 ερρλὴνγδιρῦέχων
1306 1621 1357 1706 να·
1393 1627 1478 1685 quam
1500 1607 1700 1684 exceptionem
1719 1610 1850 1666 obiioiat.
1891 1608 1966 1666 Nam
1988 1619 2019 1665 et
2041 1610 2092 1685 qni
2112 1608 2219 1667 nudam
2237 1628 2305 1685 poe·

448 1686 521 1768 μήν,
547 1689 596 1750 καὶ
619 1710 635 1748 o
659 1686 764 1766 λαβὼν
784 1708 815 1747 εν
833 1691 1004 1770 παραθηκη
1025 1709 1045 1766 η
1065 1708 1172 1767 χρησει
1193 1709 1212 1766 η
1232 1687 1358 1764 μισθω-
1390 1697 1549 1752 sessionem
1572 1691 1677 1767 habet,
1708 1694 1754 1751 rel
1778 1695 1911 1771 quirem
1938 1693 2101 1770 depositam
2123 1696 2239 1770 aceepit
2259 1696 2304 1752 rel

502 1869 598 1933 ἀναν.
632 1869 724 1948 ἀνάγν.
742 1874 793 1947 διγ.
808 1868 845 1929 κε’
860 1873 906 1929 καὶ
920 1875 960 1947 βι.
979 1867 1000 1928 ε’
1020 1874 1052 1929 τί.
1068 1865 1095 1946 γ’
1112 1873 1164 1946 διγ.
1183 1871 1219 1946 ιγ’
1235 1872 1288 1948 πρὸ
1304 1863 1360 1928 ἀλί-
1444 1873 1487 1927 22.
1523 1871 1632 1924 νέποιι.
1659 1871 1710 1938 [αδ
1726 1873 1800 1938 i.t].
1834 1874 1913 1943 Lege
1930 1876 1987 1945 dig.
2005 1874 2039 1927 25
2062 1881 2092 1928 et
2116 1876 2205 1930 ltnv
2228 1875 2307 1933 titt

450 1967 501 2021 γον
518 1947 566 2003 τοῦ
582 1945 670 2010 τέλους
684 1942 730 2000 καί
745 1937 795 2018 με’.
1394 1941 1449 2010 dig.
1465 1940 1496 1993 13
1512 1942 1599 2008 panio
1619 1950 1685 1994 ante
1704 1943 1787 1994 iinenr
1805 1952 1833 1995 et
1850 1945 1893 1998 45.

503 2036 531 2097 ἐξ
552 2031 641 2094 ἴσον)
664 2026 768 2102 ἡμίσεος
789 2029 885 2103 μέρους
914 2020 982 2094 εἶχεν
1006 2018 1088 2099 ἀγρὸν
1111 2027 1240 2082 ἐπίκοινον
1262 2019 1315 2111 ἐγώ
1331 2045 1360 2080 τε
1443 2025 1486 2077 λδ.
1505 2026 1731 2095 [sapidissime
1744 2027 1810 2092 l.8.]
1830 2029 1872 2082 Ex
1885 2027 2195 2096 aequadirnidiaporte
2208 2043 2307 2096 agrurn

450 2095 555 2157 soloti.
582 2100 676 2155 τοῦτον
692 2096 737 2155 τὸν
754 2092 836 2171 ἀγρὸν
856 2092 871 2150 ὅ
893 2094 1152 2179 ἐρροςκσινοινόςκαὶ
1168 2098 1245 2161 τίτιος
1261 2090 1361 2168 αλῦγως
1395 2094 1479 2148 habui
1501 2112 1676 2149 communem
1704 2112 1755 2165 ego
1775 2104 1804 2150 et
1825 2104 1866 2153 tn.
1913 2098 1998 2149 Hunc
2026 2115 2127 2168 agrurn
2154 2108 2184 2149 tn
2209 2100 2306 2150 sooins

451 2175 479 2235 ἐξ
493 2173 551 2227 ibon
568 2170 663 2243 μέρους
675 2170 810 2240 bipenne.
838 2164 895 2228 πῶς
908 2185 962 2237 τερα
980 2165 1021 2220 δεῖ
1035 2185 1068 2237 με
1085 2169 1161 2220 κινεῖν
1177 2165 1222 2220 καὶ
1238 2161 1305 2220 κατὰ
1322 2166 1362 2220 τί-
1394 2181 1473 2218 meus
1492 2173 1521 2218 et
1545 2169 1640 2219 Titius
1667 2174 1774 2218 temere
1798 2182 1833 2218 ex
1859 2169 1957 2234 aequis
1983 2171 2115 2234 partibus
2146 2167 2307 2235 possidetis,

451 2261 508 2306 νοςς
525 2242 593 2311 λέγει
609 2240 740 2309 ἑπομένως
755 2232 791 2309 μή
807 2229 943 2291 δύνασθαί
953 2254 986 2307 με
998 2229 1204 2308 παρ’λκατέρου
1217 2229 1266 2289 ἀνά
1282 2234 1363 2308 μέρος
1396 2236 1543 2299 Quomodo
1564 2238 1656 2305 igitur
1676 2243 1705 2289 et
1729 2235 1864 2289 adversus
1884 2252 1966 2307 quern
1988 2253 2074 2307 egere
2102 2252 2147 2290 me
2175 2235 2308 2303 oporteti

450 2312 573 2382 τέταρτον
594 2304 643 2361 τοῦ
667 2302 753 2380 ἀγροῦ
781 2302 825 2362 διὰ
852 2304 897 2372 της
919 2302 944 2358 ἲν
968 2305 1017 2379 ῥὲμ
1039 2297 1170 2370 ἀπαιτεῖν,
1197 2298 1262 2361 ἀλλά
1286 2300 1362 2379 παρὰ
1397 2306 1473 2357 Dicit
1488 2311 1597 2373 itaque,
1616 2321 1672 2358 uon
1693 2321 1777 2372 posse
1794 2321 1837 2357 me
1856 2307 1891 2359 ab
1911 2314 2034 2374 utroque
2051 2316 2159 2374 partem
2179 2313 2310 2373 quartam

452 2380 533 2433 τιτίσν
558 2371 606 2432 τοῦ
627 2375 664 2445 μὴ
688 2371 762 2439 ὄντος
783 2372 906 2430 κοινωνοῦ
930 2369 961 2427 τὸ
979 2370 1058 2444 ἣμισυ
1073 2376 1161 2447 μέρος.
1191 2367 1278 2449 ἕτερόν
1296 2378 1363 2429 έστιν
1396 2376 1458 2444 agri
1479 2376 1509 2427 in
1529 2391 1587 2428 rem
1606 2376 1844 2443 aetionepetere,
1866 2375 1952 2429 seda
1971 2377 2065 2441 Titio,
2090 2379 2138 2447 qui
2160 2375 2228 2427 mibi
2252 2390 2309 2427 non

453 2445 544 2513 είπεῖν,
565 2441 628 2501 ὅταν
652 2439 731 2501 αῦτόν
748 2439 793 2499 τὸν
810 2438 892 2517 ἀγρὸν
913 2444 939 2497 ἐν
956 2441 1061 2514 φανερῷ
1085 2439 1228 2514 ε’νεμήθητε
1251 2443 1363 2515 κλίματι,
1395 2446 1549 2500 sitentium
1568 2445 1712 2496 dimidiam
1731 2451 1847 2511 partem.
1877 2445 2190 2508 Aliuddioendumest,
2208 2447 2310 2498 sleurn

452 2515 497 2570 καὶ
520 2511 554 2571 οῦ
574 2515 622 2598 μέν
637 2513 682 2570 τὸν
699 2511 856 2585 ἀμπελῶνα,
878 2513 958 2574 τίτιος
981 2512 1010 2567 δέ
1027 2516 1072 2566 τὸν
1089 2512 1208 2566 ilerden.
1236 2508 1294 2567 τότε
1311 2509 1362 2585 γάρ
1396 2529 1495 2583 agrum
1516 2516 1602 2567 oertls
1623 2516 1787 2583 regionibus
1806 2514 1988 2580 possideatis,
2008 2523 2038 2568 et
2056 2526 2086 2567 tn
2105 2515 2217 2584 quidem
2234 2516 2312 2569 vinea

453 2584 499 2640 καλ
510 2606 585 2656 παρα
599 2582 710 2639 τοῦτοῦ
726 2582 848 2638 κοινωνοῦ
862 2580 908 2636 καλ
922 2578 998 2653 παρὰ
1017 2582 1098 2636 τιτίαν
1115 2584 1195 2654 μέρος
1210 2579 1259 2637 τοῦ
1276 2575 1364 2653 ἀμπε-
1397 2591 1472 2648 tum,
1492 2584 1585 2635 Titius
1603 2591 1699 2635 antem
1722 2584 1867 2635 olivetum.
1902 2585 1985 2636 Tune
2003 2587 2077 2637 enim
2100 2593 2130 2637 et
2149 2600 2166 2637 a
2186 2593 2215 2637 te
2233 2585 2312 2637 sooio

453 2655 533 2718 λῦνος
551 2652 595 2708 καὶ
610 2654 689 2724 μέρος
712 2652 760 2709 τοῦ
785 2650 905 2714 έλαιάνος
921 2650 1023 2706 indeed.
1054 2647 1128 2719 ἡνίκα
1144 2646 1197 2724 γάρ
1215 2647 1293 2706 τόποι
1309 2671 1365 2721 φα-
1398 2669 1460 2705 meo
1479 2660 1508 2704 et
1526 2668 1544 2703 a
1563 2654 1643 2704 Titio
1660 2662 1770 2720 partem
1790 2655 1875 2704 vineti
1896 2662 1925 2706 et
1945 2661 2053 2721 partem
2074 2656 2170 2706 oliveti
2189 2655 2310 2706 uindico.

452 2723 523 2811 νερολ
542 2720 689 2797 εὑρεθῶσιν
709 2717 764 2776 ἀπὸ
786 2717 831 2788 τὴν
855 2722 944 2793 ἑτέρον
967 2714 1061 2792 νομὴν,
1089 2712 1189 2792 ἀνάγκη
1214 2724 1241 2776 ἐν
1263 2715 1365 2784 τούτοις
1397 2723 1492 2774 Sicubi
1515 2724 1589 2775 euim
1614 2729 1694 2774 corta
1719 2724 1782 2774 loca
1801 2724 1836 2774 ab
1857 2723 1997 2777 alterutro
2027 2724 2241 2792 possideantur,
2266 2738 2312 2774 ne·

452 2813 507 2856 τοις
521 2787 612 2855 τόποις
628 2794 707 2864 μέρος
723 2785 788 2846 εἶναι
807 2784 883 2860 ίμόν·
901 2791 1030 2845 τουτέστιν
1042 2787 1111 2846 ἔνθα
1125 2784 1266 2847 τάποντοῦ
1280 2783 1365 2864 ἀγροῦ
1397 2808 1476 2844 οεεεε
1497 2799 1542 2844 est
1560 2793 1589 2843 ln
1608 2789 1652 2844 bis
1673 2793 1743 2844 loois
1763 2792 1887 2862 aliquam
1907 2802 2018 2861 portem
2040 2809 2127 2845 meam
2152 2809 2231 2846 esses
2258 2790 2313 2843 boo

452 2858 569 2935 φανερὸν
586 2860 631 2916 καλ
648 2861 839 2935 διακεκριμένον
854 2860 975 2930 νέμονταί
991 2879 1065 2923 τινες,
1090 2863 1117 2914 ἐν
1134 2856 1232 2931 λκάατιρ
1251 2858 1303 2914 τῦν
1318 2853 1365 2915 τό-
1398 2870 1451 2924 εετ,
1471 2864 1521 2913 ubl
1540 2863 1685 2931 regionem
1707 2865 1768 2932 agri
1790 2868 1898 2914 certam
1916 2870 1946 2915 et
1961 2870 2124 2931 separatam
2144 2863 2232 2932 aliqui
2250 2877 2314 2928 pos·

453 2952 510 2986 πων
526 2934 604 3004 μέρος
627 2926 771 3004 εὑρίσκεται
787 2929 913 3001 διαφέρον
930 2928 981 2983 τῶν
997 2928 1125 2984 κοινωνοῦν
1142 2927 1239 3001 ἑκάστῳ
1260 2928 1305 2984 καί
1321 2924 1367 2984 διὰ
1399 2932 1513 2995 εἰδεπτ,
1530 2933 1560 2983 in
1580 2933 1708 2999 qualibet
1729 2933 1845 3002 regione
1864 2947 1930 2999 pars
1947 2933 2101 2991 iuvenitur,
2120 2948 2191 3003 quae
2207 2932 2316 2984 unicui·

453 2995 547 3056 τοῦτου
560 2999 603 3057 ini
614 3000 661 3055 τοῦ
670 2995 842 3071 ἀποκειμένου
853 2999 974 3068 θέματος
991 2991 1090 3070 ἀνάγκη
1104 2995 1190 3062 [oilli
1205 2997 1366 3054 ambrosios
1400 3017 1454 3068 quo
1476 3015 1511 3052 er
1529 3004 1614 3052 sociis
1631 3008 1783 3069 competat,
1804 3008 1833 3053 et
1854 3008 2009 3070 propterea
2020 3004 2049 3056 in
2062 3006 2156 3072 specie
2169 3003 2317 3070 proposita

453 3070 552 3137 κινῆσαι
570 3068 614 3124 καλ
625 3065 655 3124 τὸ
671 3063 821 3143 παράῦτῷ
833 3070 1007 3138 ἐναπομεῖναν
1022 3064 1102 3139 ἥμισυ
1117 3069 1195 3148 μέρος
1208 3067 1255 3123 τοῦ
1273 3066 1367 3122 ilerd-
1399 3072 1591 3122 neceesarium
1616 3078 1678 3133 est,
1703 3081 1732 3122 te
1757 3069 1895 3123 adversus
1914 3073 2024 3123 ‘l'itinm
2052 3087 2138 3141 agere
2163 3079 2193 3124 et
2218 3071 2254 3122 ab
2280 3085 2316 3123 eo

453 3160 498 3203 νος
509 3139 642 3212 [τέταρτον
655 3133 696 3201 ὃν]
710 3137 758 3193 τοῦ
769 3133 866 3200 παντὸς
880 3130 964 3210 ἀγροῦ
980 3139 1059 3209 μέρος
1073 3136 1204 3203 ίκδικησαι
1220 3131 1264 3193 διὰ
1280 3133 1366 3204 τὴςίν
1401 3140 1546 3191 dimidiam
1567 3146 1676 3206 partem
1695 3142 1809 3203 oliveti,
1834 3156 1908 3210 quae
1937 3149 1981 3194 est
2008 3150 2113 3209 quarta
2137 3156 2205 3209 pers
2224 3141 2316 3192 totins

453 3210 543 3282 (iip‘).
579 3210 583 3221 “
615 3208 645 3263 δέ
666 3203 772 3274 τοιαύτη
789 3203 912 3267 διάοτιξις
932 3198 993 3261 odra
1011 3204 1080 3268 lini]
1105 3204 1214 3274 κινητῶν
1238 3199 1367 3260 oderisi
1401 3211 1477 3276 agri,
1497 3208 1651 3263 vindicare.
1689 3211 1766 3260 liaeo
1783 3217 1878 3262 autem
1901 3209 2048 3264 distinctio
2068 3227 2159 3280 neque
2179 3211 2210 3262 ln
2226 3210 2315 3262 mobi-

452 3280 497 3345 της
520 3229 674 3352 νερεδιτάτις
697 3277 839 3339 πετιτίονος
862 3268 971 3329 δύναται
989 3268 1080 3348 γῦρον
1098 3272 1204 3343 [ἔμειν’]
1229 3268 1290 3329 οῦτε
1313 3271 1366 3345 γὰρ
1403 3280 1477 3330 libus
1495 3292 1587 3345 neque
1612 3279 1640 3328 in
1670 3275 1839 3330 hereditatis
1858 3281 1997 3345 petitione
2020 3280 2113 3332 ioeurn
2137 3279 2242 3332 babere
2265 3295 2317 3347 po·

453 3343 553 3429 κινητὸν
569 3346 625 3419 πρά
643 3368 681 3417 μοι
700 3340 760 3401 odor
776 3341 822 3412 τὴν
838 3336 917 3410 αῦτὴν
935 3346 1105 3416 κληρονομίαν
1123 3337 1293 3409 [δονοτάν]έ)
1317 3338 1365 3398 δύο
1400 3354 1473 3399 test:
1496 3362 1588 3416 nequo
1609 3348 1682 3398 enim
1701 3363 1759 3400 rem
1777 3348 1909 3401 mobilem
1928 3349 1973 3401 rel
1992 3349 2109 3401 eandem
2127 3348 2316 3402 hereditatem

454 3436 525 3479 τινας
541 3417 617 3486 νέμεσ
642 3436 670 3468 αι
687 3415 844 3488 διῃρημένος
859 3431 914 3467 taor
928 3442 1123 3460 ·········
1137 3433 1182 3468 τον
1200 3406 1234 3475 ῦς
1250 3405 1302 3485 έγτδ
1318 3411 1366 3483 μέν
1399 3417 1461 3469 lieri
1478 3423 1572 3484 potest
1591 3422 1624 3466 ut
1642 3416 1697 3467 duo
1718 3433 1770 3485 pro
1789 3418 1880 3470 diviso
1906 3417 2072 3485 possideant
2089 3451 2306 3470 .............

453 3480 514 3541 τόδε
530 3485 608 3555 μέρος
624 3481 672 3538 τοῦ
688 3482 790 3553 κινητοῦ
806 3483 918 3552 νέμομαι
933 3475 1089 3556 πράγματος
1105 3476 1122 3548 ἢ
1138 3481 1182 3550 τῆς
1197 3481 1367 3565 κληρονομέρς
1398 3491 1431 3537 ατ
1449 3501 1501 3553 ego
1527 3485 1640 3552 quidem
1664 3484 1736 3539 bane
1753 3494 1863 3553 partem
1882 3489 1922 3539 rei
1945 3488 2057 3541 mobilis
2087 3488 2245 3556 possideam
2269 3487 2316 3542 vei

455 3553 596 3608 obdito
621 3546 723 3615 ἄλλο’).
754 3547 845 3624 είγάρ
864 3549 1142 3625 καδκληρονομυκιν
1150 3581 1296 3599 ·········
1318 3570 1366 3605 ou-
1399 3553 1583 3620 hereditatis,
1602 3562 1635 3607 tu
1653 3571 1719 3607 tero
1738 3558 1866 3610 alteram.
1903 3555 1974 3608 Nam
1992 3560 2047 3611 etsi
2069 3556 2086 3626 ii
2106 3591 2305 3611 ............

455 3642 520 3678 σορκ
532 3650 627 3669 ......
642 3622 749 3688 κατέαγε
766 3621 795 3676 δι’
812 3649 994 3668 ···········
1012 3619 1057 3674 καλ
1073 3619 1195 3675 διείλοντο
1214 3619 1257 3691 τῆς
1272 3623 1366 3695 κληρο-
1397 3657 1770 3677 ......................
1795 3625 1961 3679 hereditatis
1986 3629 2151 3694 petitionem
2178 3627 2315 3690 adsersus

453 3692 546 3764 νομέας
561 3686 595 3745 roi
612 3688 757 3766 πράγματα
773 3683 875 3761 ἀτμητα
895 3682 965 3764 παρ’
983 3688 1043 3762 ἐμοὶ
1064 3687 1110 3745 καί
1130 3693 1284 3762 κινουμένη
1299 3685 1366 3772 κητά
1399 3694 1512 3763 quidem
1530 3695 1638 3745 Titium
1658 3693 1693 3747 de
1711 3696 1803 3748 tribus
1822 3697 1930 3761 unalis,
1955 3697 2091 3751 adversus
2115 3703 2210 3748 autom
2231 3696 2315 3750 cobe-

455 3761 869 3835 r·····ep··rrop.rlqpovou
883 3789 1133 3809 ···············
1151 3759 1367 3833 τῦμνιρεδιτατις
1399 3763 1493 3817 sedem
1511 3771 1641 3816 nostrum
1659 3797 1959 3817 ..................

455 3831 586 3886 πετιτίονα
603 3828 670 3885 κατὰ
686 3831 734 3901 μὲν
753 3829 834 3910 τιτίαγ
852 3825 888 3892 εἷς
909 3822 935 3901 γ’
952 3821 1061 3901 οῦγγίας
1083 3823 1149 3884 seed
1174 3830 1203 3886 dd
1226 3823 1366 3885 σεκοῦνδον

454 3899 503 3956 τοῦ
518 3895 644 3974 ἡμετέραν
662 3901 874 3973 ανγνληρονομον
892 3928 1107 3947 ·············

507 3985 551 4040 inl
575 3983 620 4053 τῆς
641 3985 792 4048 σπεκιαλλας
815 3980 913 4067 ίνίρξμ
937 3976 1060 4055 δφφίκιέν
1077 3985 1132 4038 ἐστι
1147 3980 1196 4039 τοῦ
1219 3977 1367 4064 δικάζοντος
1449 3984 1491 4037 tt.
1524 3983 1659 4054 [Stepb
1677 3984 1763 4039 index
1781 3985 1799 4037 1.
1813 3986 1851 4053 9.]
1887 3986 1920 4039 ln
1939 3986 2056 4054 spoeiail
2074 3988 2105 4039 in
2123 4000 2182 4037 rem
2199 3985 2316 4038 aetiana

456 4059 560 4110 σκοπεῖν
578 4052 601 4109 εἰ
616 4054 723 4124 νέμηιαι
744 4049 771 4116 [ὃ
789 4055 862 4134 ρέος,
878 4044 950 4116 αλλ’]
973 4046 1024 4121 οὐχ
1041 4047 1128 4124 ὥσπερ
1147 4052 1193 4109 ἐπὶ
1207 4073 1252 4137 της
1267 4053 1367 4126 νερεδι-
1399 4052 1521 4106 oiiieinnr
1540 4056 1642 4108 indicis
1661 4062 1714 4119 est,
1733 4062 1766 4106 nt
1783 4057 1926 4123 inspiciat,
1944 4072 1979 4108 an
1997 4072 2064 4110 reus
2082 4056 2237 4124 possideat,
2256 4069 2315 4106 non

457 4118 527 4188 τάτις
547 4124 691 4186 πετιτίονος
713 4142 803 4195 περιερ
822 4124 936 4188 sinodos
960 4119 1005 4190 τὴν
1029 4119 1115 4177 αἰτίαν
1135 4116 1193 4190 ἤτοι
1213 4143 1260 4178 τον
1282 4125 1366 4178 τίτλον
1399 4133 1511 4187 autem,
1529 4126 1605 4177 sient
1625 4127 1654 4176 in
1676 4123 1843 4178 hereditatis
1863 4127 2018 4196 petitione,
2038 4133 2071 4177 ut
2088 4127 2232 4178 examinet
2249 4139 2316 4175 osu·

456 4193 502 4262 τῆς
518 4191 605 4264 νομῆς,
623 4190 673 4253 eil)
692 4144 831 4266 προνίρεδε
848 4187 865 4258 ἢ
881 4192 1062 4265 προποσέσορε
1077 4192 1192 4265 νέμεται·
1218 4190 1295 4248 τοῦτο
1312 4188 1364 4266 γάρ
1399 4208 1459 4244 sam
1477 4193 1522 4245 rel
1549 4196 1663 4247 titulum
1686 4194 1891 4261 possessionis,
1920 4210 1956 4247 an
1984 4209 2036 4263 pro
2062 4193 2166 4248 beredo
2190 4194 2235 4246 rei
2260 4208 2314 4259 pro

456 4263 523 4318 ἴδιον
540 4263 584 4330 τὴς
600 4259 754 4337 νερεδιτάιις
778 4261 920 4324 πετιτίονος
935 4255 966 4314 τὸ
982 4256 1027 4316 τὸν
1043 4263 1126 4317 τίτλον
1143 4256 1367 4334 περιεργάζεσθαι
1399 4277 1564 4330 possessore
1584 4264 1743 4332 possideat:
1763 4265 1816 4316 boc
1833 4267 1907 4317 enirn
1926 4267 2069 4332 peculiare
2089 4265 2180 4318 estin
2202 4262 2315 4315 beredi-

457 4331 502 4415 τῆς
513 4331 630 4455 ὄνρριῆςη
648 4330 704 4412 τῆς,
714 4326 767 4402 γὰρ
776 4331 935 4454 ’σπεκιαλίρς
955 4331 1102 4415 κινρνμένης
1126 4344 1155 4380 ru
1171 4342 1237 4464 tspari
1261 4324 1325 4414 ἀλιρς
1343 4327 1367 4384 εί
1399 4333 1467 4454 blm
1488 4334 1641 4455 petitiopei
1669 4334 1744 4403 quod
1768 4335 1871 4419 titulus
1900 4334 2314 4455 possessionis·inrestpgiptnr.

439 4419 776 4536 -tiittlmtii‘itti
789 4419 978 4540 ‘iiiiii'
990 4419 1180 4542 llilssillii‘
1195 4419 1366 4539 ἀέίῗάἀῗ
1399 4417 1660 4536 Militi&
1679 4412 2315 4544 {iiiimxiiiiiiii'iiiiirii

456 4540 522 4618 τινές
545 4538 573 4594 δέ
596 4535 668 4608 ὅμως
691 4534 772 4592 εἰπεῖν
798 4539 981 4619 ξπεχείρησαν,
1009 4526 1128 4611 μεθ’ἀν
1145 4537 1199 4594 ἐστὶ
1219 4534 1295 4619 said
1312 4559 1366 4609 πη-
1398 4542 1527 4602 ετὶεαετα,
1547 4544 1601 4595 nisi
1620 4545 1812 4611 exceptionem
1833 4543 1956 4612 aliquam
1976 4545 2083 4596 obiicit.
2118 4542 2254 4595 Nonnulli
2271 4547 2316 4592 ta·

455 4609 586 4693 yooioet),
604 4608 700 4709 εκείρην
714 4605 759 4661 καλ
774 4626 854 4690 μονον
869 4627 915 4690 τηρ
931 4602 1011 4730 poppis
1028 4610 1283 4698 neppuii'mdoejp
1299 4627 1366 4696 orpe-
1398 4626 1478 4676 men,
1507 4612 1585 4665 inter
1605 4627 1676 4680 qnos
1694 4612 1781 4697 etiarn
1803 4612 1929 4681 Pegasus
1950 4619 2009 4696 ost,
2029 4614 2127 4696 dicere
2140 4612 2317 4697 maluerunt,

455 4677 835 4825 dibilitate&
849 4696 1366 4835 d‘pi'i‘itti'tt‘tliitiiiii‘
1397 4680 1564 4813 illibi
1577 4681 2320 4820 iiiiii'li‘btlliillidiiliitlil{iiiii

390 4887 392 4891 η
456 4813 533 4883 [ἔχει]
544 4816 582 4879 ¹),
604 4810 660 4883 ητις
679 4810 769 4887 χώραν
786 4812 839 4883 ἔχει
861 4817 906 4869 ἐπι
924 4813 960 4885 τῷ
982 4809 1041 4871 odet
1057 4815 1186 4880 ποσνδέτις
1203 4811 1220 4883 ἢ
1237 4808 1365 4903 οῦτροῦρι
1397 4823 1426 4871 in
1445 4833 1503 4872 rern
1521 4823 1634 4872 aetione
1654 4823 1718 4889 agi,
1745 4823 1793 4890 qui
1812 4822 1950 4874 eiusmodi
1968 4826 2180 4890 possessionem
2198 4818 2319 4885 babeat,

455 4882 609 4964 ίντερδίκρω,
625 4885 742 4963 τοοτέστι
759 4904 802 4964 νεκ
816 4902 860 4967 opo
876 4902 919 4938 νεκ
930 4888 998 4952 κλαμ
1014 4905 1104 4940 νεκοαε
1120 4904 1263 4969 πρεκαριερ,
1279 4879 1365 4942 οῦκετι
1397 4903 1469 4956 qnae
1489 4890 1582 4941 locum
1600 4888 1687 4942 babet
1704 4892 1734 4943 in
1752 4891 1906 4944 interdicto
1926 4892 1968 4944 nti
1983 4891 2134 4959 possidetis
2148 4891 2192 4943 vel
2203 4892 2318 4952 utrubi,

455 4953 500 5008 καλ
515 4935 615 5017 sorel)
631 4972 679 5007 roe
692 4973 839 5033 φνσικωςγρ
853 4955 1022 5035 πραετωρίεος
1035 4952 1139 5034 ἔγοντος
1153 4963 1278 5022 κατογην·
1298 4952 1364 5011 ὥστε
1397 4959 1425 5009 id
1447 4963 1491 5010 est
1514 4975 1565 5012 neo
1587 4961 1614 5011 vi
1633 4974 1685 5012 neo
1704 4960 1776 5013 olam
1796 4975 1888 5028 oeque
1905 4962 2053 5028 precario.
2073 4976 2129 5014 non
2149 4966 2245 5012 autem
2265 4958 2320 5012 ad·

456 5021 496 5086 [έν
517 5023 595 5085 τέλλει
617 5017 708 5091 φησλῙ)
731 5023 768 5092 μὴ
791 5023 925 5078 doreadas
947 5041 978 5076 το
999 5044 1111 5096 πραγμα
1135 5019 1179 5079 διά
1202 5021 1248 5091 τῆς
1268 5021 1293 5079 ir
1314 5025 1363 5111 ρέμ
1396 5043 1496 5079 uersus
1513 5043 1587 5091 eum,
1607 5031 1654 5097 qui
1673 5030 1736 5082 iure
1756 5030 1881 5082 naturali
1900 5031 1944 5082 rel
1957 5032 2103 5098 praetorio
2117 5030 2320 5083 detentionem

454 5096 614 5151 εκδικεῖσθαι
630 5090 706 5165 παρὰ
722 5096 770 5148 τοῦ
795 5091 898 5163 ἔχοντες
915 5087 979 5148 αὐτὸ
1004 5093 1056 5159 [iri
1080 5091 1228 5182 παραθέμρ
1243 5093 1260 5165 ἢ
1273 5119 1365 5171 γρησει
1397 5094 1498 5161 babet;
1518 5106 1551 5150 nt
1571 5096 1691 5166 deniqne
1710 5099 1793 5164 diost,
1813 5115 1868 5151 non
1886 5115 1972 5167 posse
1993 5114 2054 5151 reru
2072 5115 2122 5166 per
2140 5100 2170 5151 in
2189 5114 2248 5152 rem
2267 5113 2321 5151 ae·

451 5159 472 5231 d]
490 5158 622 5233 μισθώσει
640 5159 669 5243 [ij
684 5160 760 5234 παρὰ
781 5164 830 5217 τοῦ
830 5163 842 5226 l
857 5163 1028 5235 πεμφθέντος
1045 5162 1080 5228 εἷς
1096 5162 1177 5239 νομὴν
1192 5188 1239 5237 την
1253 5163 1364 5242 λεγατά-
1396 5169 1503 5218 tionem
1523 5166 1661 5221 vindicari
1680 5168 1714 5220 ab
1733 5183 1779 5234 eo,
1798 5171 1845 5237 qui
1865 5168 2023 5236 depositam
2044 5171 2088 5222 rel
2106 5168 2321 5222 commodatam

454 5252 524 5318 ροαμ
540 5232 738 5305 σερβανδορονμ
754 5227 771 5301 ἢ
787 5228 831 5299 τὴν
848 5228 1044 5317 δότις,[καῦσρ]
1068 5230 1146 5322 ἢτην
1160 5237 1262 5309 βέντρις
1276 5230 1364 5324 νόμον,
1397 5234 1498 5298 babet,
1527 5237 1572 5289 rel
1596 5239 1644 5305 qui
1669 5239 1699 5289 in
1724 5240 1933 5304 possessionem
1958 5240 2060 5290 missus
2086 5244 2130 5291 est
2151 5239 2322 5309 legatorum

457 5299 539 5369 ήτὴν
561 5301 639 5373 δάμνι
655 5299 766 5373 ίμφέκτι,
789 5300 879 5370 ἐπειδὴ
897 5321 971 5358 ονεοι
987 5323 1082 5368 παντες
1097 5325 1130 5361 ου
1147 5306 1283 5371 πολιτικῶς
1299 5305 1364 5364 mii
1395 5305 1600 5359 servandorum
1623 5307 1667 5360 rel
1697 5307 1773 5361 dotis
1798 5323 1885 5360 eausa
1913 5308 1959 5360 rel
1988 5308 2097 5361 ventris
2121 5311 2235 5361 nomina
2267 5309 2324 5363 vel

523 5535 554 5593 ο)
573 5535 617 5581 lix
632 5534 679 5582 boe
696 5537 793 5585 robolin
811 5535 943 5585 edomata
961 5550 1018 5585 esre
1033 5536 1152 5587 videntur
1169 5538 1252 5592 schot.
1270 5539 1286 5587 b
1303 5544 1331 5589 et
1346 5540 1364 5590 i.
1461 5542 1502 5607 f)
1523 5541 1593 5592 eod:
1613 5538 1641 5609 ἢ.

456 5605 490 5653 ll.
507 5603 560 5651 220
578 5602 697 5654 Fabrotr'.
1162 5675 1169 5690 ο
1308 5677 1321 5692 .
1464 5628 1494 5691 3)
1514 5629 1597 5689 Lege:
1615 5625 1741 5693 πήγασος.

525 5669 553 5737 b)
575 5672 645 5754 ”lud
662 5675 689 5754 9³
705 5673 731 5719 ¹¹¹
749 5673 809 5720 Μ’
827 5672 906 5721 dem·
936 5672 1015 5722 mh
1032 5677 1091 5771 Ψ
1109 5676 1196 5759 ¹l¹⁸¹¹¹¹¹
1213 5673 1366 5763 Mfww‘
1465 5711 1498 5780 λ)
1524 5713 1593 5763 God:
1625 5713 1678 5763 ixei
1696 5712 1739 5764 καλ
1758 5708 1840 5779 μόνον
1862 5710 1922 5780 περὶ
1940 5708 2023 5780 νομῆι
2046 5712 2248 5783 περιπλέκεσθαι
2267 5717 2327 5781 τῆς

525 5742 553 5822 ρ)
573 5743 702 5826 lprbrarrus
721 5744 817 5790 temere
836 5743 882 5791 boe
898 5742 956 5792 loeo
972 5747 1081 5805 repetit.
1100 5764 1132 5799 το
1152 5748 1364 5813 ίναπομειναν-
1398 5783 1548 5839 mmm
1566 5783 1590 5832 ρ,
1608 5781 1665 5847 μμ.

447 5829 555 5945 ⁴mill
570 5826 679 5927 tlibllllor
695 5875 758 5925 mibi
775 5876 820 5926 bar
836 5877 925 5929 literar
942 5882 1101 5944 conspicere:
1124 5899 1239 5933 ονττ...
1340 5860 1349 5891 Ι
1464 5867 1487 5929 i)
1506 5869 1562 5915 ¹¹⁰⁰
1578 5867 1654 5928 ⁸⁶⁶⁰*
1674 5865 1737 5915 Μ
1754 5865 1781 5914 l¹¹
1800 5865 1861 5916 θοὰ·
1881 5864 1957 5918 ‘mn'

526 5953 552 6013 e)
577 5954 606 5998 iu
630 5947 723 5996 codiee
745 5938 809 6011 ἀριξ
829 5949 951 6010 seriptum
975 5952 1054 6002 inisse
1077 5952 1192 6018 videtur,
1217 5951 1263 6002 red
1283 5950 1321 6000 iia
1337 5953 1365 5999 ατ
1463 5934 1493 6002 δ)
1511 5937 1581 5990 ⁰⁰⁶²
1598 5936 1667 6002 mli·

459 6019 637 6071 emendatrieir
654 6029 742 6066 manus
760 6014 869 6077 vestigia
886 6025 1058 6075 eernereatnr.
1463 6021 1485 6084 ί)
1503 6021 1564 6074 cod.
1581 6021 1714 6070 ridebatur
1730 6014 1840 6071 babere:
1864 6012 1927 6072 δοτε
1944 6011 1992 6071 νῦν
2002 6046 2028 6066 .·
2044 6016 2157 6088 λιιρηαι.
