4842 7018
439 459 501 522 118
1011 461 1190 529 CAPITA
1213 464 1361 531 LEGIS
1384 462 1691 531 RHODIORUM.

436 659 498 722 ρας
521 639 631 718 ούσης,
660 649 775 704 πᾶσαν
796 638 858 718 τήν
881 642 1061 729 συντριβήν
1087 643 1144 707 καλ
1167 643 1229 722 τήν
1250 648 1338 710 ἀπώ-
1366 645 1480 708 οοΠίεἰο
1508 654 1601 725 atque
1628 643 1769 707 interitus
1795 643 1836 704 ad
1863 642 2039 722 magianum
2062 652 2094 702 ot
2116 641 2155 701 ad
2176 644 2249 703 nasi·

435 745 526 809 λειαν
557 749 688 831 ἐφορᾶν
718 750 780 812 τόν
811 769 846 812 τε
878 748 1066 835 ναύκληρον
1096 750 1154 815 καί
1181 750 1260 827 τοὺς
1287 757 1336 835 ἐμ·
1364 762 1472 833 gentes
1493 752 1630 834 pertinet,
1675 750 1796 811 demum
1819 758 1850 812 et
1872 768 1987 811 meroes
2009 749 2048 809 ad
2071 748 2250 811 oontributio

435 852 605 927 altentoe.
653 852 770 919 λοιπὸν
802 854 836 919 δέ
863 855 921 920 καλ
948 853 988 920 τὸ
1016 859 1162 944 φορτίον
1188 865 1232 934 είς
1260 881 1337 942 συμ-
1364 880 1433 921 nem
1455 860 1588 923 veniant
1626 858 1652 920 si
1673 857 1751 919 haee
1773 865 1865 918 nootu
1888 855 2059 929 aooiderint,
2081 854 2173 934 isqui
2192 855 2252 917 vala

433 957 538 1044 βολήν
552 960 718 1043 ἐρχέσθω.
750 961 827 1025 είδέ
842 971 952 1028 ταῦτα
967 963 1085 1039 νυκτὸς
1101 967 1202 1043 οὔσης
1218 966 1335 1053 συμβῇ,
1364 965 1517 1040 οολπνωὶε,
1548 966 1648 1045 ignem
1681 963 1836 1027 aooendat
1889 962 1971 1043 quod
2009 962 2035 1023 si
2071 962 2171 1039 ignom
2199 982 2251 1025 oon

434 1062 521 1130 δτά
548 1068 676 1151 ἄρμενα
699 1067 858 1145 χαλάσας
885 1078 949 1154 πῦρ
977 1073 1118 1135 ἀπτέτω.
1164 1077 1191 1139 ελ
1218 1072 1252 1136 δέ
1278 1072 1336 1136 καί
1364 1071 1484 1145 habeat,
1513 1092 1601 1135 voees
1629 1071 1709 1134 edat
1754 1070 1838 1151 quod
1864 1069 1890 1132 si
1917 1068 2018 1131 faeere
2043 1068 2205 1147 neglexerit
2226 1078 2252 1130 et

434 1181 499 1258 πῦρ
531 1174 593 1237 οὐκ
623 1176 698 1253 έχει,
729 1173 880 1259 κραυγὰς
911 1180 1091 1261 παρεχέτω.
1141 1184 1168 1243 ελ
1200 1179 1235 1243 δέ
1262 1181 1336 1262 ἀμι-
1363 1179 1502 1241 interitus
1524 1179 1667 1251 evenerit,
1691 1178 1820 1259 seipsum
1844 1176 1988 1258 perdidit,
2014 1176 2040 1238 si
2067 1174 2252 1237 haecomnia

434 1277 556 1356 λήσαςι
589 1292 724 1355 ποιησαι
761 1281 818 1345 καί
851 1283 961 1370 συμβῇ
991 1283 1185 1366 ἀπώλοιαν’,
1218 1284 1337 1350 ἐαυτὸν
1363 1287 1407 1348 ita
1433 1285 1547 1347 fuerint
1573 1286 1751 1348 testimoniis
1777 1283 1915 1366 probata
1960 1282 2005 1345 Et
2030 1283 2057 1343 si
2079 1280 2140 1345 veli
2161 1289 2251 1342 eustos

434 1386 610 1467 ἀπώλεσεν,
634 1392 660 1450 εί
684 1396 793 1452 ταῦτα
815 1386 920 1464 ούτως
942 1392 1219 1476 μαρτυρηθωσιν.
1252 1396 1279 1456 εί
1302 1392 1336 1455 δέ
1362 1392 1524 1472 neglegens
1551 1392 1642 1455 fuerit
1664 1401 1695 1454 et
1721 1390 1833 1470 vigiliis
1854 1389 2045 1472 praepositos
2073 1387 2252 1450 obdormierit

433 1491 490 1557 καὶ
519 1495 538 1557 d
566 1493 763 1575 ἀρμενιστής
790 1496 957 1577 ἀμελήσας
983 1497 1041 1562 καί
1069 1501 1088 1562 δ
1114 1498 1336 1584 βιχλεοφόρος
1364 1497 1452 1561 siouti
1473 1499 1504 1560 in
1520 1498 1625 1561 brevia
1639 1498 1758 1560 delatas
1779 1497 1871 1578 periit
1884 1497 2043 1576 navigans,
2065 1495 2139 1569 eius,
2159 1504 2252 1555 οοπέτε

434 1601 655 1688 ἀποκοιμηθῇ
687 1603 731 1675 ὡς
757 1607 802 1677 είς
832 1603 946 1689 βράχη
973 1606 1123 1670 ἀπώλετο
1155 1607 1337 1689 ἀρμονίζων
1363 1625 1452 1685 quem
1475 1605 1622 1686 impetum
1644 1604 1726 1679 feeit,
1748 1604 1893 1666 damnum
1915 1603 2039 1666 reliciat

433 1705 492 1771 καί
515 1704 555 1770 ὃν
576 1707 710 1792 κρούσει
734 1710 873 1791 ἀζήμιον
896 1711 1101 1797 φυλαττέτω.

352 1817 397 1879 ll·
498 1813 573 1878 Έάν
599 1838 631 1878 τι
655 1816 756 1902 πείθῃ
778 1814 818 1880 τὸ
847 1818 963 1881 πλοῖον
989 1817 1045 1883 καλ
1074 1821 1176 1905 σωθῇ
1203 1818 1337 1884 πελτῶν
1430 1817 1463 1879 Si
1485 1817 1560 1898 quid
1582 1818 1669 1880 navis
1693 1837 1786 1899 passa
1807 1817 1899 1879 tiresit
1920 1825 1952 1880 et
1973 1825 2114 1879 servatae
2136 1816 2252 1877 εἰπέτω
2279 1819 2307 1867 λλ

433 1923 584 2005 ἐμπόρων
611 1922 631 1999 t
658 1922 838 2008 ἐπιβατῶν,
867 1922 905 1988 rd
935 1925 968 1988 δέ
996 1926 1112 1990 πλοῖον
1139 1924 1337 2008 ἀποίληται,8
1363 1935 1564 1986 mercatorum
1585 1934 1616 1987 et
1638 1934 1803 1999 ventorum,
1825 1924 1914 1986 navis
1937 1932 2038 1987 autem
2062 1930 2175 2005 pereat,
2194 1918 2252 1983 res¹

432 2024 477 2093 τά
503 2028 562 2110 μέν
588 2030 819 2114 γραμματεῖα4
846 2033 1015 2114 σωζόμενα
1042 2032 1337 2108 πεντεκαιδεκάτας
1364 2031 1484 2111 quldem
1511 2042 1651 2095 servatae
1672 2032 1812 2112 quintam
1835 2030 1983 2093 decimam
2010 2039 2131 2110 partem
2154 2030 2252 2110 impen-

433 2139 678 2220 παρεχέτωσαν,
707 2140 726 2201 ὁ
750 2137 784 2201 δέ
811 2142 954 2222 ἔμπορος
979 2138 1036 2204 καί
1060 2143 1093 2204 οἱ
1114 2141 1270 2226 ἐπιβάται
1292 2138 1336 2223 μή
1363 2137 1447 2212 dant,
1470 2149 1619 2201 mereator
1640 2147 1743 2201 autem
1765 2147 1796 2200 et
1819 2146 1924 2201 ventor
1945 2157 2007 2199 non
2024 2137 2102 2199 dent
2123 2137 2252 2215 magisne

433 2241 587 2306 δότωσαν
609 2247 657 2325 τῷ
680 2245 853 2330 ναυκλήρῳ
877 2243 916 2310 τὸ
940 2247 1064 2310 πλοῖον.
1363 2246 1450 2307 navis
1473 2246 1721 2308 aestimationem.

380 2349 396 2403 ¹·
498 2346 572 2412 Ἐἀν
605 2351 722 2414 πλοῖον
753 2356 1010 2438 πεφορτωμένον
1042 2353 1157 2417 σῖτονῦ
1188 2358 1222 2417 ἐν
1255 2336 1335 2441 ζοίλῃ
1430 2353 1464 2414 si
1485 2353 1574 2415 navis
1591 2352 1741 2414 lrirmento
1757 2360 1867 2413 onusta
1881 2359 2064 2432 tempestate
2080 2351 2252 2431 oonipiatur,
2278 2352 2307 2399 38·

432 2456 664 2544 καταλειφθῇ,
697 2460 716 2521 δ
746 2456 930 2539 ναύκληρος
962 2459 1134 2546 διφθέρας
1166 2464 1336 2546 παρεχέτω
1362 2459 1507 2538 magister
1544 2459 1690 2540 segestria
1720 2458 1868 2540 praebeat
1898 2469 1929 2521 et
1965 2469 2080 2521 nautae
2116 2457 2252 2519 hauriant

431 2561 490 2625 καλ
522 2566 555 2625 οἱ
581 2562 700 2627 ναύται
731 2566 959 2642 ἀντλήτωσαν.
1009 2571 1036 2630 ελ
1068 2566 1102 2629 δέ
1134 2568 1334 2648 ἀμελήσουσι
1362 2565 1443 2646 quod
1470 2566 1497 2627 si
1521 2566 1554 2627 id
1579 2565 1680 2629 faeere
1708 2565 1897 2645 neglexerint
1923 2573 2020 2628 etex
2047 2564 2168 2626 sentina
2187 2583 2252 2624 onus

432 2668 489 2733 καλ
512 2668 638 2754 βραχεῖ
656 2673 675 2734 ὸ
699 2673 829 2756 φόρτος
851 2677 887 2736 ἐκ
909 2683 968 2749 τῆς
991 2673 1136 2753 ἀντλίας,
1160 2676 1194 2737 ol
1215 2683 1333 2738 ναῦται
1362 2672 1514 2747 madefiat,
1536 2680 1700 2736 nautamm
1722 2672 1868 2735 damnum
1890 2680 1963 2734 esto.
1999 2671 2084 2751 quod
2100 2672 2126 2731 si
2141 2691 2179 2732 ex
2192 2678 2252 2732 tem·

431 2776 705 2857 ζημιούσθωσαν.
750 2782 777 2841 ελ
804 2778 839 2842 δέ
862 2777 929 2842 ἀπὸ
956 2790 1015 2855 της
1041 2780 1141 2859 ζάλης
1163 2783 1182 2844 ὁ
1206 2783 1335 2867 φόρτος
1361 2787 1480 2859 ροεέοεο
1518 2800 1594 2842 onus
1626 2779 1739 2842 damno
1770 2779 1942 2852 adfioiatnr,
1980 2778 2193 2840 detrimentum
2220 2776 2253 2837 sit

432 2883 593 2971 ἀδικηθῇ,
617 2888 924 2958 ἐπιγινωσκέτωσαν
946 2884 1007 2963 τήν
1029 2886 1148 2969 ζημίαν
1171 2885 1241 2951 ὅτι
1259 2886 1334 2952 ναύ-
1361 2886 1499 2966 magistri
1521 2896 1552 2948 et
1574 2895 1737 2949 nautarum
1759 2907 1822 2948 una
1844 2906 1913 2948 oum
1935 2894 2113 2958 mereatore,
2135 2883 2252 2946 deoimra

431 2992 553 3074 κληρος
579 2990 636 3056 καί
665 2994 698 3054 οί
724 3000 844 3056 ναῦται
873 2990 944 3074 ἀμα
971 2998 1019 3074 τῷ
1042 2996 1187 3077 ἐμπόρῳ,
1215 2992 1277 3068 τολς
1300 2994 1334 3058 δέ
1362 3002 1464 3054 autem
1497 2993 1546 3056 vel
1573 3002 1675 3056 sextas
1701 3002 1803 3073 partes
1830 2992 2019 3073 singulam]
2046 3011 2157 3065 rerum,
2186 3009 2252 3071 quae

432 3097 574 3172 δεκάτας
597 3098 616 3175 l>
640 3103 738 3172 έκτας
761 3099 912 3163 ἐκάστων
934 3101 1127 3181 σωζομένων
1141 3102 1334 3182 κομιζέσθω
1362 3109 1434 3162 sunt
1460 3109 1606 3175 servatae
1633 3099 1764 3181 aooipiat
1790 3101 1933 3180 magister
1958 3119 2021 3161 una
2042 3119 2114 3160 oum
2137 3106 2252 3160 naveet

431 3208 450 3269 ὸ
488 3204 673 3287 ναύκληρος
710 3203 781 3286 ἀμα
818 3215 880 3270 τοῦ
916 3207 1034 3271 πλοίου
1068 3206 1125 3272 καλ
1157 3217 1229 3282 τοῖς
1259 3207 1335 3271 ναύ·
1362 3206 1472 3268 nautis.
1517 3207 1600 3269 iaotu
1623 3217 1724 3269 antem
1747 3207 1779 3268 in
1801 3226 1885 3268 mare
1907 3206 1997 3279 facto,
2019 3215 2171 3268 mereator
2183 3204 2252 3285 prior

431 3310 530 3386 ταις.0
575 3311 744 3397 ἀποβολῆς
768 3311 802 3375 δέ
825 3317 997 3394 γενομένης
1019 3318 1063 3389 είς
1087 3314 1287 3393 θάλασσαν,
1315 3316 1334 3377 d
1361 3313 1454 3375 iaoiat
1483 3323 1514 3375 et
1541 3314 1584 3375 sie
1611 3323 1642 3375 et
1668 3323 1782 3376 nautae
1813 3312 1912 3375 faeere
1943 3313 2102 3393 incipiant
2155 3312 2252 3373 Postea

430 3422 573 3504 έμπορος
601 3429 732 3502 πρῶτος
760 3418 903 3498 ῥιπτέτω
931 3418 988 3485 καί
1017 3416 1123 3495 οὕτως
1155 3423 1188 3484 oi
1214 3429 1333 3485 ναῦται
1362 3439 1434 3482 vero
1466 3441 1555 3482 nemo
1587 3430 1749 3482 nautarum
1787 3420 1902 3501 aliquid
1940 3419 2098 3500 surripiat,
2135 3438 2202 3483 nam
2230 3416 2250 3478 si

430 3526 698 3608 ἐπιχειρήτωσαν.
738 3523 837 3592 Metel
861 3526 895 3590 δέ
918 3536 1019 3591 τοῦτο
1042 3526 1153 3609 μηδεὶς
1175 3538 1243 3591 τῶν
1258 3549 1334 3591 ναν-
1361 3526 1478 3602 feeerit,
1510 3528 1542 3590 in
1574 3528 1702 3610 duplum
1732 3527 1837 3591 reddet
1869 3528 1895 3591 is
1926 3526 1979 3608 qui
2010 3527 2084 3590 ieeit
2115 3534 2147 3589 et
2175 3545 2251 3588 omne

430 3643 498 3697 τῶν
525 3631 611 3697 σύλα
638 3634 768 3719 ποιήσῃ.
815 3632 899 3697 είδέ
926 3635 1064 3715 ποιήσα,
1093 3633 1193 3699 διπλᾶ
1220 3633 1333 3700 ἀποδι-
1361 3634 1479 3697 luorum
1502 3635 1621 3697 amittit

431 3741 519 3804 δότω
547 3742 566 3803 δ
593 3739 848 3824 ἐπιβαλλόμενος
873 3738 931 3805 καί
958 3749 1020 3805 τοῦ
1044 3739 1182 3825 κέρδους
1208 3739 1334 3815 παντὸς

430 3849 620 3911 ἐκπιπτέτω.

386 3989 393 4003 ·
495 3951 570 4017 Ἐἀν
597 3953 713 4017 πλοῖον
740 3951 862 4034 μεστὸν
890 3955 986 4019 σίτου
1012 3954 1033 4030 ή
1060 3957 1153 4019 οἴνου
1180 3954 1199 4032 l)
1222 3955 1334 4019 ἐλαίου
1426 3953 1460 4016 si
1482 3954 1570 4016 navis
1585 3953 1677 4035 plena
1691 3952 1841 4017 fi'nmento
1857 3954 1907 4016 vel
1922 3954 1994 4015 vino
2009 3954 2059 4017 vel
2077 3954 2143 4017 oleo
2157 3956 2249 4018 volun·
2275 3947 2302 3994 λέ

429 4060 583 4147 βουλήσει
607 4069 668 4125 τοῦ
688 4060 877 4144 ναυκλήρου
898 4060 957 4124 καί
979 4072 1047 4124 τῶν
1073 4073 1204 4126 ναυτῶν
1228 4061 1333 4139 χαλα-
1360 4068 1424 4123 tate
1442 4061 1580 4141 magistri
1595 4070 1627 4123 et
1641 4069 1805 4123 nautarum
1820 4061 1891 4127 vela
1905 4060 2078 4125 laxantium
2094 4063 2249 4143 pervenerit

430 4169 564 4231 σάντων
591 4163 636 4230 sci
663 4168 791 4251 diopetas
813 4164 890 4231 xal⁷
918 4168 1055 4254 εἰσέλθῃ
1083 4166 1122 4233 τὸ
1150 4169 1267 4232 πλοῖον
1289 4174 1333 4241 εἰς
1360 4167 1400 4230 ad
1424 4167 1522 4229 looum
1551 4168 1600 4230 vel
1627 4168 1667 4231 ad
1694 4168 1767 4229 litus
1795 4167 1914 4230 nolente
1942 4179 2112 4233 mercatore
2138 4179 2168 4232 et
2192 4189 2249 4231 oon·

430 4276 535 4338 τόπον
557 4273 576 4351 ἢ
600 4277 634 4336 ἐν
655 4275 742 4359 ἀκτῇ
759 4271 803 4355 μή
821 4274 1024 4359 βουλομένου
1039 4283 1100 4338 τοῦ
1115 4277 1260 4359 ἐμπόρου
1274 4273 1331 4339 καλ
1358 4275 1458 4353 tingat
1484 4274 1588 4338 navim
1615 4275 1721 4356 perire,
1750 4294 1826 4337 onus
1854 4284 1956 4337 autem
1984 4296 2038 4339 seu
2066 4296 2179 4338 meroes
2199 4295 2249 4337 ser·

430 4381 539 4467 συμβῇ
566 4380 733 4444 ἀπώλειαν
758 4381 919 4461 γενέσθαι
952 4389 1014 4445 τοῦ
1044 4382 1173 4463 πλοίου,
1206 4378 1267 4445 τὸν
1298 4382 1332 4446 δέ
1359 4381 1433 4455 vari,
1461 4380 1579 4442 nullum
1605 4380 1774 4462 perieulum
1805 4382 1971 4462 pertinebit
1998 4383 2038 4446 ad
2065 4392 2248 4446 mercatorem

430 4489 534 4570 γόμον
565 4486 585 4564 l}
618 4483 662 4550 τά
689 4486 818 4573 φορτία
846 4488 1013 4567 σωθῆναι,
1045 4489 1222 4552 ἀκίνδυνον
1249 4485 1331 4553 εἶναι
1359 4507 1399 4548 ex
1421 4487 1531 4549 damno
1558 4488 1658 4562 navis,
1687 4488 1828 4569 quoniam
1856 4487 1955 4550 noluit
1982 4488 2021 4549 ad
2048 4489 2137 4551 illum
2162 4489 2247 4551 looum

430 4591 490 4658 τὸν
517 4597 662 4677 ἐμπορον
690 4598 726 4657 ἐκ
754 4604 813 4670 τῆς
840 4595 956 4676 ζημίας
982 4603 1044 4658 τοῦ
1071 4595 1196 4676 πλοίου,
1224 4594 1331 4672 ἐπειδή
1359 4594 1521 4674 applicare.
1566 4595 1648 4675 quod
1666 4596 1691 4657 si
1707 4615 1786 4659 nave
1808 4596 1866 4657 iter
1880 4596 2018 4670 saoiente,
2041 4596 2153 4659 dixerit
2167 4594 2248 4673 magi·

430 4702 491 4765 ούκ
522 4699 675 4785 ἐβούλετο
707 4700 871 4764 είσελθεῑν
902 4706 946 4774 είς
978 4699 1038 4764 τὸν
1070 4703 1174 4765 τόπον
1200 4706 1330 4765 ἐκεῖνον.
1359 4709 1420 4762 stro
1448 4710 1607 4764 mereator:
1634 4702 1729 4776 „illue
1755 4722 1804 4763 me
1831 4711 1951 4784 oportet
1976 4703 2164 4784 pervenire“,
2189 4721 2247 4763 enm

429 4814 455 4872 εί
486 4807 520 4871 δέ
548 4808 779 4892 ἀρμενίζοντος
806 4816 868 4871 τοῦ
893 4808 1010 4871 πλοίου
1037 4813 1113 4872 elnae
1143 4811 1161 4872 d
1189 4813 1332 4891 έμπορος
1359 4807 1443 4869 loona
1470 4808 1502 4868 in
1530 4808 1650 4888 seriptis
1676 4829 1739 4870 non
1765 4809 1956 4871 contineatur
1982 4818 2075 4890 atque
2099 4810 2170 4872 inde
2190 4827 2248 4869 eon·

429 4919 476 4995 τῷ
495 4914 683 4996 ναυκλήρῳ·
707 4917 761 4994 ,ἐν
783 4918 831 4995 toi
854 4915 946 4996 τόπῳ
969 4914 1077 4996 τούτῳ
1098 4915 1211 5001 χρῄζω
1235 4916 1331 4979 είσελ·
1358 4914 1457 4993 tingat
1479 4934 1590 4979 navem
1612 4916 1719 4996 perire,
1740 4936 1855 4977 meroes
1878 4935 1951 4978 vero
1977 4917 2105 4990 servari,
2134 4914 2248 4996 reoipiat

431 5023 536 5102 θεῖνέέ,
552 5028 614 5084 τοῦ
628 5022 733 5084 τόπου
748 5018 791 5102 μή
807 5025 989 5103 ἐγκειμένου
1005 5026 1038 5085 ἐν
1053 5030 1123 5096 τοῖς
1138 5023 1330 5108 ἐχχράφοις,
1359 5021 1502 5101 magister
1524 5041 1634 5085 navem
1657 5042 1677 5084 a
1698 5031 1868 5085 mercatore
1891 5022 2017 5085 salvam.
2055 5024 2140 5103 quod
2162 5022 2186 5083 si
2205 5039 2247 5083 vo

428 5127 486 5192 καλ
514 5126 623 5212 συμβῇ
651 5127 817 5192 ἀπώλειαν
844 5129 1006 5208 γενέσθαι
1033 5137 1094 5193 τού
1126 5130 1254 5209 πλοίου,
1288 5127 1332 5193 τά
1358 5127 1476 5191 luntate
1499 5128 1655 5209 utriusque
1682 5128 1777 5210 partis
1800 5131 1959 5194 amittatur
1980 5130 2077 5203 navis,
2106 5125 2246 5193 omnisis

430 5234 464 5298 δέ
487 5235 617 5321 φορτία
639 5234 806 5315 σωθῆναι,
831 5232 1094 5318 ἀπολαμβανέτω
1111 5237 1130 5298 ὁ
1146 5235 1331 5318 ναύκληρος
1358 5235 1610 5298 contributionem
1632 5236 1767 5299 veniant

429 5338 468 5405 τὸ
499 5341 615 5407 πλοῖον
644 5351 733 5404 σῶον
761 5339 828 5406 ἀπὸ
856 5350 917 5405 τοῦ
942 5343 1096 5424 ἐμπόρου.
1141 5346 1169 5406 sl
1196 5342 1230 5406 δέ
1252 5343 1330 5429 βου-

428 5449 517 5525 λήσει
547 5457 614 5511 τῶν
640 5450 843 5534 ἀμφοτέρων
874 5446 1100 5532 ἀποβάλλεται
1133 5445 1173 5512 τὸ
1206 5449 1329 5528 πλοῖον,

429 5556 541 5618 πάντα
563 5559 608 5628 είς
631 5553 801 5641 συμβολήν
823 5555 1054 5640 ἐρχέσθωσαν.

499 5730 581 5798 ¹sio,
608 5738 641 5786 ut
667 5732 753 5786 etiam
775 5731 850 5787 alibi.
941 5731 1016 5787 led.
1041 5733 1092 5785 ins.
1115 5733 1256 5805 ῃενίσθοι,
1280 5731 1329 5786 ssd
1429 5731 1493 5786 ¹ad
1511 5730 1564 5787 litt
1583 5733 1767 5787 insoumsnta
1783 5730 1843 5798 (aad
1861 5736 1961 5798 textus,
1980 5733 2049 5789 vitio
2067 5732 2191 5795 laborat).

369 5866 372 5871 .
428 5818 463 5874 ef.
482 5838 508 5890 p.
524 5824 583 5889 113,
601 5838 627 5874 n.
642 5826 666 5875 2.
739 5818 935 5876 'dndlstood
1006 5819 1187 5875 ‘deined
1260 5820 1329 5873 ⁵ita
1576 5848 1580 5857 ·

427 5909 488 5963 eod
564 5908 661 5964 “nota
672 5908 728 5979 ἅμα
746 5925 808 5963 oum
826 5911 956 5981 genetivo
978 5911 1082 5979 pariter
1104 5914 1133 5965 et
1154 5909 1257 5965 dativo.

429 5997 500 6051 lde.
518 5997 548 6051 in
567 5998 609 6052 ed
