<?xml version="1.0" encoding="UTF-8"?>
<!DOCTYPE html PUBLIC "-//W3C//DTD XHTML 1.0 Transitional//EN"
    "http://www.w3.org/TR/xhtml1/DTD/xhtml1-transitional.dtd">
<html xmlns="http://www.w3.org/1999/xhtml" xml:lang="en" lang="en">
 <head>
  <title>
</title>
<meta http-equiv="Content-Type" content="text/html;charset=utf-8" />
  <meta name='ocr-system' content='tesseract 3.04.00' />
  <meta name='ocr-capabilities' content='ocr_page ocr_carea ocr_par ocr_line ocrx_word'/>
</head>
<body>
  <div class='ocr_page' id='page_1' title='image "./supplementumedi00linggoog/supplementumedi00linggoog_0348.png"; bbox 0 0 4978 7018; ppageno 0'>
   <div class='ocr_carea' id='block_1_1' title="bbox 404 463 1470 533">
    <p class='ocr_par' dir='ltr' id='par_1_1' title="bbox 404 463 1470 533">
     <span class='ocr_line' id='line_1_1' title="bbox 404 463 1470 533; baseline -0.003 0"><span class='ocrx_word' id='word_1_1' title='bbox 404 488 465 533; x_wconf 92' lang='lat' dir='ltr'>v111</span> <span class='ocrx_word' id='word_1_2' title='bbox 1177 463 1470 532; x_wconf 75' lang='lat' dir='ltr'><strong>PRAEFATIO.</strong></span> 
     </span>
    </p>
   </div>
   <div class='ocr_carea' id='block_1_2' title="bbox 399 645 2239 4457">
    <p class='ocr_par' dir='ltr' id='par_1_2' title="bbox 404 645 2239 1055">
     <span class='ocr_line' id='line_1_2' title="bbox 404 645 2239 732; baseline 0.001 -21"><span class='ocrx_word' id='word_1_3' title='bbox 404 648 564 732; x_wconf 88' lang='grc' dir='ltr'><em>μάγειρον</em></span> <span class='ocrx_word' id='word_1_4' title='bbox 591 648 703 723; x_wconf 88' lang='grc' dir='ltr'><em>άπλῶς</em></span> <span class='ocrx_word' id='word_1_5' title='bbox 730 645 830 711; x_wconf 73' lang='grc' dir='ltr'><em>εἰπὼν</em></span> <span class='ocrx_word' id='word_1_6' title='bbox 855 646 912 711; x_wconf 85' lang='grc' dir='ltr'><em>καλ</em></span> <span class='ocrx_word' id='word_1_7' title='bbox 939 652 1040 728; x_wconf 99' lang='grc' dir='ltr'><em>μέσον</em></span> <span class='ocrx_word' id='word_1_8' title='bbox 1063 647 1207 711; x_wconf 79' lang='grc' dir='ltr'><em>δίδωσιν.</em></span> <span class='ocrx_word' id='word_1_9' title='bbox 1252 646 1308 711; x_wconf 78' lang='grc' dir='ltr'><em>καί</em></span> <span class='ocrx_word' id='word_1_10' title='bbox 1337 648 1381 709; x_wconf 90' lang='lat' dir='ltr'>ait</span> <span class='ocrx_word' id='word_1_11' title='bbox 1407 648 1499 708; x_wconf 90' lang='lat' dir='ltr'>etiam</span> <span class='ocrx_word' id='word_1_12' title='bbox 1521 647 1700 710; x_wconf 78' lang='lat' dir='ltr'>mediocrem</span> <span class='ocrx_word' id='word_1_13' title='bbox 1728 648 1801 710; x_wconf 89' lang='lat' dir='ltr'>dare</span> <span class='ocrx_word' id='word_1_14' title='bbox 1823 656 1930 728; x_wconf 86' lang='lat' dir='ltr'>potest.</span> <span class='ocrx_word' id='word_1_15' title='bbox 1976 657 2006 710; x_wconf 92' lang='lat' dir='ltr'>et</span> <span class='ocrx_word' id='word_1_16' title='bbox 2032 649 2111 711; x_wconf 91' lang='lat' dir='ltr'>idem</span> <span class='ocrx_word' id='word_1_17' title='bbox 2139 649 2239 713; x_wconf 91' lang='lat' dir='ltr'>dioen-</span> 
     </span>
     <span class='ocr_line' id='line_1_3' title="bbox 405 752 2239 838; baseline 0.001 -21"><span class='ocrx_word' id='word_1_18' title='bbox 405 752 457 817; x_wconf 80' lang='grc' dir='ltr'>ἐπλ</span> <span class='ocrx_word' id='word_1_19' title='bbox 480 765 548 817; x_wconf 92' lang='grc' dir='ltr'>τῶν</span> <span class='ocrx_word' id='word_1_20' title='bbox 570 755 694 819; x_wconf 89' lang='grc' dir='ltr'><em>λοιπῶν</em></span> <span class='ocrx_word' id='word_1_21' title='bbox 716 765 841 833; x_wconf 78' lang='grc' dir='ltr'><em>τεχνῶν</em></span> <span class='ocrx_word' id='word_1_22' title='bbox 856 752 896 819; x_wconf 85' lang='grc' dir='ltr'>τὸ</span> <span class='ocrx_word' id='word_1_23' title='bbox 919 755 1012 819; x_wconf 81' lang='grc' dir='ltr'><em>αὐτό.</em></span> <span class='ocrx_word' id='word_1_24' title='bbox 1050 752 1107 818; x_wconf 79' lang='grc' dir='ltr'><em>καὶ</em></span> <span class='ocrx_word' id='word_1_25' title='bbox 1123 752 1181 818; x_wconf 84' lang='grc' dir='ltr'>ἐάν</span> <span class='ocrx_word' id='word_1_26' title='bbox 1196 756 1309 829; x_wconf 88' lang='grc' dir='ltr'><em>ἀπλῶς</em></span> <span class='ocrx_word' id='word_1_27' title='bbox 1337 754 1409 816; x_wconf 90' lang='lat' dir='ltr'>dum</span> <span class='ocrx_word' id='word_1_28' title='bbox 1432 763 1479 815; x_wconf 93' lang='lat' dir='ltr'>est</span> <span class='ocrx_word' id='word_1_29' title='bbox 1506 754 1543 815; x_wconf 92' lang='lat' dir='ltr'>de</span> <span class='ocrx_word' id='word_1_30' title='bbox 1571 756 1678 816; x_wconf 88' lang='lat' dir='ltr'>ceteris</span> <span class='ocrx_word' id='word_1_31' title='bbox 1701 754 1843 817; x_wconf 86' lang='lat' dir='ltr'>artificiis.</span> <span class='ocrx_word' id='word_1_32' title='bbox 1888 763 1919 817; x_wconf 90' lang='lat' dir='ltr'>et</span> <span class='ocrx_word' id='word_1_33' title='bbox 1946 755 1969 817; x_wconf 92' lang='lat' dir='ltr'>si</span> <span class='ocrx_word' id='word_1_34' title='bbox 1993 754 2103 817; x_wconf 81' lang='lat' dir='ltr'>dixerit</span> <span class='ocrx_word' id='word_1_35' title='bbox 2125 757 2239 838; x_wconf 90' lang='lat' dir='ltr'>simpli-</span> 
     </span>
     <span class='ocr_line' id='line_1_4' title="bbox 404 858 2238 946; baseline 0.001 -23"><span class='ocrx_word' id='word_1_36' title='bbox 404 864 477 946; x_wconf 82' lang='grc' dir='ltr'><em>είπη</em></span> <span class='ocrx_word' id='word_1_37' title='bbox 505 858 565 924; x_wconf 86' lang='grc' dir='ltr'>τὸν</span> <span class='ocrx_word' id='word_1_38' title='bbox 592 861 712 925; x_wconf 80' lang='grc' dir='ltr'><em>δοῦλον</em></span> <span class='ocrx_word' id='word_1_39' title='bbox 739 860 912 925; x_wconf 86' lang='grc' dir='ltr'><em>πεκούλιον</em></span> <span class='ocrx_word' id='word_1_40' title='bbox 940 864 1033 942; x_wconf 78' lang='grc' dir='ltr'><em>ἐχειν,</em></span> <span class='ocrx_word' id='word_1_41' title='bbox 1063 863 1161 945; x_wconf 88' lang='grc' dir='ltr'><em>ἀρκεῖ</em></span> <span class='ocrx_word' id='word_1_42' title='bbox 1183 860 1240 925; x_wconf 83' lang='grc' dir='ltr'><em>καλ</em></span> <span class='ocrx_word' id='word_1_43' title='bbox 1268 859 1308 926; x_wconf 82' lang='grc' dir='ltr'>τὸ</span> <span class='ocrx_word' id='word_1_44' title='bbox 1336 861 1411 922; x_wconf 87' lang='lat' dir='ltr'>citer</span> <span class='ocrx_word' id='word_1_45' title='bbox 1433 880 1554 922; x_wconf 88' lang='lat' dir='ltr'>servum</span> <span class='ocrx_word' id='word_1_46' title='bbox 1576 861 1730 941; x_wconf 91' lang='lat' dir='ltr'>peculium</span> <span class='ocrx_word' id='word_1_47' title='bbox 1754 861 1879 935; x_wconf 85' lang='lat' dir='ltr'>habere,</span> <span class='ocrx_word' id='word_1_48' title='bbox 1908 861 2020 923; x_wconf 86' lang='lat' dir='ltr'>sufficit</span> <span class='ocrx_word' id='word_1_49' title='bbox 2045 869 2076 923; x_wconf 93' lang='lat' dir='ltr'>et</span> <span class='ocrx_word' id='word_1_50' title='bbox 2102 864 2128 924; x_wconf 95' lang='lat' dir='ltr'>si</span> <span class='ocrx_word' id='word_1_51' title='bbox 2150 863 2238 924; x_wconf 91' lang='lat' dir='ltr'>mini·</span> 
     </span>
     <span class='ocr_line' id='line_1_5' title="bbox 404 930 1562 1055; baseline -0.002 -24"><span class='ocrx_word' id='word_1_52' title='bbox 404 967 583 1045; x_wconf 78' lang='grc' dir='ltr'><em>ἐλάχιστον</em></span> <span class='ocrx_word' id='word_1_53' title='bbox 602 971 699 1046; x_wconf 80' lang='grc' dir='ltr'><em>έγεινι</em></span> <span class='ocrx_word' id='word_1_54' title='bbox 716 1006 758 1015; x_wconf 95' lang='grc'>-</span> <span class='ocrx_word' id='word_1_55' title='bbox 1077 969 1112 1032; x_wconf 85' lang='lat' dir='ltr'>fr.</span> <span class='ocrx_word' id='word_1_56' title='bbox 1132 971 1180 1030; x_wconf 88' lang='lat'>18.</span> <span class='ocrx_word' id='word_1_57' title='bbox 1198 975 1214 1046; x_wconf 69' lang='grc' dir='ltr'><strong>ξ</strong></span> <span class='ocrx_word' id='word_1_58' title='bbox 1234 970 1261 1030; x_wconf 92' lang='grc'>1.</span> <span class='ocrx_word' id='word_1_59' title='bbox 1278 973 1307 1031; x_wconf 88' lang='grc'>2.</span> <span class='ocrx_word' id='word_1_60' title='bbox 1320 930 1323 1055; x_wconf 65' lang='lat' dir='ltr'>l</span> <span class='ocrx_word' id='word_1_61' title='bbox 1337 986 1419 1028; x_wconf 90' lang='lat' dir='ltr'>mum</span> <span class='ocrx_word' id='word_1_62' title='bbox 1442 966 1562 1029; x_wconf 86' lang='lat' dir='ltr'>habeat</span> 
     </span>
    </p>

    <p class='ocr_par' dir='ltr' id='par_1_3' title="bbox 403 1060 2238 1474">
     <span class='ocr_line' id='line_1_6' title="bbox 471 1060 2238 1159; baseline 0.001 -22"><span class='ocrx_word' id='word_1_63' title='bbox 471 1074 564 1138; x_wconf 70' lang='lat' dir='ltr'>ntae</span> <span class='ocrx_word' id='word_1_64' title='bbox 592 1073 627 1158; x_wconf 78' lang='grc' dir='ltr'>ἐξ</span> <span class='ocrx_word' id='word_1_65' title='bbox 658 1085 770 1156; x_wconf 88' lang='grc' dir='ltr'><em>μηνῶν</em></span> <span class='ocrx_word' id='word_1_66' title='bbox 801 1075 919 1138; x_wconf 72' lang='lat' dir='ltr'>utiliore</span> <span class='ocrx_word' id='word_1_67' title='bbox 951 1074 1209 1159; x_wconf 72' lang='grc' dir='ltr'>ἀριθμουμένων</span> <span class='ocrx_word' id='word_1_68' title='bbox 1240 1060 1323 1140; x_wconf 85' lang='grc' dir='ltr'>ἀπὸΙ</span> <span class='ocrx_word' id='word_1_69' title='bbox 1402 1074 1490 1136; x_wconf 90' lang='lat' dir='ltr'>Intra</span> <span class='ocrx_word' id='word_1_70' title='bbox 1517 1093 1571 1136; x_wconf 90' lang='lat' dir='ltr'>sex</span> <span class='ocrx_word' id='word_1_71' title='bbox 1597 1095 1716 1137; x_wconf 87' lang='lat' dir='ltr'>meuses</span> <span class='ocrx_word' id='word_1_72' title='bbox 1738 1074 1829 1137; x_wconf 91' lang='lat' dir='ltr'>utiles</span> <span class='ocrx_word' id='word_1_73' title='bbox 1858 1084 2033 1156; x_wconf 89' lang='lat' dir='ltr'>atempore</span> <span class='ocrx_word' id='word_1_74' title='bbox 2055 1076 2238 1139; x_wconf 83' lang='lat' dir='ltr'>venditionis</span> 
     </span>
     <span class='ocr_line' id='line_1_7' title="bbox 403 1179 2238 1270; baseline 0.002 -27"><span class='ocrx_word' id='word_1_75' title='bbox 403 1189 466 1244; x_wconf 83' lang='grc' dir='ltr'>τοῦ</span> <span class='ocrx_word' id='word_1_76' title='bbox 487 1190 609 1266; x_wconf 79' lang='grc' dir='ltr'><strong><em>καιροῦ</em></strong></span> <span class='ocrx_word' id='word_1_77' title='bbox 636 1182 709 1266; x_wconf 78' lang='grc' dir='ltr'><em>[τῆς</em></span> <span class='ocrx_word' id='word_1_78' title='bbox 732 1182 886 1266; x_wconf 89' lang='grc' dir='ltr'><em>πράσεως</em></span> <span class='ocrx_word' id='word_1_79' title='bbox 912 1184 932 1258; x_wconf 78' lang='grc' dir='ltr'><em>ἡ</em></span> <span class='ocrx_word' id='word_1_80' title='bbox 960 1183 1239 1270; x_wconf 87' lang='grc' dir='ltr'><em>ἀναστρέφουσα]</em></span> <span class='ocrx_word' id='word_1_81' title='bbox 1268 1179 1307 1246; x_wconf 87' lang='grc' dir='ltr'>τὸ</span> <span class='ocrx_word' id='word_1_82' title='bbox 1336 1190 1507 1243; x_wconf 87' lang='lat' dir='ltr'>numeratos</span> <span class='ocrx_word' id='word_1_83' title='bbox 1531 1181 1728 1243; x_wconf 77' lang='lat' dir='ltr'>redhibitoria</span> <span class='ocrx_word' id='word_1_84' title='bbox 1750 1182 1829 1244; x_wconf 88' lang='lat' dir='ltr'>actio</span> <span class='ocrx_word' id='word_1_85' title='bbox 1848 1191 2017 1256; x_wconf 79' lang='lat' dir='ltr'>exercenu3</span> <span class='ocrx_word' id='word_1_86' title='bbox 2041 1182 2120 1246; x_wconf 81' lang='lat' dir='ltr'>ectio</span> <span class='ocrx_word' id='word_1_87' title='bbox 2135 1192 2238 1247; x_wconf 88' lang='lat' dir='ltr'>autem</span> 
     </span>
     <span class='ocr_line' id='line_1_8' title="bbox 404 1285 1962 1372; baseline -0.001 -22"><span class='ocrx_word' id='word_1_88' title='bbox 404 1287 540 1372; x_wconf 81' lang='grc' dir='ltr'><em>πραθὲν</em></span> <span class='ocrx_word' id='word_1_89' title='bbox 563 1286 676 1369; x_wconf 75' lang='grc' dir='ltr'><em>ἀγωγὴ</em></span> <span class='ocrx_word' id='word_1_90' title='bbox 699 1298 850 1352; x_wconf 87' lang='grc' dir='ltr'><em>κινεῖται·</em></span> <span class='ocrx_word' id='word_1_91' title='bbox 874 1290 893 1364; x_wconf 81' lang='grc' dir='ltr'><em>ἡ</em></span> <span class='ocrx_word' id='word_1_92' title='bbox 918 1288 951 1352; x_wconf 81' lang='grc' dir='ltr'><em>δέ</em></span> <span class='ocrx_word' id='word_1_93' title='bbox 973 1296 1113 1370; x_wconf 78' lang='grc' dir='ltr'><em>μειοῦσα</em></span> <span class='ocrx_word' id='word_1_94' title='bbox 1127 1285 1167 1352; x_wconf 85' lang='grc' dir='ltr'>τὸ</span> <span class='ocrx_word' id='word_1_95' title='bbox 1182 1290 1308 1371; x_wconf 86' lang='grc' dir='ltr'><em>τίμημα</em></span> <span class='ocrx_word' id='word_1_96' title='bbox 1337 1289 1442 1367; x_wconf 87' lang='lat' dir='ltr'>quanti</span> <span class='ocrx_word' id='word_1_97' title='bbox 1465 1286 1588 1350; x_wconf 86' lang='lat' dir='ltr'>minoris</span> <span class='ocrx_word' id='word_1_98' title='bbox 1612 1289 1692 1349; x_wconf 88' lang='lat' dir='ltr'>intra</span> <span class='ocrx_word' id='word_1_99' title='bbox 1715 1308 1827 1350; x_wconf 90' lang='lat' dir='ltr'>annum</span> <span class='ocrx_word' id='word_1_100' title='bbox 1850 1288 1962 1350; x_wconf 89' lang='lat' dir='ltr'>utilem.</span> 
     </span>
     <span class='ocr_line' id='line_1_9' title="bbox 404 1390 1307 1474; baseline 0.003 -19"><span class='ocrx_word' id='word_1_101' title='bbox 404 1390 518 1474; x_wconf 78' lang='grc' dir='ltr'><em>ἀγωγὴ</em></span> <span class='ocrx_word' id='word_1_102' title='bbox 542 1397 618 1457; x_wconf 85' lang='grc' dir='ltr'><em>είσω</em></span> <span class='ocrx_word' id='word_1_103' title='bbox 641 1395 731 1458; x_wconf 80' lang='lat' dir='ltr'>utillu</span> <span class='ocrx_word' id='word_1_104' title='bbox 754 1399 918 1459; x_wconf 68' lang='lat' dir='ltr'>tremeret:</span> <span class='ocrx_word' id='word_1_105' title='bbox 936 1432 978 1443; x_wconf 94' lang='lat'>—</span> <span class='ocrx_word' id='word_1_106' title='bbox 1123 1395 1158 1457; x_wconf 85' lang='lat' dir='ltr'>fr.</span> <span class='ocrx_word' id='word_1_107' title='bbox 1178 1396 1226 1459; x_wconf 90' lang='grc'>19.</span> <span class='ocrx_word' id='word_1_108' title='bbox 1246 1402 1261 1473; x_wconf 82' lang='lat'><strong>§</strong></span> <span class='ocrx_word' id='word_1_109' title='bbox 1279 1401 1307 1458; x_wconf 88' lang='lat'>6.</span> 
     </span>
    </p>

    <p class='ocr_par' dir='ltr' id='par_1_4' title="bbox 401 1499 2238 2007">
     <span class='ocr_line' id='line_1_10' title="bbox 471 1499 2238 1585; baseline 0.002 -23"><span class='ocrx_word' id='word_1_110' title='bbox 471 1500 513 1563; x_wconf 83' lang='lat' dir='ltr'>El</span> <span class='ocrx_word' id='word_1_111' title='bbox 536 1499 570 1563; x_wconf 84' lang='grc' dir='ltr'><em>δέ</em></span> <span class='ocrx_word' id='word_1_112' title='bbox 594 1523 625 1564; x_wconf 88' lang='grc' dir='ltr'>τι</span> <span class='ocrx_word' id='word_1_113' title='bbox 650 1501 773 1579; x_wconf 79' lang='grc' dir='ltr'><em>ἐλέχθη</em></span> <span class='ocrx_word' id='word_1_114' title='bbox 797 1500 817 1578; x_wconf 75' lang='grc' dir='ltr'>ἢ</span> <span class='ocrx_word' id='word_1_115' title='bbox 840 1501 1042 1583; x_wconf 83' lang='grc' dir='ltr'><em>ἐπαγγέλθη,</em></span> <span class='ocrx_word' id='word_1_116' title='bbox 1071 1504 1183 1566; x_wconf 80' lang='grc' dir='ltr'><em>έκτοτε</em></span> <span class='ocrx_word' id='word_1_117' title='bbox 1207 1503 1308 1585; x_wconf 88' lang='grc' dir='ltr'><em>άριθ-</em></span> <span class='ocrx_word' id='word_1_118' title='bbox 1403 1499 1437 1563; x_wconf 81' lang='lat' dir='ltr'>si</span> <span class='ocrx_word' id='word_1_119' title='bbox 1467 1520 1539 1563; x_wconf 92' lang='lat' dir='ltr'>vero</span> <span class='ocrx_word' id='word_1_120' title='bbox 1570 1500 1642 1582; x_wconf 89' lang='lat' dir='ltr'>quid</span> <span class='ocrx_word' id='word_1_121' title='bbox 1674 1501 1788 1564; x_wconf 91' lang='lat' dir='ltr'>dictum</span> <span class='ocrx_word' id='word_1_122' title='bbox 1826 1502 2045 1582; x_wconf 80' lang='lat' dir='ltr'>promissumve</span> <span class='ocrx_word' id='word_1_123' title='bbox 2076 1503 2128 1578; x_wconf 89' lang='lat' dir='ltr'>sit,</span> <span class='ocrx_word' id='word_1_124' title='bbox 2166 1503 2238 1565; x_wconf 87' lang='lat' dir='ltr'>inde</span> 
     </span>
     <span class='ocr_line' id='line_1_11' title="bbox 402 1604 2237 1699; baseline 0.001 -31"><span class='ocrx_word' id='word_1_125' title='bbox 402 1615 519 1686; x_wconf 88' lang='grc' dir='ltr'><em>μεῖται.</em></span> <span class='ocrx_word' id='word_1_126' title='bbox 563 1611 588 1670; x_wconf 84' lang='grc' dir='ltr'>εὶ</span> <span class='ocrx_word' id='word_1_127' title='bbox 615 1615 727 1688; x_wconf 86' lang='grc' dir='ltr'><em>μέντοι</em></span> <span class='ocrx_word' id='word_1_128' title='bbox 751 1604 814 1692; x_wconf 85' lang='grc' dir='ltr'>πρὸ</span> <span class='ocrx_word' id='word_1_129' title='bbox 839 1619 897 1684; x_wconf 82' lang='grc' dir='ltr'><em>τῆς</em></span> <span class='ocrx_word' id='word_1_130' title='bbox 925 1609 1093 1693; x_wconf 78' lang='grc' dir='ltr'>[πράσεως</span> <span class='ocrx_word' id='word_1_131' title='bbox 1120 1609 1264 1693; x_wconf 83' lang='grc' dir='ltr'><em>γέγονεν]</em></span> <span class='ocrx_word' id='word_1_132' title='bbox 1287 1612 1513 1699; x_wconf 54' lang='grc' dir='ltr'><em>ηὶνυιιιετεέυε</em></span> <span class='ocrx_word' id='word_1_133' title='bbox 1544 1607 1695 1689; x_wconf 89' lang='lat' dir='ltr'>(tempus).</span> <span class='ocrx_word' id='word_1_134' title='bbox 1748 1607 1829 1688; x_wconf 80' lang='lat' dir='ltr'>quod</span> <span class='ocrx_word' id='word_1_135' title='bbox 1867 1608 1893 1670; x_wconf 93' lang='lat' dir='ltr'>si</span> <span class='ocrx_word' id='word_1_136' title='bbox 1930 1617 2001 1671; x_wconf 87' lang='lat' dir='ltr'>ante</span> <span class='ocrx_word' id='word_1_137' title='bbox 2032 1609 2237 1671; x_wconf 88' lang='lat' dir='ltr'>venditionem</span> 
     </span>
     <span class='ocr_line' id='line_1_12' title="bbox 402 1712 2236 1800; baseline 0.001 -24"><span class='ocrx_word' id='word_1_138' title='bbox 402 1713 593 1794; x_wconf 87' lang='grc' dir='ltr'><em>ἐπαγγελία,</em></span> <span class='ocrx_word' id='word_1_139' title='bbox 620 1712 703 1796; x_wconf 83' lang='grc' dir='ltr'><em>μετά</em></span> <span class='ocrx_word' id='word_1_140' title='bbox 730 1714 765 1778; x_wconf 80' lang='grc' dir='ltr'><em>δέ</em></span> <span class='ocrx_word' id='word_1_141' title='bbox 791 1735 885 1788; x_wconf 91' lang='grc' dir='ltr'><em>τινας</em></span> <span class='ocrx_word' id='word_1_142' title='bbox 911 1717 1034 1799; x_wconf 74' lang='grc' dir='ltr'><em>ἡμέρας</em></span> <span class='ocrx_word' id='word_1_143' title='bbox 1056 1717 1076 1792; x_wconf 82' lang='grc' dir='ltr'><em>η</em></span> <span class='ocrx_word' id='word_1_144' title='bbox 1099 1718 1306 1800; x_wconf 77' lang='grc' dir='ltr'><em>ἐπερώτησις,</em></span> <span class='ocrx_word' id='word_1_145' title='bbox 1320 1714 1323 1785; x_wconf 76' lang='grc' dir='ltr'><em>λ</em></span> <span class='ocrx_word' id='word_1_146' title='bbox 1336 1713 1450 1776; x_wconf 89' lang='lat' dir='ltr'>dictum</span> <span class='ocrx_word' id='word_1_147' title='bbox 1473 1715 1681 1789; x_wconf 88' lang='lat' dir='ltr'>intercesserit,</span> <span class='ocrx_word' id='word_1_148' title='bbox 1704 1723 1832 1795; x_wconf 80' lang='lat' dir='ltr'>postque</span> <span class='ocrx_word' id='word_1_149' title='bbox 1854 1714 1971 1796; x_wconf 77' lang='lat' dir='ltr'>aliquot</span> <span class='ocrx_word' id='word_1_150' title='bbox 1989 1715 2054 1777; x_wconf 90' lang='lat' dir='ltr'>dies</span> <span class='ocrx_word' id='word_1_151' title='bbox 2070 1716 2236 1797; x_wconf 75' lang='lat' dir='ltr'>stipulatio,</span> 
     </span>
     <span class='ocr_line' id='line_1_13' title="bbox 403 1792 1940 1905; baseline 0.001 -23"><span class='ocrx_word' id='word_1_152' title='bbox 403 1822 439 1883; x_wconf 84' lang='grc' dir='ltr'>ἐκ</span> <span class='ocrx_word' id='word_1_153' title='bbox 475 1830 534 1897; x_wconf 76' lang='grc' dir='ltr'><em>τῆς</em></span> <span class='ocrx_word' id='word_1_154' title='bbox 572 1822 738 1905; x_wconf 82' lang='grc' dir='ltr'><em>προτέρας</em></span> <span class='ocrx_word' id='word_1_155' title='bbox 775 1822 886 1894; x_wconf 86' lang='grc' dir='ltr'><em>αίτίας</em></span> <span class='ocrx_word' id='word_1_156' title='bbox 923 1832 1129 1905; x_wconf 73' lang='grc' dir='ltr'><em>παραχρῆμα</em></span> <span class='ocrx_word' id='word_1_157' title='bbox 1167 1821 1305 1887; x_wconf 81' lang='grc' dir='ltr'><em>δύναται</em></span> <span class='ocrx_word' id='word_1_158' title='bbox 1320 1792 1323 1837; x_wconf 67' lang='lat'>¹</span> <span class='ocrx_word' id='word_1_159' title='bbox 1336 1841 1375 1882; x_wconf 83' lang='lat' dir='ltr'>ex</span> <span class='ocrx_word' id='word_1_160' title='bbox 1396 1821 1497 1901; x_wconf 87' lang='lat' dir='ltr'>priore</span> <span class='ocrx_word' id='word_1_161' title='bbox 1520 1841 1614 1883; x_wconf 85' lang='lat' dir='ltr'>causa</span> <span class='ocrx_word' id='word_1_162' title='bbox 1636 1822 1739 1883; x_wconf 86' lang='lat' dir='ltr'>stetim</span> <span class='ocrx_word' id='word_1_163' title='bbox 1762 1822 1811 1901; x_wconf 87' lang='lat' dir='ltr'>agi</span> <span class='ocrx_word' id='word_1_164' title='bbox 1833 1829 1940 1902; x_wconf 89' lang='lat' dir='ltr'>potest</span> 
     </span>
     <span class='ocr_line' id='line_1_14' title="bbox 401 1929 1306 2007; baseline 0.003 -18"><span class='ocrx_word' id='word_1_165' title='bbox 401 1934 514 1989; x_wconf 80' lang='grc' dir='ltr'><em>κινεῖνι</em></span> <span class='ocrx_word' id='word_1_166' title='bbox 532 1962 572 1974; x_wconf 91' lang='grc'><strong>-</strong></span> <span class='ocrx_word' id='word_1_167' title='bbox 1043 1929 1079 1991; x_wconf 82' lang='lat' dir='ltr'>fr.</span> <span class='ocrx_word' id='word_1_168' title='bbox 1100 1930 1149 1991; x_wconf 90' lang='grc'>19.</span> <span class='ocrx_word' id='word_1_169' title='bbox 1167 1936 1184 2007; x_wconf 65' lang='grc' dir='ltr'>ἓ</span> <span class='ocrx_word' id='word_1_170' title='bbox 1202 1934 1230 1993; x_wconf 92' lang='grc'>6.</span> <span class='ocrx_word' id='word_1_171' title='bbox 1256 1933 1306 1992; x_wconf 84' lang='grc'>20.</span> 
     </span>
    </p>

    <p class='ocr_par' dir='ltr' id='par_1_5' title="bbox 401 2033 2190 2225">
     <span class='ocr_line' id='line_1_15' title="bbox 475 2033 2190 2117; baseline 0.001 -21"><span class='ocrx_word' id='word_1_172' title='bbox 475 2034 556 2107; x_wconf 83' lang='grc' dir='ltr'><em>Ταῖς</em></span> <span class='ocrx_word' id='word_1_173' title='bbox 581 2034 796 2116; x_wconf 88' lang='grc' dir='ltr'><em>[ποινα]λιάις</em></span> <span class='ocrx_word' id='word_1_174' title='bbox 818 2036 966 2116; x_wconf 89' lang='grc' dir='ltr'><em>ἀγωγαῖς</em></span> <span class='ocrx_word' id='word_1_175' title='bbox 987 2036 1152 2098; x_wconf 89' lang='lat' dir='ltr'>aediliciais</span> <span class='ocrx_word' id='word_1_176' title='bbox 1175 2038 1306 2117; x_wconf 87' lang='grc' dir='ltr'><em>ένάγον-</em></span> <span class='ocrx_word' id='word_1_177' title='bbox 1401 2033 1585 2096; x_wconf 86' lang='lat' dir='ltr'>Poenalibus</span> <span class='ocrx_word' id='word_1_178' title='bbox 1609 2034 1753 2097; x_wconf 87' lang='lat' dir='ltr'>cediliciis</span> <span class='ocrx_word' id='word_1_179' title='bbox 1777 2034 1946 2098; x_wconf 87' lang='lat' dir='ltr'>actionibus</span> <span class='ocrx_word' id='word_1_180' title='bbox 1969 2044 2112 2098; x_wconf 88' lang='lat' dir='ltr'>tenentur</span> <span class='ocrx_word' id='word_1_181' title='bbox 2134 2046 2190 2099; x_wconf 90' lang='lat' dir='ltr'>etc.</span> 
     </span>
     <span class='ocr_line' id='line_1_16' title="bbox 401 2143 1306 2225; baseline 0.003 -22"><span class='ocrx_word' id='word_1_182' title='bbox 401 2161 458 2204; x_wconf 88' lang='grc' dir='ltr'><em>ται</em></span> <span class='ocrx_word' id='word_1_183' title='bbox 482 2148 537 2203; x_wconf 89' lang='lat' dir='ltr'>etc.</span> <span class='ocrx_word' id='word_1_184' title='bbox 1099 2143 1147 2220; x_wconf 84' lang='lat' dir='ltr'>(fr.</span> <span class='ocrx_word' id='word_1_185' title='bbox 1165 2147 1215 2205; x_wconf 83' lang='lat'>23.</span> <span class='ocrx_word' id='word_1_186' title='bbox 1232 2150 1248 2221; x_wconf 64' lang='grc' dir='ltr'><strong>ξ</strong></span> <span class='ocrx_word' id='word_1_187' title='bbox 1266 2147 1306 2225; x_wconf 88' lang='lat'>6.)</span> 
     </span>
    </p>

    <p class='ocr_par' dir='ltr' id='par_1_6' title="bbox 401 2244 1837 2434">
     <span class='ocr_line' id='line_1_17' title="bbox 468 2244 1837 2335; baseline 0.002 -27"><span class='ocrx_word' id='word_1_188' title='bbox 468 2247 508 2308; x_wconf 93' lang='lat' dir='ltr'>In</span> <span class='ocrx_word' id='word_1_189' title='bbox 529 2247 563 2309; x_wconf 70' lang='grc' dir='ltr'>λι</span> <span class='ocrx_word' id='word_1_190' title='bbox 591 2244 652 2324; x_wconf 79' lang='grc' dir='ltr'>τὴν</span> <span class='ocrx_word' id='word_1_191' title='bbox 679 2249 962 2335; x_wconf 79' lang='grc' dir='ltr'><em>ἀναστρέφουσαν</em></span> <span class='ocrx_word' id='word_1_192' title='bbox 989 2246 1029 2313; x_wconf 84' lang='grc' dir='ltr'>τὸ</span> <span class='ocrx_word' id='word_1_193' title='bbox 1058 2250 1193 2333; x_wconf 75' lang='grc' dir='ltr'><em>πραθὲν</em></span> <span class='ocrx_word' id='word_1_194' title='bbox 1221 2249 1305 2331; x_wconf 82' lang='grc' dir='ltr'><em>ἀγω-</em></span> <span class='ocrx_word' id='word_1_195' title='bbox 1400 2247 1508 2309; x_wconf 90' lang='lat' dir='ltr'>Versio</span> <span class='ocrx_word' id='word_1_196' title='bbox 1529 2267 1591 2309; x_wconf 93' lang='lat' dir='ltr'>non</span> <span class='ocrx_word' id='word_1_197' title='bbox 1614 2257 1660 2309; x_wconf 91' lang='lat' dir='ltr'>est</span> <span class='ocrx_word' id='word_1_198' title='bbox 1682 2249 1837 2311; x_wconf 83' lang='lat' dir='ltr'>mutanda.</span> 
     </span>
     <span class='ocr_line' id='line_1_18' title="bbox 401 2353 534 2434; baseline 0.015 -20"><span class='ocrx_word' id='word_1_199' title='bbox 401 2353 475 2434; x_wconf 78' lang='grc' dir='ltr'><em>γήνε</em></span> <span class='ocrx_word' id='word_1_200' title='bbox 492 2389 534 2401; x_wconf 90' lang='grc'><strong>-</strong></span> 
     </span>
    </p>

    <p class='ocr_par' dir='ltr' id='par_1_7' title="bbox 402 2458 2234 2755">
     <span class='ocr_line' id='line_1_19' title="bbox 468 2458 2234 2548; baseline 0.002 -27"><span class='ocrx_word' id='word_1_201' title='bbox 468 2459 504 2521; x_wconf 82' lang='lat' dir='ltr'>fr.</span> <span class='ocrx_word' id='word_1_202' title='bbox 522 2463 577 2524; x_wconf 83' lang='lat'>32:</span> <span class='ocrx_word' id='word_1_203' title='bbox 597 2460 766 2546; x_wconf 79' lang='grc' dir='ltr'><em>προλέγειν</em></span> <span class='ocrx_word' id='word_1_204' title='bbox 781 2458 838 2524; x_wconf 80' lang='grc' dir='ltr'><em>καὶ</em></span> <span class='ocrx_word' id='word_1_205' title='bbox 855 2462 1092 2545; x_wconf 74' lang='grc' dir='ltr'><em>ἐπερωτᾶσθαι</em></span> <span class='ocrx_word' id='word_1_206' title='bbox 1110 2464 1232 2548; x_wconf 80' lang='grc' dir='ltr'><em>ὀφείλει</em></span> <span class='ocrx_word' id='word_1_207' title='bbox 1250 2511 1257 2526; x_wconf 94' lang='grc'><strong>.</strong></span> <span class='ocrx_word' id='word_1_208' title='bbox 1273 2510 1303 2526; x_wconf 92' lang='grc'>..</span> <span class='ocrx_word' id='word_1_209' title='bbox 1398 2460 1572 2542; x_wconf 87' lang='lat' dir='ltr'>praedicere</span> <span class='ocrx_word' id='word_1_210' title='bbox 1603 2470 1634 2523; x_wconf 89' lang='lat' dir='ltr'>et</span> <span class='ocrx_word' id='word_1_211' title='bbox 1660 2462 1834 2543; x_wconf 84' lang='lat' dir='ltr'>promittere</span> <span class='ocrx_word' id='word_1_212' title='bbox 1862 2461 1952 2524; x_wconf 87' lang='lat' dir='ltr'>debet</span> <span class='ocrx_word' id='word_1_213' title='bbox 1978 2508 1985 2524; x_wconf 92' lang='lat'><strong>.</strong></span> <span class='ocrx_word' id='word_1_214' title='bbox 2012 2509 2019 2523; x_wconf 90' lang='lat'>.</span> <span class='ocrx_word' id='word_1_215' title='bbox 2046 2483 2107 2523; x_wconf 94' lang='lat' dir='ltr'>non</span> <span class='ocrx_word' id='word_1_216' title='bbox 2136 2462 2234 2524; x_wconf 89' lang='lat' dir='ltr'>solum</span> 
     </span>
     <span class='ocr_line' id='line_1_20' title="bbox 402 2566 2234 2652; baseline 0.001 -22"><span class='ocrx_word' id='word_1_217' title='bbox 402 2567 442 2630; x_wconf 84' lang='grc' dir='ltr'>οὐ</span> <span class='ocrx_word' id='word_1_218' title='bbox 460 2568 564 2649; x_wconf 85' lang='grc' dir='ltr'><em>μόνον</em></span> <span class='ocrx_word' id='word_1_219' title='bbox 579 2567 668 2630; x_wconf 73' lang='grc' dir='ltr'><em>ἔνθα</em></span> <span class='ocrx_word' id='word_1_220' title='bbox 684 2566 787 2649; x_wconf 79' lang='grc' dir='ltr'><em>ῥητόν</em></span> <span class='ocrx_word' id='word_1_221' title='bbox 802 2591 834 2630; x_wconf 92' lang='grc' dir='ltr'>τι</span> <span class='ocrx_word' id='word_1_222' title='bbox 851 2569 1087 2652; x_wconf 72' lang='grc' dir='ltr'><em>προστίθεται,</em></span> <span class='ocrx_word' id='word_1_223' title='bbox 1112 2572 1156 2644; x_wconf 82' lang='grc' dir='ltr'><em>ὡς</em></span> <span class='ocrx_word' id='word_1_224' title='bbox 1172 2571 1304 2649; x_wconf 86' lang='grc' dir='ltr'><em>παῦλος,</em></span> <span class='ocrx_word' id='word_1_225' title='bbox 1333 2587 1401 2628; x_wconf 92' lang='lat' dir='ltr'>cum</span> <span class='ocrx_word' id='word_1_226' title='bbox 1425 2568 1596 2649; x_wconf 80' lang='lat' dir='ltr'>specialiter</span> <span class='ocrx_word' id='word_1_227' title='bbox 1618 2568 1802 2648; x_wconf 75' lang='lat' dir='ltr'>mancipium</span> <span class='ocrx_word' id='word_1_228' title='bbox 1825 2567 1959 2642; x_wconf 79' lang='lat' dir='ltr'>additur,</span> <span class='ocrx_word' id='word_1_229' title='bbox 1987 2568 2081 2632; x_wconf 91' lang='lat' dir='ltr'>veluti</span> <span class='ocrx_word' id='word_1_230' title='bbox 2109 2569 2234 2642; x_wconf 88' lang='lat' dir='ltr'>Paulus,</span> 
     </span>
     <span class='ocr_line' id='line_1_21' title="bbox 403 2671 1828 2755; baseline -0.001 -18"><span class='ocrx_word' id='word_1_231' title='bbox 403 2673 475 2737; x_wconf 81' lang='grc' dir='ltr'><em>ἀλλ’</em></span> <span class='ocrx_word' id='word_1_232' title='bbox 501 2679 527 2737; x_wconf 86' lang='grc' dir='ltr'>εὶ</span> <span class='ocrx_word' id='word_1_233' title='bbox 551 2671 609 2738; x_wconf 84' lang='grc' dir='ltr'><em>καλ</em></span> <span class='ocrx_word' id='word_1_234' title='bbox 631 2684 767 2753; x_wconf 78' lang='grc' dir='ltr'><em>γενικῶς</em></span> <span class='ocrx_word' id='word_1_235' title='bbox 789 2684 843 2737; x_wconf 90' lang='lat' dir='ltr'>etc.</span> <span class='ocrx_word' id='word_1_236' title='bbox 1333 2673 1386 2735; x_wconf 89' lang='lat' dir='ltr'>sed</span> <span class='ocrx_word' id='word_1_237' title='bbox 1409 2675 1500 2737; x_wconf 85' lang='lat' dir='ltr'>etiam</span> <span class='ocrx_word' id='word_1_238' title='bbox 1523 2675 1550 2735; x_wconf 87' lang='lat' dir='ltr'>si</span> <span class='ocrx_word' id='word_1_239' title='bbox 1571 2674 1751 2755; x_wconf 78' lang='lat' dir='ltr'>generaliter</span> <span class='ocrx_word' id='word_1_240' title='bbox 1772 2685 1828 2737; x_wconf 90' lang='lat' dir='ltr'>etc.</span> 
     </span>
    </p>

    <p class='ocr_par' dir='ltr' id='par_1_8' title="bbox 399 2777 2236 3067">
     <span class='ocr_line' id='line_1_22' title="bbox 466 2777 2236 2863; baseline 0.001 -20"><span class='ocrx_word' id='word_1_241' title='bbox 466 2781 503 2843; x_wconf 84' lang='lat' dir='ltr'>fr.</span> <span class='ocrx_word' id='word_1_242' title='bbox 520 2785 576 2843; x_wconf 85' lang='lat'>35:</span> <span class='ocrx_word' id='word_1_243' title='bbox 604 2777 662 2843; x_wconf 84' lang='grc' dir='ltr'>ἐάν</span> <span class='ocrx_word' id='word_1_244' title='bbox 689 2780 767 2843; x_wconf 81' lang='grc' dir='ltr'><em>ἄνευ</em></span> <span class='ocrx_word' id='word_1_245' title='bbox 795 2781 935 2861; x_wconf 82' lang='grc' dir='ltr'><em>μεγάλης</em></span> <span class='ocrx_word' id='word_1_246' title='bbox 963 2783 1079 2863; x_wconf 78' lang='grc' dir='ltr'><em>ζημίας</em></span> <span class='ocrx_word' id='word_1_247' title='bbox 1102 2783 1141 2846; x_wconf 86' lang='grc' dir='ltr'>οὐ</span> <span class='ocrx_word' id='word_1_248' title='bbox 1164 2781 1303 2847; x_wconf 79' lang='grc' dir='ltr'><em>δύναται</em></span> <span class='ocrx_word' id='word_1_249' title='bbox 1400 2780 1432 2842; x_wconf 88' lang='lat' dir='ltr'>Si</span> <span class='ocrx_word' id='word_1_250' title='bbox 1455 2782 1519 2842; x_wconf 92' lang='lat' dir='ltr'>sine</span> <span class='ocrx_word' id='word_1_251' title='bbox 1535 2802 1647 2861; x_wconf 81' lang='lat' dir='ltr'>magno</span> <span class='ocrx_word' id='word_1_252' title='bbox 1666 2781 1855 2844; x_wconf 91' lang='lat' dir='ltr'>incommodo</span> <span class='ocrx_word' id='word_1_253' title='bbox 1872 2782 2005 2862; x_wconf 89' lang='lat' dir='ltr'>separari</span> <span class='ocrx_word' id='word_1_254' title='bbox 2020 2802 2082 2844; x_wconf 90' lang='lat' dir='ltr'>non</span> <span class='ocrx_word' id='word_1_255' title='bbox 2097 2793 2236 2863; x_wconf 87' lang='lat' dir='ltr'>possunt,</span> 
     </span>
     <span class='ocr_line' id='line_1_23' title="bbox 399 2883 2185 2974; baseline 0.001 -24"><span class='ocrx_word' id='word_1_256' title='bbox 399 2887 616 2971; x_wconf 73' lang='grc' dir='ltr'><em>χωρισθῆναι</em></span> <span class='ocrx_word' id='word_1_257' title='bbox 636 2883 728 2963; x_wconf 68' lang='lat' dir='ltr'>bricci</span> <span class='ocrx_word' id='word_1_258' title='bbox 747 2886 905 2950; x_wconf 84' lang='grc' dir='ltr'><em>διάθεσιν</em></span> <span class='ocrx_word' id='word_1_259' title='bbox 915 2886 964 2974; x_wconf 78' lang='grc' dir='ltr'>(ἐ),</span> <span class='ocrx_word' id='word_1_260' title='bbox 988 2891 1032 2962; x_wconf 80' lang='grc' dir='ltr'><em>ὡς</em></span> <span class='ocrx_word' id='word_1_261' title='bbox 1054 2934 1134 2952; x_wconf 89' lang='grc'><strong>....</strong></span> <span class='ocrx_word' id='word_1_262' title='bbox 1158 2888 1177 2966; x_wconf 76' lang='lat' dir='ltr'>l&gt;</span> <span class='ocrx_word' id='word_1_263' title='bbox 1198 2911 1305 2953; x_wconf 90' lang='grc' dir='ltr'><em>συνοι-</em></span> <span class='ocrx_word' id='word_1_264' title='bbox 1332 2897 1455 2968; x_wconf 87' lang='lat' dir='ltr'>propter</span> <span class='ocrx_word' id='word_1_265' title='bbox 1476 2884 1631 2969; x_wconf 84' lang='lat' dir='ltr'>pietatem,</span> <span class='ocrx_word' id='word_1_266' title='bbox 1653 2888 1749 2950; x_wconf 88' lang='lat' dir='ltr'>veluti</span> <span class='ocrx_word' id='word_1_267' title='bbox 1771 2935 1847 2950; x_wconf 89' lang='lat'><strong>....</strong></span> <span class='ocrx_word' id='word_1_268' title='bbox 1872 2889 1920 2950; x_wconf 91' lang='lat' dir='ltr'>vel</span> <span class='ocrx_word' id='word_1_269' title='bbox 1943 2889 2185 2951; x_wconf 85' lang='lat' dir='ltr'>contubernales.</span> 
     </span>
     <span class='ocr_line' id='line_1_24' title="bbox 401 2993 609 3067; baseline -0.01 -10"><span class='ocrx_word' id='word_1_270' title='bbox 401 3002 535 3067; x_wconf 83' lang='grc' dir='ltr'><em>κοῦντες</em></span> <span class='ocrx_word' id='word_1_271' title='bbox 558 2993 609 3056; x_wconf 93' lang='grc' dir='ltr'>άλ.</span> 
     </span>
    </p>

    <p class='ocr_par' dir='ltr' id='par_1_9' title="bbox 400 3098 2236 3501">
     <span class='ocr_line' id='line_1_25' title="bbox 468 3098 2236 3182; baseline 0.002 -20"><span class='ocrx_word' id='word_1_272' title='bbox 468 3100 503 3162; x_wconf 85' lang='lat' dir='ltr'>fr.</span> <span class='ocrx_word' id='word_1_273' title='bbox 521 3104 576 3162; x_wconf 85' lang='lat'>36:</span> <span class='ocrx_word' id='word_1_274' title='bbox 599 3098 657 3163; x_wconf 85' lang='grc' dir='ltr'><em>καλ</em></span> <span class='ocrx_word' id='word_1_275' title='bbox 681 3099 723 3163; x_wconf 82' lang='grc' dir='ltr'>δι’</span> <span class='ocrx_word' id='word_1_276' title='bbox 745 3104 803 3165; x_wconf 83' lang='grc' dir='ltr'><em>ἐνα</em></span> <span class='ocrx_word' id='word_1_277' title='bbox 817 3110 954 3164; x_wconf 82' lang='grc' dir='ltr'><em>κινεῖται</em></span> <span class='ocrx_word' id='word_1_278' title='bbox 971 3103 991 3178; x_wconf 83' lang='grc' dir='ltr'><em>η</em></span> <span class='ocrx_word' id='word_1_279' title='bbox 1007 3099 1130 3182; x_wconf 72' lang='grc' dir='ltr'><em>ἀγωγὴ,</em></span> <span class='ocrx_word' id='word_1_280' title='bbox 1155 3112 1213 3179; x_wconf 77' lang='grc' dir='ltr'><em>τῆς</em></span> <span class='ocrx_word' id='word_1_281' title='bbox 1227 3103 1304 3166; x_wconf 78' lang='grc' dir='ltr'><em>καλ·</em></span> <span class='ocrx_word' id='word_1_282' title='bbox 1399 3109 1431 3162; x_wconf 90' lang='lat' dir='ltr'>et</span> <span class='ocrx_word' id='word_1_283' title='bbox 1452 3111 1574 3181; x_wconf 87' lang='lat' dir='ltr'>propter</span> <span class='ocrx_word' id='word_1_284' title='bbox 1595 3122 1690 3163; x_wconf 92' lang='lat' dir='ltr'>unum</span> <span class='ocrx_word' id='word_1_285' title='bbox 1713 3110 1869 3164; x_wconf 88' lang='lat' dir='ltr'>exercetur</span> <span class='ocrx_word' id='word_1_286' title='bbox 1892 3102 1978 3178; x_wconf 85' lang='lat' dir='ltr'>actio,</span> <span class='ocrx_word' id='word_1_287' title='bbox 2001 3101 2147 3165; x_wconf 86' lang='lat' dir='ltr'>bonitatis</span> <span class='ocrx_word' id='word_1_288' title='bbox 2169 3104 2236 3167; x_wconf 83' lang='lat' dir='ltr'>eius</span> 
     </span>
     <span class='ocr_line' id='line_1_26' title="bbox 400 3206 2234 3291; baseline 0.002 -22"><span class='ocrx_word' id='word_1_289' title='bbox 400 3206 497 3284; x_wconf 83' lang='grc' dir='ltr'><em>λονης</em></span> <span class='ocrx_word' id='word_1_290' title='bbox 513 3207 618 3270; x_wconf 81' lang='grc' dir='ltr'><em>αὐτοῦ</em></span> <span class='ocrx_word' id='word_1_291' title='bbox 633 3207 757 3287; x_wconf 89' lang='grc' dir='ltr'><em>γίνεται</em></span> <span class='ocrx_word' id='word_1_292' title='bbox 773 3208 793 3283; x_wconf 80' lang='grc' dir='ltr'>ὴ</span> <span class='ocrx_word' id='word_1_293' title='bbox 810 3207 1009 3288; x_wconf 89' lang='grc' dir='ltr'><em>άποτίμησις</em></span> <span class='ocrx_word' id='word_1_294' title='bbox 1089 3208 1131 3272; x_wconf 78' lang='grc' dir='ltr'>δι’</span> <span class='ocrx_word' id='word_1_295' title='bbox 1150 3210 1303 3289; x_wconf 73' lang='grc' dir='ltr'><em>ἑκάστου,</em></span> <span class='ocrx_word' id='word_1_296' title='bbox 1331 3206 1366 3268; x_wconf 87' lang='lat' dir='ltr'>fit</span> <span class='ocrx_word' id='word_1_297' title='bbox 1388 3209 1559 3270; x_wconf 83' lang='lat' dir='ltr'>aestimatio</span> <span class='ocrx_word' id='word_1_298' title='bbox 1581 3255 1680 3270; x_wconf 86' lang='lat'><strong>.....</strong></span> <span class='ocrx_word' id='word_1_299' title='bbox 1704 3207 1875 3270; x_wconf 85' lang='lat' dir='ltr'>aestimatio</span> <span class='ocrx_word' id='word_1_300' title='bbox 1898 3210 1971 3284; x_wconf 86' lang='lat' dir='ltr'>eius,</span> <span class='ocrx_word' id='word_1_301' title='bbox 1995 3210 2034 3271; x_wconf 89' lang='lat' dir='ltr'>de</span> <span class='ocrx_word' id='word_1_302' title='bbox 2058 3230 2119 3291; x_wconf 90' lang='lat' dir='ltr'>quo</span> <span class='ocrx_word' id='word_1_303' title='bbox 2142 3231 2234 3291; x_wconf 90' lang='lat' dir='ltr'>quae-</span> 
     </span>
     <span class='ocr_line' id='line_1_27' title="bbox 401 3308 1675 3398; baseline 0 -23"><span class='ocrx_word' id='word_1_304' title='bbox 401 3312 632 3393; x_wconf 79' lang='grc' dir='ltr'><em>ηάιατίμησις</em></span> <span class='ocrx_word' id='word_1_305' title='bbox 660 3312 791 3394; x_wconf 80' lang='grc' dir='ltr'><em>τούτου,</em></span> <span class='ocrx_word' id='word_1_306' title='bbox 825 3313 896 3398; x_wconf 76' lang='grc' dir='ltr'><em>περὶ</em></span> <span class='ocrx_word' id='word_1_307' title='bbox 929 3308 968 3378; x_wconf 82' lang='grc' dir='ltr'>οὗ</span> <span class='ocrx_word' id='word_1_308' title='bbox 996 3319 1087 3378; x_wconf 84' lang='grc' dir='ltr'><em>ἐστιν</em></span> <span class='ocrx_word' id='word_1_309' title='bbox 1114 3318 1133 3392; x_wconf 82' lang='grc' dir='ltr'>ίγ</span> <span class='ocrx_word' id='word_1_310' title='bbox 1161 3316 1303 3397; x_wconf 83' lang='grc' dir='ltr'><em>ζήτησις,</em></span> <span class='ocrx_word' id='word_1_311' title='bbox 1331 3314 1417 3389; x_wconf 90' lang='lat' dir='ltr'>ritur,</span> <span class='ocrx_word' id='word_1_312' title='bbox 1440 3314 1598 3396; x_wconf 90' lang='lat' dir='ltr'>inspicitur</span> <span class='ocrx_word' id='word_1_313' title='bbox 1620 3324 1675 3378; x_wconf 88' lang='lat' dir='ltr'>etc.</span> 
     </span>
     <span class='ocr_line' id='line_1_28' title="bbox 401 3417 840 3501; baseline 0.002 -19"><span class='ocrx_word' id='word_1_314' title='bbox 401 3428 574 3484; x_wconf 88' lang='grc' dir='ltr'><em>σκοπεῑται</em></span> <span class='ocrx_word' id='word_1_315' title='bbox 597 3417 654 3483; x_wconf 77' lang='grc' dir='ltr'><em>καὶ</em></span> <span class='ocrx_word' id='word_1_316' title='bbox 678 3417 761 3501; x_wconf 89' lang='grc' dir='ltr'><em>πρὸς</em></span> <span class='ocrx_word' id='word_1_317' title='bbox 784 3430 840 3484; x_wconf 90' lang='lat' dir='ltr'>eto.</span> 
     </span>
    </p>

    <p class='ocr_par' dir='ltr' id='par_1_10' title="bbox 399 3524 2232 4144">
     <span class='ocr_line' id='line_1_29' title="bbox 465 3524 2230 3614; baseline 0.002 -26"><span class='ocrx_word' id='word_1_318' title='bbox 465 3527 501 3588; x_wconf 88' lang='lat' dir='ltr'>fr.</span> <span class='ocrx_word' id='word_1_319' title='bbox 519 3530 569 3590; x_wconf 82' lang='lat'>38.</span> <span class='ocrx_word' id='word_1_320' title='bbox 586 3533 603 3604; x_wconf 64' lang='grc' dir='ltr'><strong>ξ</strong></span> <span class='ocrx_word' id='word_1_321' title='bbox 622 3531 654 3590; x_wconf 81' lang='lat'>7:</span> <span class='ocrx_word' id='word_1_322' title='bbox 677 3526 756 3590; x_wconf 75' lang='lat' dir='ltr'>Blae</span> <span class='ocrx_word' id='word_1_323' title='bbox 786 3524 863 3591; x_wconf 84' lang='grc' dir='ltr'><em>τινά</em></span> <span class='ocrx_word' id='word_1_324' title='bbox 890 3528 990 3604; x_wconf 87' lang='grc' dir='ltr'><em>πάθη</em></span> <span class='ocrx_word' id='word_1_325' title='bbox 1018 3538 1085 3591; x_wconf 88' lang='grc' dir='ltr'>τῶν</span> <span class='ocrx_word' id='word_1_326' title='bbox 1107 3529 1303 3614; x_wconf 79' lang='grc' dir='ltr'><em>ἀνθρώπων</em></span> <span class='ocrx_word' id='word_1_327' title='bbox 1397 3527 1476 3589; x_wconf 84' lang='lat' dir='ltr'>Sunt</span> <span class='ocrx_word' id='word_1_328' title='bbox 1499 3529 1622 3609; x_wconf 91' lang='lat' dir='ltr'>quidam</span> <span class='ocrx_word' id='word_1_329' title='bbox 1644 3527 1799 3590; x_wconf 90' lang='lat' dir='ltr'>hominum</span> <span class='ocrx_word' id='word_1_330' title='bbox 1822 3527 1920 3590; x_wconf 89' lang='lat' dir='ltr'>morbi</span> <span class='ocrx_word' id='word_1_331' title='bbox 1950 3529 2015 3611; x_wconf 87' lang='lat' dir='ltr'>[qui</span> <span class='ocrx_word' id='word_1_332' title='bbox 2038 3531 2070 3591; x_wconf 94' lang='lat' dir='ltr'>in</span> <span class='ocrx_word' id='word_1_333' title='bbox 2092 3530 2230 3593; x_wconf 90' lang='lat' dir='ltr'>iumentis</span> 
     </span>
     <span class='ocr_line' id='line_1_30' title="bbox 495 3633 2227 3718; baseline 0.001 -21.896"><span class='ocrx_word' id='word_1_334' title='bbox 495 3633 555 3718; x_wconf 79' lang='grc' dir='ltr'><em>[ὡς</em></span> <span class='ocrx_word' id='word_1_335' title='bbox 586 3637 613 3697; x_wconf 84' lang='grc' dir='ltr'>εὶ</span> <span class='ocrx_word' id='word_1_336' title='bbox 644 3633 794 3718; x_wconf 81' lang='grc' dir='ltr'><em>ὴμίονός]</em></span> <span class='ocrx_word' id='word_1_337' title='bbox 835 3638 924 3697; x_wconf 84' lang='grc' dir='ltr'><em>ἐστιν</em></span> <span class='ocrx_word' id='word_1_338' title='bbox 956 3637 1187 3716; x_wconf 79' lang='grc' dir='ltr'><em>ἐκτεμνόμενος</em></span> <span class='ocrx_word' id='word_1_339' title='bbox 1223 3636 1303 3717; x_wconf 84' lang='grc' dir='ltr'><em>μήτε</em></span> <span class='ocrx_word' id='word_1_340' title='bbox 1331 3654 1391 3695; x_wconf 91' lang='lat' dir='ltr'>non</span> <span class='ocrx_word' id='word_1_341' title='bbox 1414 3635 1491 3696; x_wconf 86' lang='lat' dir='ltr'>tales</span> <span class='ocrx_word' id='word_1_342' title='bbox 1514 3634 1672 3709; x_wconf 85' lang='lat' dir='ltr'>habentur,</span> <span class='ocrx_word' id='word_1_343' title='bbox 1699 3634 1795 3696; x_wconf 91' lang='lat' dir='ltr'>veluti</span> <span class='ocrx_word' id='word_1_344' title='bbox 1817 3635 1843 3696; x_wconf 89' lang='lat' dir='ltr'>si</span> <span class='ocrx_word' id='word_1_345' title='bbox 1864 3634 1965 3696; x_wconf 90' lang='lat' dir='ltr'>mulus</span> <span class='ocrx_word' id='word_1_346' title='bbox 1988 3635 2047 3716; x_wconf 89' lang='lat' dir='ltr'>est]</span> <span class='ocrx_word' id='word_1_347' title='bbox 2072 3645 2227 3711; x_wconf 72' lang='lat' dir='ltr'>carnotus,</span> 
     </span>
     <span class='ocr_line' id='line_1_31' title="bbox 400 3740 2230 3825; baseline -0.001 -20"><span class='ocrx_word' id='word_1_348' title='bbox 400 3740 646 3825; x_wconf 86' lang='grc' dir='ltr'><em>ἀσθενέστερος</em></span> <span class='ocrx_word' id='word_1_349' title='bbox 667 3741 747 3822; x_wconf 82' lang='grc' dir='ltr'><em>μήτε</em></span> <span class='ocrx_word' id='word_1_350' title='bbox 770 3743 941 3822; x_wconf 78' lang='grc' dir='ltr'><em>ἀχρηστος</em></span> <span class='ocrx_word' id='word_1_351' title='bbox 963 3742 1135 3823; x_wconf 89' lang='grc' dir='ltr'><em>γενόμενος</em></span> <span class='ocrx_word' id='word_1_352' title='bbox 1153 3740 1210 3805; x_wconf 84' lang='grc' dir='ltr'><em>καλ</em></span> <span class='ocrx_word' id='word_1_353' title='bbox 1230 3741 1303 3805; x_wconf 78' lang='grc' dir='ltr'><em>τού·</em></span> <span class='ocrx_word' id='word_1_354' title='bbox 1330 3759 1428 3821; x_wconf 90' lang='lat' dir='ltr'>neque</span> <span class='ocrx_word' id='word_1_355' title='bbox 1452 3740 1578 3802; x_wconf 89' lang='lat' dir='ltr'>debilior</span> <span class='ocrx_word' id='word_1_356' title='bbox 1600 3760 1697 3822; x_wconf 88' lang='lat' dir='ltr'>neque</span> <span class='ocrx_word' id='word_1_357' title='bbox 1718 3740 1834 3803; x_wconf 89' lang='lat' dir='ltr'>inutilis</span> <span class='ocrx_word' id='word_1_358' title='bbox 1861 3742 1932 3804; x_wconf 92' lang='lat' dir='ltr'>inde</span> <span class='ocrx_word' id='word_1_359' title='bbox 1958 3741 2069 3814; x_wconf 64' lang='lat' dir='ltr'>factum</span> <span class='ocrx_word' id='word_1_360' title='bbox 2099 3761 2170 3802; x_wconf 88' lang='lat' dir='ltr'>nam</span> <span class='ocrx_word' id='word_1_361' title='bbox 2196 3750 2230 3803; x_wconf 89' lang='lat' dir='ltr'>et</span> 
     </span>
     <span class='ocr_line' id='line_1_32' title="bbox 399 3843 2230 3930; baseline 0.002 -22"><span class='ocrx_word' id='word_1_362' title='bbox 399 3868 461 3910; x_wconf 92' lang='grc' dir='ltr'>του</span> <span class='ocrx_word' id='word_1_363' title='bbox 483 3843 549 3930; x_wconf 84' lang='grc' dir='ltr'>γάρ</span> <span class='ocrx_word' id='word_1_364' title='bbox 570 3845 675 3929; x_wconf 82' lang='grc' dir='ltr'><em>γωρλς</em></span> <span class='ocrx_word' id='word_1_365' title='bbox 698 3847 738 3910; x_wconf 84' lang='grc' dir='ltr'>οὐ</span> <span class='ocrx_word' id='word_1_366' title='bbox 760 3857 939 3928; x_wconf 90' lang='grc' dir='ltr'><em>γονοποιεῐ·</em></span> <span class='ocrx_word' id='word_1_367' title='bbox 967 3848 1043 3911; x_wconf 79' lang='grc' dir='ltr'><em>οὔτε</em></span> <span class='ocrx_word' id='word_1_368' title='bbox 1067 3846 1100 3911; x_wconf 82' lang='grc' dir='ltr'>δὲ</span> <span class='ocrx_word' id='word_1_369' title='bbox 1124 3849 1236 3912; x_wconf 89' lang='grc' dir='ltr'><em>πάντα</em></span> <span class='ocrx_word' id='word_1_370' title='bbox 1259 3846 1303 3913; x_wconf 87' lang='grc' dir='ltr'>τά</span> <span class='ocrx_word' id='word_1_371' title='bbox 1330 3857 1451 3928; x_wconf 88' lang='lat' dir='ltr'>praeter</span> <span class='ocrx_word' id='word_1_372' title='bbox 1477 3848 1508 3909; x_wconf 92' lang='lat' dir='ltr'>id</span> <span class='ocrx_word' id='word_1_373' title='bbox 1536 3848 1576 3910; x_wconf 91' lang='lat' dir='ltr'>ad</span> <span class='ocrx_word' id='word_1_374' title='bbox 1601 3848 1806 3928; x_wconf 83' lang='lat' dir='ltr'>generandum</span> <span class='ocrx_word' id='word_1_375' title='bbox 1832 3868 1893 3909; x_wconf 91' lang='lat' dir='ltr'>non</span> <span class='ocrx_word' id='word_1_376' title='bbox 1920 3858 1967 3910; x_wconf 89' lang='lat' dir='ltr'>est</span> <span class='ocrx_word' id='word_1_377' title='bbox 1998 3858 2098 3930; x_wconf 81' lang='lat' dir='ltr'>aptus3</span> <span class='ocrx_word' id='word_1_378' title='bbox 2130 3868 2230 3929; x_wconf 88' lang='lat' dir='ltr'>neque</span> 
     </span>
     <span class='ocr_line' id='line_1_33' title="bbox 399 3953 2232 4038; baseline 0.001 -21"><span class='ocrx_word' id='word_1_379' title='bbox 399 3955 615 4035; x_wconf 85' lang='grc' dir='ltr'><em>ἐκτεμνόμενα</em></span> <span class='ocrx_word' id='word_1_380' title='bbox 637 3954 706 4033; x_wconf 87' lang='grc' dir='ltr'><em>ζῶα</em></span> <span class='ocrx_word' id='word_1_381' title='bbox 728 3954 866 4034; x_wconf 83' lang='grc' dir='ltr'><em>έμπαθη</em></span> <span class='ocrx_word' id='word_1_382' title='bbox 890 3958 988 4034; x_wconf 85' lang='grc' dir='ltr'><em>ἐστιν,</em></span> <span class='ocrx_word' id='word_1_383' title='bbox 1012 3956 1038 4018; x_wconf 88' lang='grc' dir='ltr'>εί</span> <span class='ocrx_word' id='word_1_384' title='bbox 1061 3953 1104 4036; x_wconf 77' lang='grc' dir='ltr'>μὴ</span> <span class='ocrx_word' id='word_1_385' title='bbox 1127 3957 1303 4036; x_wconf 89' lang='grc' dir='ltr'><em>γεγόνασιν</em></span> <span class='ocrx_word' id='word_1_386' title='bbox 1330 3955 1432 4015; x_wconf 92' lang='lat' dir='ltr'>omnia</span> <span class='ocrx_word' id='word_1_387' title='bbox 1468 3955 1607 4038; x_wconf 72' lang='lat' dir='ltr'>castrata}</span> <span class='ocrx_word' id='word_1_388' title='bbox 1637 3954 1782 4016; x_wconf 89' lang='lat' dir='ltr'>animalia</span> <span class='ocrx_word' id='word_1_389' title='bbox 1812 3955 1923 4017; x_wconf 90' lang='lat' dir='ltr'>vitiosa</span> <span class='ocrx_word' id='word_1_390' title='bbox 1955 3964 2039 4029; x_wconf 88' lang='lat' dir='ltr'>sunt,</span> <span class='ocrx_word' id='word_1_391' title='bbox 2073 3955 2133 4018; x_wconf 88' lang='lat' dir='ltr'>nisi</span> <span class='ocrx_word' id='word_1_392' title='bbox 2159 3956 2232 4018; x_wconf 89' lang='lat' dir='ltr'>inde</span> 
     </span>
     <span class='ocr_line' id='line_1_34' title="bbox 401 4060 1672 4144; baseline 0 -21"><span class='ocrx_word' id='word_1_393' title='bbox 401 4060 556 4123; x_wconf 80' lang='grc' dir='ltr'><em>ἐντεῦθεν</em></span> <span class='ocrx_word' id='word_1_394' title='bbox 579 4060 823 4144; x_wconf 73' lang='grc' dir='ltr'><em>ἀσθενέστεραι</em></span> <span class='ocrx_word' id='word_1_395' title='bbox 839 4097 882 4108; x_wconf 95' lang='grc'>-</span> <span class='ocrx_word' id='word_1_396' title='bbox 1331 4060 1478 4123; x_wconf 88' lang='lat' dir='ltr'>debiliora</span> <span class='ocrx_word' id='word_1_397' title='bbox 1500 4063 1561 4124; x_wconf 89' lang='lat' dir='ltr'>sint</span> <span class='ocrx_word' id='word_1_398' title='bbox 1583 4062 1672 4123; x_wconf 81' lang='lat' dir='ltr'>facta</span> 
     </span>
    </p>

    <p class='ocr_par' dir='ltr' id='par_1_11' title="bbox 399 4164 2233 4457">
     <span class='ocr_line' id='line_1_35' title="bbox 465 4164 2233 4250; baseline 0.002 -22"><span class='ocrx_word' id='word_1_399' title='bbox 465 4166 501 4228; x_wconf 83' lang='lat' dir='ltr'>fr.</span> <span class='ocrx_word' id='word_1_400' title='bbox 519 4170 569 4229; x_wconf 91' lang='grc'>38.</span> <span class='ocrx_word' id='word_1_401' title='bbox 592 4173 608 4244; x_wconf 68' lang='grc' dir='ltr'><strong>ξ</strong></span> <span class='ocrx_word' id='word_1_402' title='bbox 628 4169 667 4228; x_wconf 89' lang='grc'>14</span> <span class='ocrx_word' id='word_1_403' title='bbox 687 4168 720 4229; x_wconf 92' lang='lat' dir='ltr'>in</span> <span class='ocrx_word' id='word_1_404' title='bbox 738 4168 772 4230; x_wconf 75' lang='lat' dir='ltr'>t:</span> <span class='ocrx_word' id='word_1_405' title='bbox 801 4164 927 4242; x_wconf 85' lang='grc' dir='ltr'><em>παντὸς</em></span> <span class='ocrx_word' id='word_1_406' title='bbox 954 4167 1108 4245; x_wconf 73' lang='grc' dir='ltr'><em>πλήθους</em></span> <span class='ocrx_word' id='word_1_407' title='bbox 1134 4167 1179 4232; x_wconf 79' lang='grc' dir='ltr'>ἐνὶ</span> <span class='ocrx_word' id='word_1_408' title='bbox 1212 4170 1302 4249; x_wconf 78' lang='grc' dir='ltr'><em>τιμή·</em></span> <span class='ocrx_word' id='word_1_409' title='bbox 1351 4190 1357 4200; x_wconf 87' lang='lat'><strong>·</strong></span> <span class='ocrx_word' id='word_1_410' title='bbox 1396 4168 1477 4230; x_wconf 91' lang='lat' dir='ltr'>omni</span> <span class='ocrx_word' id='word_1_411' title='bbox 1499 4166 1692 4231; x_wconf 88' lang='lat' dir='ltr'>multitudine</span> <span class='ocrx_word' id='word_1_412' title='bbox 1714 4188 1775 4230; x_wconf 89' lang='lat' dir='ltr'>uno</span> <span class='ocrx_word' id='word_1_413' title='bbox 1790 4170 1886 4250; x_wconf 86' lang='lat' dir='ltr'>pretio</span> <span class='ocrx_word' id='word_1_414' title='bbox 1901 4168 2057 4244; x_wconf 77' lang='lat' dir='ltr'>disucctu,</span> <span class='ocrx_word' id='word_1_415' title='bbox 2079 4170 2139 4231; x_wconf 89' lang='lat' dir='ltr'>nisi</span> <span class='ocrx_word' id='word_1_416' title='bbox 2154 4170 2233 4232; x_wconf 88' lang='lat' dir='ltr'>forte</span> 
     </span>
     <span class='ocr_line' id='line_1_36' title="bbox 399 4272 1695 4362; baseline 0.001 -27"><span class='ocrx_word' id='word_1_417' title='bbox 399 4294 505 4354; x_wconf 91' lang='grc' dir='ltr'><em>ματος</em></span> <span class='ocrx_word' id='word_1_418' title='bbox 528 4274 740 4359; x_wconf 82' lang='grc' dir='ltr'><em>πραθέντων,</em></span> <span class='ocrx_word' id='word_1_419' title='bbox 765 4279 791 4337; x_wconf 85' lang='grc' dir='ltr'>ελ</span> <span class='ocrx_word' id='word_1_420' title='bbox 806 4272 850 4354; x_wconf 78' lang='grc' dir='ltr'>μη</span> <span class='ocrx_word' id='word_1_421' title='bbox 866 4274 936 4358; x_wconf 86' lang='grc' dir='ltr'><em>ἀρα</em></span> <span class='ocrx_word' id='word_1_422' title='bbox 952 4275 991 4338; x_wconf 85' lang='grc' dir='ltr'>οὐ</span> <span class='ocrx_word' id='word_1_423' title='bbox 1007 4274 1164 4339; x_wconf 79' lang='grc' dir='ltr'><em>δύνανται</em></span> <span class='ocrx_word' id='word_1_424' title='bbox 1178 4297 1302 4362; x_wconf 79' lang='grc' dir='ltr'><em>χωρισ-</em></span> <span class='ocrx_word' id='word_1_425' title='bbox 1330 4275 1464 4356; x_wconf 88' lang='lat' dir='ltr'>separari</span> <span class='ocrx_word' id='word_1_426' title='bbox 1487 4295 1548 4337; x_wconf 89' lang='lat' dir='ltr'>non</span> <span class='ocrx_word' id='word_1_427' title='bbox 1570 4275 1695 4356; x_wconf 90' lang='lat' dir='ltr'>possint.</span> 
     </span>
     <span class='ocr_line' id='line_1_37' title="bbox 401 4380 581 4457; baseline -0.011 -14"><span class='ocrx_word' id='word_1_428' title='bbox 401 4380 521 4457; x_wconf 74' lang='grc' dir='ltr'><em>θῆναιι</em></span> <span class='ocrx_word' id='word_1_429' title='bbox 538 4416 581 4428; x_wconf 88' lang='grc'>-</span> 
     </span>
    </p>
   </div>
   <div class='ocr_carea' id='block_1_3' title="bbox 401 4464 2240 4787">
    <p class='ocr_par' dir='ltr' id='par_1_12' title="bbox 401 4464 2240 4787">
     <span class='ocr_line' id='line_1_38' title="bbox 466 4464 2232 4577; baseline 0.003 -29"><span class='ocrx_word' id='word_1_430' title='bbox 466 4486 523 4563; x_wconf 90' lang='grc' dir='ltr'>λη’.</span> <span class='ocrx_word' id='word_1_431' title='bbox 561 4464 605 4560; x_wconf 81' lang='grc' dir='ltr'><em>ὡς</em></span> <span class='ocrx_word' id='word_1_432' title='bbox 628 4485 678 4550; x_wconf 77' lang='grc' dir='ltr'>ἐπὶ</span> <span class='ocrx_word' id='word_1_433' title='bbox 701 4488 885 4570; x_wconf 79' lang='grc' dir='ltr'><em>τραγῳδῶν</em></span> <span class='ocrx_word' id='word_1_434' title='bbox 913 4488 932 4565; x_wconf 81' lang='lat' dir='ltr'>l)</span> <span class='ocrx_word' id='word_1_435' title='bbox 959 4489 1065 4570; x_wconf 86' lang='grc' dir='ltr'><em>μίμων</em></span> <span class='ocrx_word' id='word_1_436' title='bbox 1092 4487 1112 4565; x_wconf 73' lang='grc' dir='ltr'>ἢ</span> <span class='ocrx_word' id='word_1_437' title='bbox 1135 4488 1301 4577; x_wconf 79' lang='grc' dir='ltr'><em>ἀδελφῶν·</em></span> <span class='ocrx_word' id='word_1_438' title='bbox 1396 4497 1430 4550; x_wconf 93' lang='lat' dir='ltr'>ut</span> <span class='ocrx_word' id='word_1_439' title='bbox 1461 4488 1493 4550; x_wconf 92' lang='lat' dir='ltr'>in</span> <span class='ocrx_word' id='word_1_440' title='bbox 1523 4488 1657 4568; x_wconf 86' lang='lat' dir='ltr'>tragedis</span> <span class='ocrx_word' id='word_1_441' title='bbox 1688 4488 1738 4551; x_wconf 89' lang='lat' dir='ltr'>vel</span> <span class='ocrx_word' id='word_1_442' title='bbox 1769 4489 1868 4551; x_wconf 91' lang='lat' dir='ltr'>mimis</span> <span class='ocrx_word' id='word_1_443' title='bbox 1899 4489 1948 4552; x_wconf 94' lang='lat' dir='ltr'>vel</span> <span class='ocrx_word' id='word_1_444' title='bbox 1979 4489 2138 4553; x_wconf 79' lang='lat' dir='ltr'>fratribus:</span> <span class='ocrx_word' id='word_1_445' title='bbox 2173 4489 2232 4572; x_wconf 82' lang='lat' dir='ltr'>[hi]</span> 
     </span>
     <span class='ocr_line' id='line_1_39' title="bbox 401 4585 2240 4701; baseline 0.001 -45"><span class='ocrx_word' id='word_1_446' title='bbox 401 4585 524 4677; x_wconf 83' lang='grc' dir='ltr'><em>[οὗτοι]</em></span> <span class='ocrx_word' id='word_1_447' title='bbox 549 4589 615 4677; x_wconf 85' lang='grc' dir='ltr'>γάρ</span> <span class='ocrx_word' id='word_1_448' title='bbox 640 4594 679 4656; x_wconf 83' lang='grc' dir='ltr'>οὐ</span> <span class='ocrx_word' id='word_1_449' title='bbox 698 4594 994 4685; x_wconf 73' lang='grc' dir='ltr'><em>γωρισθήσονταιι</em></span> <span class='ocrx_word' id='word_1_450' title='bbox 1011 4631 1054 4642; x_wconf 92' lang='grc'>-</span> <span class='ocrx_word' id='word_1_451' title='bbox 1314 4594 1409 4701; x_wconf 63' lang='grc' dir='ltr'><em>,εσίιω</em></span> <span class='ocrx_word' id='word_1_452' title='bbox 1431 4615 1493 4658; x_wconf 89' lang='lat' dir='ltr'>non</span> <span class='ocrx_word' id='word_1_453' title='bbox 1516 4596 1745 4676; x_wconf 87' lang='lat' dir='ltr'>separabuntur.</span> <span class='ocrx_word' id='word_1_454' title='bbox 2236 4622 2240 4629; x_wconf 71' lang='grc'><em>’</em></span> 
     </span>
     <span class='ocr_line' id='line_1_40' title="bbox 822 4700 1317 4787; baseline 0.01 -24"><span class='ocrx_word' id='word_1_455' title='bbox 822 4700 871 4785; x_wconf 85' lang='lat' dir='ltr'>[fr.</span> <span class='ocrx_word' id='word_1_456' title='bbox 889 4704 939 4764; x_wconf 84' lang='lat'>38.</span> <span class='ocrx_word' id='word_1_457' title='bbox 957 4708 973 4779; x_wconf 62' lang='grc' dir='ltr'><strong>ἕ</strong></span> <span class='ocrx_word' id='word_1_458' title='bbox 992 4705 1033 4765; x_wconf 82' lang='grc'>14</span> <span class='ocrx_word' id='word_1_459' title='bbox 1049 4703 1099 4764; x_wconf 90' lang='lat' dir='ltr'>fin.</span> <span class='ocrx_word' id='word_1_460' title='bbox 1117 4704 1168 4776; x_wconf 82' lang='lat'>39,</span> <span class='ocrx_word' id='word_1_461' title='bbox 1183 4705 1226 4765; x_wconf 80' lang='lat'>40</span> <span class='ocrx_word' id='word_1_462' title='bbox 1241 4702 1317 4787; x_wconf 85' lang='lat' dir='ltr'>pr.].</span> 
     </span>
    </p>
   </div>
   <div class='ocr_carea' id='block_1_4' title="bbox 463 4786 1740 4891">
    <p class='ocr_par' dir='ltr' id='par_1_13' title="bbox 463 4786 1740 4891">
     <span class='ocr_line' id='line_1_41' title="bbox 463 4786 1740 4891; baseline 0 -21"><span class='ocrx_word' id='word_1_463' title='bbox 463 4804 495 4870; x_wconf 84' lang='lat'>‘0</span> <span class='ocrx_word' id='word_1_464' title='bbox 518 4804 603 4868; x_wconf 84' lang='grc' dir='ltr'><em>κύνα</em></span> <span class='ocrx_word' id='word_1_465' title='bbox 626 4806 745 4891; x_wconf 86' lang='grc' dir='ltr'><em>άγριου</em></span> <span class='ocrx_word' id='word_1_466' title='bbox 767 4818 823 4870; x_wconf 87' lang='lat' dir='ltr'>oet</span> <span class='ocrx_word' id='word_1_467' title='bbox 1314 4786 1317 4829; x_wconf 70' lang='lat'>⁵</span> <span class='ocrx_word' id='word_1_468' title='bbox 1396 4808 1512 4871; x_wconf 85' lang='lat' dir='ltr'>Canem</span> <span class='ocrx_word' id='word_1_469' title='bbox 1534 4809 1662 4872; x_wconf 81' lang='lat' dir='ltr'>ferocem</span> <span class='ocrx_word' id='word_1_470' title='bbox 1685 4818 1740 4872; x_wconf 90' lang='lat' dir='ltr'>ete.</span> 
     </span>
    </p>
   </div>
   <div class='ocr_carea' id='block_1_5' title="bbox 397 4896 2233 5961">
    <p class='ocr_par' dir='ltr' id='par_1_14' title="bbox 464 4896 2167 5005">
     <span class='ocr_line' id='line_1_42' title="bbox 464 4896 2167 5005; baseline 0.001 -29"><span class='ocrx_word' id='word_1_471' title='bbox 464 4911 505 4993; x_wconf 87' lang='grc' dir='ltr'>μ’.</span> <span class='ocrx_word' id='word_1_472' title='bbox 544 4916 589 4986; x_wconf 86' lang='grc' dir='ltr'>είς</span> <span class='ocrx_word' id='word_1_473' title='bbox 611 4910 651 4977; x_wconf 85' lang='grc' dir='ltr'>τὸ</span> <span class='ocrx_word' id='word_1_474' title='bbox 676 4914 860 5000; x_wconf 87' lang='grc' dir='ltr'><em>φερόμενον</em></span> <span class='ocrx_word' id='word_1_475' title='bbox 882 4911 960 5001; x_wconf 86' lang='lat' dir='ltr'>(sie).</span> <span class='ocrx_word' id='word_1_476' title='bbox 1314 4896 1317 5005; x_wconf 67' lang='lat' dir='ltr'>l</span> <span class='ocrx_word' id='word_1_477' title='bbox 1396 4950 2167 4965; x_wconf 80' lang='lat'>------------</span> 
     </span>
    </p>

    <p class='ocr_par' dir='ltr' id='par_1_15' title="bbox 399 5008 2145 5214">
     <span class='ocr_line' id='line_1_43' title="bbox 464 5008 2145 5105; baseline 0.002 -25"><span class='ocrx_word' id='word_1_478' title='bbox 464 5019 500 5081; x_wconf 84' lang='lat' dir='ltr'>fr.</span> <span class='ocrx_word' id='word_1_479' title='bbox 518 5022 572 5082; x_wconf 85' lang='lat'>35:</span> <span class='ocrx_word' id='word_1_480' title='bbox 601 5066 632 5082; x_wconf 92' lang='lat'>..</span> <span class='ocrx_word' id='word_1_481' title='bbox 655 5022 873 5104; x_wconf 84' lang='grc' dir='ltr'><em>ώμερισμένος</em></span> <span class='ocrx_word' id='word_1_482' title='bbox 896 5023 962 5105; x_wconf 80' lang='grc' dir='ltr'><em>(εἰσ)</em></span> <span class='ocrx_word' id='word_1_483' title='bbox 985 5069 1110 5085; x_wconf 89' lang='lat'><strong>......</strong></span> <span class='ocrx_word' id='word_1_484' title='bbox 1134 5019 1189 5086; x_wconf 84' lang='grc' dir='ltr'>ὅτε</span> <span class='ocrx_word' id='word_1_485' title='bbox 1212 5008 1339 5103; x_wconf 68' lang='lat' dir='ltr'>uto-l</span> <span class='ocrx_word' id='word_1_486' title='bbox 1396 5068 1451 5085; x_wconf 89' lang='lat'>...</span> <span class='ocrx_word' id='word_1_487' title='bbox 1474 5043 1542 5084; x_wconf 90' lang='lat' dir='ltr'>cum</span> <span class='ocrx_word' id='word_1_488' title='bbox 1565 5021 1676 5084; x_wconf 91' lang='lat' dir='ltr'>lateret</span> <span class='ocrx_word' id='word_1_489' title='bbox 1697 5022 1818 5102; x_wconf 78' lang='lat' dir='ltr'>fugitivi</span> <span class='ocrx_word' id='word_1_490' title='bbox 1841 5023 1948 5086; x_wconf 88' lang='lat' dir='ltr'>vitium</span> <span class='ocrx_word' id='word_1_491' title='bbox 1973 5031 2145 5104; x_wconf 84' lang='lat' dir='ltr'>emptorem.</span> 
     </span>
     <span class='ocr_line' id='line_1_44' title="bbox 399 5126 1317 5214; baseline 0.002 -25"><span class='ocrx_word' id='word_1_492' title='bbox 399 5126 508 5190; x_wconf 88' lang='grc' dir='ltr'><em>θανεν</em></span> <span class='ocrx_word' id='word_1_493' title='bbox 535 5129 646 5191; x_wconf 84' lang='grc' dir='ltr'><em>αίτιον</em></span> <span class='ocrx_word' id='word_1_494' title='bbox 667 5134 730 5189; x_wconf 85' lang='grc' dir='ltr'>τοῦ</span> <span class='ocrx_word' id='word_1_495' title='bbox 752 5127 906 5214; x_wconf 83' lang='grc' dir='ltr'><em>φυγάδος</em></span> <span class='ocrx_word' id='word_1_496' title='bbox 928 5130 1137 5213; x_wconf 80' lang='grc' dir='ltr'><em>ἀγοραστηνι</em></span> <span class='ocrx_word' id='word_1_497' title='bbox 1155 5166 1196 5177; x_wconf 97' lang='grc'><strong>-</strong></span> <span class='ocrx_word' id='word_1_498' title='bbox 1314 5128 1317 5213; x_wconf 77' lang='grc'>1</span> 
     </span>
    </p>

    <p class='ocr_par' dir='ltr' id='par_1_16' title="bbox 398 5232 2230 5541">
     <span class='ocr_line' id='line_1_45' title="bbox 465 5232 2230 5320; baseline 0.001 -24"><span class='ocrx_word' id='word_1_499' title='bbox 465 5255 491 5297; x_wconf 92' lang='lat' dir='ltr'>c.</span> <span class='ocrx_word' id='word_1_500' title='bbox 508 5239 527 5297; x_wconf 85' lang='lat'><strong>3</strong></span> <span class='ocrx_word' id='word_1_501' title='bbox 544 5232 690 5320; x_wconf 80' lang='lat' dir='ltr'><strong>(1v‚53)</strong></span> <span class='ocrx_word' id='word_1_502' title='bbox 721 5281 752 5296; x_wconf 89' lang='lat'>..</span> <span class='ocrx_word' id='word_1_503' title='bbox 776 5237 905 5298; x_wconf 83' lang='grc' dir='ltr'><em>οίονται</em></span> <span class='ocrx_word' id='word_1_504' title='bbox 928 5232 1149 5299; x_wconf 81' lang='grc' dir='ltr'><em>πιστεύεσθαι</em></span> <span class='ocrx_word' id='word_1_505' title='bbox 1173 5282 1204 5299; x_wconf 94' lang='grc'>..</span> <span class='ocrx_word' id='word_1_506' title='bbox 1228 5233 1300 5320; x_wconf 77' lang='grc' dir='ltr'><em>περὶ</em></span> <span class='ocrx_word' id='word_1_507' title='bbox 1396 5235 1570 5298; x_wconf 83' lang='lat' dir='ltr'>existimant</span> <span class='ocrx_word' id='word_1_508' title='bbox 1592 5282 1599 5297; x_wconf 90' lang='lat'><strong>.</strong></span> <span class='ocrx_word' id='word_1_509' title='bbox 1620 5282 1627 5297; x_wconf 92' lang='lat'><strong>.</strong></span> <span class='ocrx_word' id='word_1_510' title='bbox 1648 5283 1655 5298; x_wconf 92' lang='lat'><strong>.</strong></span> <span class='ocrx_word' id='word_1_511' title='bbox 1678 5237 1716 5298; x_wconf 90' lang='lat' dir='ltr'>de</span> <span class='ocrx_word' id='word_1_512' title='bbox 1738 5236 1848 5299; x_wconf 83' lang='lat' dir='ltr'>futuris</span> <span class='ocrx_word' id='word_1_513' title='bbox 1870 5237 2062 5318; x_wconf 90' lang='lat' dir='ltr'>promittens;</span> <span class='ocrx_word' id='word_1_514' title='bbox 2095 5246 2230 5298; x_wconf 80' lang='lat' dir='ltr'>attamen</span> 
     </span>
     <span class='ocr_line' id='line_1_46' title="bbox 398 5314 2230 5424; baseline 0.001 -21"><span class='ocrx_word' id='word_1_515' title='bbox 398 5340 559 5423; x_wconf 92' lang='grc' dir='ltr'><em>μέλλοντα</em></span> <span class='ocrx_word' id='word_1_516' title='bbox 591 5340 881 5423; x_wconf 84' lang='grc' dir='ltr'><em>ἐπαγγελλόμενον,</em></span> <span class='ocrx_word' id='word_1_517' title='bbox 914 5337 1000 5405; x_wconf 89' lang='grc' dir='ltr'>ἀλλά</span> <span class='ocrx_word' id='word_1_518' title='bbox 1032 5338 1120 5423; x_wconf 86' lang='grc' dir='ltr'><em>ὅμως</em></span> <span class='ocrx_word' id='word_1_519' title='bbox 1153 5339 1209 5405; x_wconf 80' lang='grc' dir='ltr'>διά</span> <span class='ocrx_word' id='word_1_520' title='bbox 1241 5314 1450 5423; x_wconf 70' lang='lat' dir='ltr'>tlpc¹propter</span> <span class='ocrx_word' id='word_1_521' title='bbox 1481 5351 1653 5405; x_wconf 87' lang='lat' dir='ltr'>contractus</span> <span class='ocrx_word' id='word_1_522' title='bbox 1680 5343 1769 5405; x_wconf 87' lang='lat' dir='ltr'>fidem</span> <span class='ocrx_word' id='word_1_523' title='bbox 1796 5364 1835 5405; x_wconf 86' lang='lat' dir='ltr'>ex</span> <span class='ocrx_word' id='word_1_524' title='bbox 1862 5344 2026 5406; x_wconf 89' lang='lat' dir='ltr'>continenti</span> <span class='ocrx_word' id='word_1_525' title='bbox 2054 5342 2080 5405; x_wconf 90' lang='lat' dir='ltr'>si</span> <span class='ocrx_word' id='word_1_526' title='bbox 2105 5351 2230 5424; x_wconf 87' lang='lat' dir='ltr'>pactum</span> 
     </span>
     <span class='ocr_line' id='line_1_47' title="bbox 399 5447 1943 5541; baseline -0.001 -30"><span class='ocrx_word' id='word_1_527' title='bbox 399 5456 459 5511; x_wconf 78' lang='grc' dir='ltr'>τοῦ</span> <span class='ocrx_word' id='word_1_528' title='bbox 482 5447 758 5530; x_wconf 75' lang='grc' dir='ltr'><em>συναλλάγματος</em></span> <span class='ocrx_word' id='word_1_529' title='bbox 781 5448 894 5512; x_wconf 92' lang='grc' dir='ltr'><em>πίστιν</em></span> <span class='ocrx_word' id='word_1_530' title='bbox 917 5453 952 5511; x_wconf 86' lang='grc' dir='ltr'>ἐκ</span> <span class='ocrx_word' id='word_1_531' title='bbox 974 5456 1036 5511; x_wconf 78' lang='grc' dir='ltr'>τοῦ</span> <span class='ocrx_word' id='word_1_532' title='bbox 1057 5458 1114 5511; x_wconf 90' lang='lat' dir='ltr'>etc.</span> <span class='ocrx_word' id='word_1_533' title='bbox 1328 5449 1383 5509; x_wconf 90' lang='lat' dir='ltr'>fiat</span> <span class='ocrx_word' id='word_1_534' title='bbox 1404 5457 1460 5511; x_wconf 87' lang='lat' dir='ltr'>etc.</span> <span class='ocrx_word' id='word_1_535' title='bbox 1939 5534 1943 5541; x_wconf 12' lang='grc' dir='ltr'><em>ρ</em></span> 
     </span>
    </p>

    <p class='ocr_par' dir='ltr' id='par_1_17' title="bbox 397 5551 2233 5852">
     <span class='ocr_line' id='line_1_48' title="bbox 463 5551 2229 5640; baseline -0.001 -23"><span class='ocrx_word' id='word_1_536' title='bbox 463 5576 488 5618; x_wconf 90' lang='lat' dir='ltr'>c.</span> <span class='ocrx_word' id='word_1_537' title='bbox 505 5559 524 5618; x_wconf 84' lang='lat'>5</span> <span class='ocrx_word' id='word_1_538' title='bbox 541 5556 611 5635; x_wconf 84' lang='lat' dir='ltr'>(IV,</span> <span class='ocrx_word' id='word_1_539' title='bbox 627 5552 693 5640; x_wconf 90' lang='grc'><strong>44).</strong></span> <span class='ocrx_word' id='word_1_540' title='bbox 731 5554 790 5638; x_wconf 89' lang='grc' dir='ltr'>[Ἡ</span> <span class='ocrx_word' id='word_1_541' title='bbox 798 5551 902 5639; x_wconf 84' lang='grc' dir='ltr'><em>κατά]</em></span> <span class='ocrx_word' id='word_1_542' title='bbox 921 5553 1020 5618; x_wconf 80' lang='grc' dir='ltr'><em>δόλον</em></span> <span class='ocrx_word' id='word_1_543' title='bbox 1036 5554 1187 5640; x_wconf 84' lang='grc' dir='ltr'><em>[πράσις]</em></span> <span class='ocrx_word' id='word_1_544' title='bbox 1199 5556 1301 5639; x_wconf 79' lang='grc' dir='ltr'><em>ἀχρη-</em></span> <span class='ocrx_word' id='word_1_545' title='bbox 1393 5555 1453 5616; x_wconf 92' lang='lat' dir='ltr'>Per</span> <span class='ocrx_word' id='word_1_546' title='bbox 1475 5554 1579 5616; x_wconf 91' lang='lat' dir='ltr'>dolum</span> <span class='ocrx_word' id='word_1_547' title='bbox 1601 5556 1684 5619; x_wconf 85' lang='lat' dir='ltr'>faeta</span> <span class='ocrx_word' id='word_1_548' title='bbox 1698 5556 1831 5619; x_wconf 90' lang='lat' dir='ltr'>venditio</span> <span class='ocrx_word' id='word_1_549' title='bbox 1853 5557 1969 5633; x_wconf 85' lang='lat' dir='ltr'>inutilis</span> <span class='ocrx_word' id='word_1_550' title='bbox 1984 5564 2042 5631; x_wconf 79' lang='lat' dir='ltr'>est3</span> <span class='ocrx_word' id='word_1_551' title='bbox 2066 5557 2112 5619; x_wconf 89' lang='lat' dir='ltr'>sin</span> <span class='ocrx_word' id='word_1_552' title='bbox 2128 5564 2229 5617; x_wconf 86' lang='lat' dir='ltr'>autem</span> 
     </span>
     <span class='ocr_line' id='line_1_49' title="bbox 398 5653 2233 5748; baseline -0.001 -24"><span class='ocrx_word' id='word_1_553' title='bbox 398 5682 492 5735; x_wconf 67' lang='grc' dir='ltr'><em>στοςτ</em></span> <span class='ocrx_word' id='word_1_554' title='bbox 516 5666 542 5725; x_wconf 84' lang='grc' dir='ltr'>εὶ</span> <span class='ocrx_word' id='word_1_555' title='bbox 566 5661 600 5725; x_wconf 84' lang='grc' dir='ltr'><em>δέ</em></span> <span class='ocrx_word' id='word_1_556' title='bbox 616 5662 723 5725; x_wconf 87' lang='grc' dir='ltr'><em>πίστει</em></span> <span class='ocrx_word' id='word_1_557' title='bbox 740 5662 862 5748; x_wconf 81' lang='grc' dir='ltr'><em>ἀγαθῇ</em></span> <span class='ocrx_word' id='word_1_558' title='bbox 877 5662 1034 5744; x_wconf 79' lang='grc' dir='ltr'><em>ἐγενηθη,</em></span> <span class='ocrx_word' id='word_1_559' title='bbox 1051 5665 1193 5747; x_wconf 75' lang='grc' dir='ltr'><em>ἔρρωται</em></span> <span class='ocrx_word' id='word_1_560' title='bbox 1200 5709 1208 5741; x_wconf 99' lang='grc'><em>,</em></span> <span class='ocrx_word' id='word_1_561' title='bbox 1226 5653 1300 5743; x_wconf 71' lang='lat' dir='ltr'>topi</span> <span class='ocrx_word' id='word_1_562' title='bbox 1329 5661 1491 5723; x_wconf 86' lang='lat' dir='ltr'>bonafide</span> <span class='ocrx_word' id='word_1_563' title='bbox 1513 5660 1597 5724; x_wconf 85' lang='lat' dir='ltr'>facte</span> <span class='ocrx_word' id='word_1_564' title='bbox 1619 5664 1666 5737; x_wconf 86' lang='lat' dir='ltr'>sit,</span> <span class='ocrx_word' id='word_1_565' title='bbox 1688 5663 1779 5737; x_wconf 89' lang='lat' dir='ltr'>valet,</span> <span class='ocrx_word' id='word_1_566' title='bbox 1806 5682 1874 5725; x_wconf 89' lang='lat' dir='ltr'>cum</span> <span class='ocrx_word' id='word_1_567' title='bbox 1898 5665 1993 5727; x_wconf 87' lang='lat' dir='ltr'>maior</span> <span class='ocrx_word' id='word_1_568' title='bbox 2015 5662 2105 5725; x_wconf 83' lang='lat' dir='ltr'>fuerit</span> <span class='ocrx_word' id='word_1_569' title='bbox 2127 5662 2233 5737; x_wconf 84' lang='lat' dir='ltr'>vendi·</span> 
     </span>
     <span class='ocr_line' id='line_1_50' title="bbox 397 5764 1778 5852; baseline 0.001 -22"><span class='ocrx_word' id='word_1_570' title='bbox 397 5768 513 5850; x_wconf 84' lang='grc' dir='ltr'><em>μείζων</em></span> <span class='ocrx_word' id='word_1_571' title='bbox 528 5764 569 5845; x_wconf 78' lang='grc' dir='ltr'>ἦν</span> <span class='ocrx_word' id='word_1_572' title='bbox 583 5778 651 5832; x_wconf 90' lang='grc' dir='ltr'>τῶν</span> <span class='ocrx_word' id='word_1_573' title='bbox 666 5771 769 5831; x_wconf 79' lang='grc' dir='ltr'><em>εἴκοσι</em></span> <span class='ocrx_word' id='word_1_574' title='bbox 787 5770 880 5832; x_wconf 89' lang='grc' dir='ltr'><em>πέντε</em></span> <span class='ocrx_word' id='word_1_575' title='bbox 895 5772 1053 5831; x_wconf 85' lang='grc' dir='ltr'><em>ἐνιαυτῶν</em></span> <span class='ocrx_word' id='word_1_576' title='bbox 1068 5769 1087 5830; x_wconf 85' lang='grc' dir='ltr'>ὁ</span> <span class='ocrx_word' id='word_1_577' title='bbox 1103 5769 1246 5852; x_wconf 76' lang='grc' dir='ltr'><em>πράτηςε</em></span> <span class='ocrx_word' id='word_1_578' title='bbox 1257 5805 1299 5814; x_wconf 88' lang='grc'><strong>-</strong></span> <span class='ocrx_word' id='word_1_579' title='bbox 1328 5778 1375 5830; x_wconf 90' lang='lat' dir='ltr'>tor</span> <span class='ocrx_word' id='word_1_580' title='bbox 1396 5768 1505 5847; x_wconf 82' lang='lat' dir='ltr'>viginti</span> <span class='ocrx_word' id='word_1_581' title='bbox 1527 5768 1659 5850; x_wconf 90' lang='lat' dir='ltr'>quinque</span> <span class='ocrx_word' id='word_1_582' title='bbox 1683 5770 1778 5832; x_wconf 90' lang='lat' dir='ltr'>aunis.</span> 
     </span>
    </p>

    <p class='ocr_par' dir='ltr' id='par_1_18' title="bbox 463 5872 2232 5961">
     <span class='ocr_line' id='line_1_51' title="bbox 463 5872 2232 5961; baseline 0.001 -25"><span class='ocrx_word' id='word_1_583' title='bbox 463 5896 488 5938; x_wconf 92' lang='lat' dir='ltr'>c.</span> <span class='ocrx_word' id='word_1_584' title='bbox 507 5877 560 5938; x_wconf 80' lang='lat'>14:</span> <span class='ocrx_word' id='word_1_585' title='bbox 589 5873 635 5939; x_wconf 83' lang='grc' dir='ltr'>Οὐ</span> <span class='ocrx_word' id='word_1_586' title='bbox 658 5872 798 5939; x_wconf 80' lang='grc' dir='ltr'><em>δύναται</em></span> <span class='ocrx_word' id='word_1_587' title='bbox 822 5877 841 5938; x_wconf 85' lang='grc' dir='ltr'>ὁ</span> <span class='ocrx_word' id='word_1_588' title='bbox 865 5875 993 5961; x_wconf 91' lang='grc' dir='ltr'><em>πράτης</em></span> <span class='ocrx_word' id='word_1_589' title='bbox 1021 5877 1218 5959; x_wconf 80' lang='grc' dir='ltr'><em>ἀνατρέπειν</em></span> <span class='ocrx_word' id='word_1_590' title='bbox 1240 5872 1300 5951; x_wconf 79' lang='grc' dir='ltr'>τὴν</span> <span class='ocrx_word' id='word_1_591' title='bbox 1393 5875 1464 5937; x_wconf 87' lang='lat' dir='ltr'>Non</span> <span class='ocrx_word' id='word_1_592' title='bbox 1502 5883 1604 5955; x_wconf 90' lang='lat' dir='ltr'>potest</span> <span class='ocrx_word' id='word_1_593' title='bbox 1639 5875 1779 5938; x_wconf 87' lang='lat' dir='ltr'>venditor</span> <span class='ocrx_word' id='word_1_594' title='bbox 1814 5876 1982 5939; x_wconf 85' lang='lat' dir='ltr'>rescindere</span> <span class='ocrx_word' id='word_1_595' title='bbox 2017 5874 2232 5949; x_wconf 88' lang='lat' dir='ltr'>venditionem,</span> 
     </span>
    </p>
   </div>
   <div class='ocr_carea' id='block_1_6' title="bbox 396 5978 1512 6067">
    <p class='ocr_par' dir='ltr' id='par_1_19' title="bbox 396 5978 1512 6067">
     <span class='ocr_line' id='line_1_52' title="bbox 396 5978 1512 6067; baseline 0.001 -24"><span class='ocrx_word' id='word_1_596' title='bbox 396 5990 523 6066; x_wconf 79' lang='grc' dir='ltr'><em>πρᾶσιν</em></span> <span class='ocrx_word' id='word_1_597' title='bbox 538 5986 574 6045; x_wconf 81' lang='grc' dir='ltr'>ἐκ</span> <span class='ocrx_word' id='word_1_598' title='bbox 589 5990 651 6046; x_wconf 81' lang='grc' dir='ltr'>τοῦ</span> <span class='ocrx_word' id='word_1_599' title='bbox 664 5982 776 6062; x_wconf 86' lang='grc' dir='ltr'><em>λέγειν,</em></span> <span class='ocrx_word' id='word_1_600' title='bbox 793 5978 845 6044; x_wconf 84' lang='grc' dir='ltr'>ὅτι</span> <span class='ocrx_word' id='word_1_601' title='bbox 862 5992 917 6045; x_wconf 86' lang='lat' dir='ltr'>etc</span> <span class='ocrx_word' id='word_1_602' title='bbox 950 5979 1015 6067; x_wconf 65' lang='grc' dir='ltr'>(σθ</span> <span class='ocrx_word' id='word_1_603' title='bbox 1030 5984 1062 6044; x_wconf 89' lang='lat' dir='ltr'>in</span> <span class='ocrx_word' id='word_1_604' title='bbox 1077 5982 1142 6045; x_wconf 91' lang='lat' dir='ltr'>cod.</span> <span class='ocrx_word' id='word_1_605' title='bbox 1158 6003 1213 6063; x_wconf 92' lang='lat' dir='ltr'>pro</span> <span class='ocrx_word' id='word_1_606' title='bbox 1229 5980 1298 6061; x_wconf 92' lang='grc' dir='ltr'>οη’).</span> <span class='ocrx_word' id='word_1_607' title='bbox 1328 5981 1434 6044; x_wconf 88' lang='lat' dir='ltr'>dicens</span> <span class='ocrx_word' id='word_1_608' title='bbox 1457 5989 1512 6045; x_wconf 91' lang='lat' dir='ltr'>etc.</span> 
     </span>
    </p>
   </div>
   <div class='ocr_carea' id='block_1_7' title="bbox 0 0 2494 7015">
    <p class='ocr_par' dir='ltr' id='par_1_20' title="bbox 0 0 2494 7015">
     <span class='ocr_line' id='line_1_53' title="bbox 0 0 2494 7015; baseline 0 0"><span class='ocrx_word' id='word_1_609' title='bbox 0 0 2494 7015; x_wconf 95' lang='lat' dir='ltr'> </span> 
     </span>
    </p>
   </div>
  </div>
 </body>
</html>
