4978 7018
936 453 1090 522 LIBER
1111 455 1203 522 XIX
1248 456 1339 523 ΤΙΤ.
1360 456 1403 523 Χ.
2044 457 2083 521 21

322 637 355 703 Ὁ
377 634 536 711 κοινωνὸς
558 636 680 700 τέλειον
701 637 760 718 μέν
780 633 821 700 rb
845 645 984 721 πρᾶγμα
1006 637 1046 700 οίι
1064 635 1160 701 δύνα-
1254 637 1360 700 Soeius
1391 638 1539 719 integrum
1568 659 1631 701 rem
1662 658 1723 700 uon
1754 648 1854 719 potest
1884 637 2026 710 alienum
2062 638 2089 699 si

259 767 314 807 ται
338 749 489 808 ἐκπονεῖν·
512 740 571 807 ἐάν
594 742 628 806 δέ
643 743 809 829 ἐκποιησῃ,
833 744 852 805 ὀ
874 747 985 827 ἐτερος
1001 741 1160 819 κοινωνός
1187 766 1259 809 vero
1282 745 1466 820 alienaverit,
1492 745 1569 807 ulter
1595 746 1694 808 sosius
1720 754 1838 826 purtem
1860 765 1947 807 susm
1969 754 2089 807 tentum

258 848 298 915 τό
322 849 407 915 ίδιον
428 853 527 935 μέρος
549 851 651 933 μόνον
674 848 800 930 ἐκδικεί,
824 850 864 913 οὐ
885 850 943 933 μὲν
965 853 1022 915 καί
1045 849 1085 915 τό
1101 860 1162 915 τοῦ
1187 853 1335 925 vindieat,
1366 872 1428 914 non
1458 853 1550 914 etium
1587 862 1704 933 partem
1741 851 1914 926 alienantis,
1952 851 2091 932 quamvis

260 959 476 1044 respueretur,
498 954 564 1020 κάν
586 959 795 1044 στρατιώτης
817 958 919 1020 ἐστίνε
936 994 978 1004 -
1090 979 1115 1021 ε.
1131 960 1161 1020 4.
1188 959 1274 1021 miles
1296 960 1343 1021 sit
2020 977 2046 1021 ε.
2060 961 2091 1020 4.

216 1110 222 1122 .
322 1063 356 1129 Ὁ
387 1064 543 1141 πωλήσας
579 1061 618 1128 τὸ
655 1064 820 1129 ἐπίκοινον
851 1072 989 1150 πράγμα
1024 1065 1058 1147 ἐξ
1089 1065 1161 1127 ὀλο-
1255 1065 1318 1143 Qui
1339 1086 1402 1129 rem
1417 1085 1607 1128 communem
1629 1065 1812 1129 insolidum
1832 1064 1975 1140 vendidit,
1998 1064 2091 1126 sosio·
2128 1071 2170 1124 τε.

259 1171 391 1255 κλήρου,
414 1170 643 1252 ἐκδικουμένον
669 1178 731 1233 τοῦ
755 1173 873 1256 μέρους
896 1181 963 1234 τῶν
984 1182 1161 1252 κοινωνῶν,
1189 1193 1256 1234 rum
1283 1182 1370 1254 perte
1395 1173 1564 1247 vindicate,
1591 1181 1710 1236 tenetur
1731 1171 1845 1237 venditi
1868 1172 1986 1234 sotioue
2008 1171 2038 1232 in
2061 1170 2092 1231 id

259 1280 435 1355 κατέχεται
463 1281 505 1366 τῇ
528 1277 579 1342 ἐπί
602 1281 643 1365 τῇ
666 1279 785 1364 πράσει
809 1279 925 1365 άγωγῇ
951 1281 996 1352 είς
1024 1277 1063 1343 τό
1094 1277 1163 1343 δια·
1190 1280 1272 1361 quod
1294 1280 1423 1342 interest
2020 1298 2046 1340 o.
2063 1281 2092 1339 5.

261 1387 379 1471 φέρονε
395 1420 437 1432 -
1092 1406 1117 1448 ε.
1134 1390 1163 1448 5.

623 1652 763 1719 ΤΙΤΛΟ(
788 1652 805 1719 ί
1523 1652 1711 1718 TITULUS
1733 1654 1766 1716 X

261 1813 323 1883 περί
345 1808 518 1883 ἀγορανόμου
540 1810 722 1884 παραγγελίας
742 1813 788 1863 καί
813 1813 876 1884 περί
903 1808 1050 1864 ἀναόοτίου
1078 1810 1165 1884 πράγ-
1192 1812 1228 1866 de
1246 1811 1344 1867 sedilis
1362 1812 1453 1867 edicto
1475 1816 1505 1868 et
1526 1812 1561 1866 de
1583 1811 1755 1868 redhibenda
1775 1828 1806 1867 re
1828 1815 1858 1867 et
1880 1811 1915 1868 de
1932 1812 1973 1866 rei
1991 1811 2094 1866 resolu-

261 1918 346 1970 ματος
372 1901 418 1951 ιιαί
443 1901 506 1971 περὶ
533 1898 687 1961 ἀναλύσεως
708 1900 867 1973 πράγματος
887 1903 932 1953 καλ
955 1898 1064 1968 ἥττονος
1090 1902 1166 1970 τιμῆς
1394 1901 1471 1956 tione
1489 1908 1518 1959 et
1535 1902 1571 1958 de
1589 1905 1695 1957 minore
1712 1903 1803 1973 pretio
1820 1901 1894 1957 dato.

615 1984 763 2058 ὀιόομίνηςε
784 2018 818 2027 -

326 2131 485 2209 Ἐνέχεται
509 2133 577 2194 ὀέν
592 2130 712 2209 είδήσει
726 2129 817 2195 κατά
833 2130 933 2197 δόλον
947 2129 1042 2217 παρὰ
1056 2140 1166 2197 ταῦτα
1259 2134 1392 2198 Tenetur
1413 2135 1440 2197 is
1462 2136 1514 2217 qui
1541 2137 1637 2200 soisns
1666 2136 1737 2199 dolo
1761 2135 1870 2221 [melo]
1894 2143 1999 2197 eontra
2020 2134 2095 2196 haer

262 2237 393 2301 πωλῶν·
418 2241 444 2301 εί
468 2235 502 2301 δὲ
524 2236 582 2302 καί
604 2240 758 2319 άγνοεῖό
782 2240 911 2325 πράτης
925 2236 970 2304 τά
985 2240 1167 2328 ὀφείλοιτο
1192 2241 1310 2315 vendit3
1339 2241 1393 2304 sed
1419 2243 1557 2323 quemvis
1584 2243 1701 2323 ignoret
1727 2252 1847 2325 emptor
1873 2263 1911 2305 ee
1937 2261 2015 2323 quus
2040 2258 2097 2321 per

262 2345 424 2426 γενέσθαι
446 2342 536 2408 κατά
558 2341 619 2407 τὸν
640 2345 743 2427 νόμον
766 2345 949 2410 ὑπόκειται·
973 2345 1167 2433 άδιάφορον
1192 2348 1291 2430 legem
1312 2348 1377 2411 fieri
1399 2358 1518 2430 oportet
1538 2357 1670 2425 tenetur;
1693 2349 1768 2411 nihil
1786 2350 1866 2412 euim
1880 2347 1971 2411 refert
1993 2354 2095 2410 utrum

262 2449 328 2537 γάρ
351 2454 415 2515 εἴτε
436 2449 527 2515 κατά
549 2452 682 2528 άπάτην
704 2454 767 2516 είτε
788 2450 879 2517 κατὰ
901 2455 1042 2535 άγνοιαν
1062 2453 1168 2517 αὐτοῦ
1193 2455 1263 2517 dolo
1287 2474 1328 2517 sn
1349 2475 1403 2536 per
1424 2456 1625 2536 ignoruntium
1648 2456 1713 2518 eius
1735 2465 1853 2537 emptor
1874 2454 2049 2535 decipietur.

263 2555 498 2642 ὀάγοραστὴς
522 2556 783 2623 οἰπατάταιε-ι
835 2560 872 2622 fr.
890 2564 917 2623 1.
934 2568 951 2638 5
968 2565 997 2623 2.
1012 2562 1052 2623 D.
1069 2563 1120 2637 21,
1138 2565 1166 2624 1.
1766 2563 1802 2625 fr.
1820 2567 1847 2626 1.
1864 2568 1881 2639 5
1899 2564 1928 2625 2.
1942 2561 1982 2625 D.
1999 2562 2050 2635 21,
2069 2561 2096 2621 1.

335 2661 386 2728 Τά
409 2675 567 2752 προφανῆ
591 2665 690 2741 πάθη
713 2664 771 2729 καί
798 2669 893 2731 αἴτια
915 2669 1084 2754 προλέγειν
1107 2668 1167 2731 οὔκ
1261 2667 1440 2730 Manifestus
1467 2669 1588 2732 morbos
1615 2679 1646 2732 et
1671 2669 1747 2731 vitio
1772 2668 1943 2750 pruedioere
1968 2687 2031 2729 non
2052 2675 2098 2728 est

263 2775 353 2834 ἐστιν
375 2773 572 2853 αναγκαῖον·
596 2772 714 2847 πάθος
735 2772 806 2837 ἐστί
829 2778 941 2852 σχέσις
956 2772 1050 2859 παρά
1065 2773 1168 2862 φύσιν
1195 2795 1328 2838 neeesse:
1351 2776 1474 2838 morbus
1496 2785 1543 2838 est
1563 2776 1686 2839 habitus
1708 2785 1815 2839 oontre
1836 2785 1978 2838 naturum
1993 2793 2097 2855 eorpo-

264 2886 326 2941 τοῦ
341 2879 495 2959 σώματος
509 2879 650 2964 χείρονα
664 2888 809 2944 ποιοῦσα
828 2878 888 2957 τὴν
903 2879 1049 2968 φυσικὴν
1064 2881 1170 2945 αὐτοῦ
1195 2884 1236 2945 ris
1257 2882 1434 2945 deteriorem
1456 2881 1569 2945 feriens
1590 2882 1759 2945 uetruulem
1787 2883 1851 2945 sius
1877 2902 1965 2945 usum
1992 2889 2023 2944 et
2045 2880 2098 2942 uli·

261 2994 385 3069 χρῆσιν
406 2983 465 3047 καί
480 2986 605 3050 έσθότε
619 2986 678 3068 μόν
693 2983 759 3068 tte
775 2990 823 3069 τῷ
839 2988 970 3069 σάματι
986 2987 1167 3073 συμβαίνει,
1195 2989 1317 3071 quando
1339 2998 1403 3051 toto
1432 2990 1550 3070 oorpori
1572 2990 1693 3065 recidit,
1720 2988 1884 3069 aliquando
1910 2989 2002 3071 perti:
2033 2996 2098 3049 toto

265 3091 389 3154 ἐσθότε
417 3091 452 3154 δέ
478 3094 579 3177 μέρει·
609 3088 675 3174 ore
701 3093 774 3175 μόν,
803 3095 847 3168 ὀς
873 3096 893 3170 ἡ
921 3095 1047 3181 φθίσις
1068 3093 1168 3158 καλό
1196 3096 1326 3177 quidem,
1354 3097 1432 3159 siout
1453 3096 1583 3178 phthisis
1605 3104 1635 3159 et
1657 3095 1761 3159 febris:
1787 3097 1868 3177 perti
1895 3096 1983 3158 siouti
2006 3094 2098 3156 ooeoi·

266 3194 417 3283 πυρετός,
449 3200 536 3283 μέρει
560 3197 594 3262 δέ
622 3199 666 3273 ὡς
692 3202 712 3276 η
735 3198 917 3287 τύφλωσις,
949 3199 1014 3264 κάν
1040 3200 1170 3284 ἐγγενὴς
1195 3214 1253 3282 ιεε,
1276 3213 1307 3265 et
1328 3204 1354 3265 si
1376 3202 1524 3266 naturalis
1546 3203 1594 3265 sit
1934 3201 1970 3263 fr.
1989 3203 2017 3261 1.
2034 3205 2050 3278 5
2069 3203 2097 3261 7.

266 3307 326 3381 είηε
349 3340 391 3349 -
1007 3309 1044 3371 fr.
1062 3311 1089 3373 1.
1106 3316 1123 3386 5
1141 3312 1169 3372 7.

338 3406 384 3473 Τὸ
412 3414 453 3497 τῇ
473 3411 590 3495 χρήσει
618 3410 637 3489 η
660 3412 826 3498 ὑπουργία
851 3411 1025 3494 ἐμποδίζον
1053 3415 1171 3489 πάθος
1262 3415 1389 3479 Morbus
1417 3436 1472 3478 seu
1497 3415 1605 3478 vitium
1631 3435 1721 3477 usum
1748 3435 1909 3497 operumve
1934 3413 2099 3495 impediens

266 3516 419 3594 ἢαίτιον
441 3518 564 3599 εἰσάγει
587 3516 648 3595 τὴν
670 3519 954 3607 ἀναστρέφουσαν
975 3517 1015 3584 τὸ
1035 3522 1171 3605 πραθὲν
1196 3522 1312 3585 inducit
1341 3522 1566 3585 redhibitorism
1597 3523 1710 3602 negotii
1742 3523 1903 3596 sotionem,
1935 3541 1996 3582 non
2027 3539 2099 3583 vero

267 3621 409 3705 ἀγωγὴν,
433 3623 614 3709 οὐμικρόν
636 3646 672 3689 τε
693 3624 751 3690 κοιλ
773 3623 930 3713 ἐλαφρὸν,
958 3628 1002 3701 ὡς
1024 3625 1171 3715 ἐλαφρὸς
1197 3650 1326 3711 pervum
1349 3638 1381 3691 et
1401 3629 1481 3702 leve;
1503 3628 1591 3690 siouti
1614 3612 1689 3692 levis
1711 3627 1803 3691 febris
1825 3638 1879 3690 sut
1901 3637 1989 3690 vetus
2011 3646 2098 3707 quer·

268 3727 408 3815 πυρετδς
417 3730 436 3808 ὀ
446 3727 588 3805 παλαιὸς
603 3741 801 3818 τεταρταῖος
810 3732 830 3809 b
839 3729 879 3795 τὸ
895 3731 1014 3819 μικρὸν
1023 3743 1170 3818 τραῦμα·
1197 3746 1272 3799 tenu
1287 3745 1341 3798 eut
1357 3755 1487 3818 pervum
1509 3734 1634 3810 vulnus3
1656 3734 1732 3797 hueo
1746 3735 1825 3797 enim
1840 3755 1902 3796 non
1917 3742 1963 3797 est
1977 3750 2100 3795 neeesse

268 3844 369 3901 τοῦτο
392 3834 458 3921 γάρ
477 3837 553 3902 οὔτε
575 3837 628 3901 δεῖ
645 3838 822 3925 προλέγειν,
846 3840 890 3913 ως
905 3836 943 3902 δν
958 3862 1172 3928 καταφρονη-
1197 3843 1376 3924 ρεεεόἰοενε,
1399 3842 1487 3905 sicuti
1510 3840 1756 3923 oontemptibilis„
1937 3840 1973 3902 ίτ.
1992 3842 2020 3901 1.
2036 3845 2052 3916 5
2070 3842 2100 3903 8.

270 3944 377 4007 τινιόνε
394 3944 436 3991 3-
1010 3948 1045 4012 fr.
1065 3952 1091 4010 1.
1108 3955 1125 4026 5
1142 3954 1172 4013 8.

340 4048 408 4115 Οὐκ
444 4050 534 4115 ἐστίν
571 4049 726 4133 ἐμπαθὴς
758 4054 777 4115 ὀ
809 4052 1024 4138 ίεροπληειτης
1055 4056 1074 4117 ὀ
1112 4053 1172 4132 τὴν
1265 4055 1428 4117 Morbosus
1450 4075 1511 4117 non
1533 4064 1579 4118 est
1605 4055 1830 4137 superstitiosus
1852 4056 1904 4136 qui
1925 4063 2019 4136 osput
2040 4073 2101 4114 non

269 4155 417 4244 κεφαλὴν
447 4158 487 4220 οὐ
517 4154 574 4222 διά
603 4159 782 4241 λημμάτων
811 4158 980 4243 ῥιπτάζων
1009 4161 1070 4224 καί
1096 4183 1173 4225 τινα
1200 4164 1278 4225 iuter
1297 4164 1446 4225 temtioos
1468 4162 1584 4224 iaetitet
1605 4171 1637 4224 et
1662 4161 1811 4245 quaedum
1834 4161 2004 4243 praedium
2028 4179 2101 4222 uem

270 4263 452 4349 προλέγων·
476 4262 522 4329 τά
542 4261 608 4352 γάρ
632 4276 691 4342 τῆς
712 4274 825 4352 ψυχῆς
846 4268 941 4329 αίτια
955 4267 1118 4347 ἐμπαθεῖς
1133 4267 1173 4330 οίι
1199 4268 1293 4329 enimi
1329 4269 1405 4331 vitis
1444 4268 1599 4331 morbosos
1636 4289 1698 4331 uon
1736 4268 1869 4343 fuciunt,
1907 4277 1942 4330 ut
1983 4275 2029 4329 est
2070 4267 2102 4326 in

271 4379 432 4451 ποιοῦσιν,
465 4374 510 4445 ὡς
532 4368 583 4434 έπλ
609 4379 671 4434 τοῦ
692 4370 823 4458 κούφου
845 4371 865 4448 ὀ
889 4371 1131 4455 δεισιδαίμονος
1153 4374 1173 4451 η
1199 4374 1260 4438 levi
1291 4374 1342 4438 vel
1373 4376 1578 4457 superstitioso
1604 4374 1655 4438 vel
1681 4374 1826 4437 ireoundo
1854 4374 1904 4438 vel
1931 4372 2102 4436 oontumeoi

271 4478 406 4562 ὀργίλου
421 4478 441 4556 λ
456 4486 720 4565 καταφρονητοῦ
733 4477 791 4542 καί
805 4488 873 4541 τῶν
888 4480 1024 4561 ὁμοίων·
1048 4478 1092 4545 τά
1106 4479 1172 4567 γάρ
1200 4490 1231 4544 et
1266 4481 1425 4555 similibus;
1462 4501 1534 4543 nem
1570 4481 1608 4544 de
1639 4481 1770 4564 eorporis
1805 4482 1936 4544 sanitate
1966 4500 2028 4541 non
2065 4478 2102 4540 de

271 4596 329 4662 τῆς
355 4586 479 4666 ὑγιείας
505 4594 567 4648 τοῦ
592 4587 748 4665 σώματος
774 4586 814 4648 οὐ
835 4584 899 4668 μην
926 4596 993 4649 των
1019 4598 1174 4673 ψυχικῶν
1200 4588 1281 4651 vitiis
1303 4589 1396 4650 enimi
1418 4588 1590 4670 presdioere
1611 4597 1730 4671 oportet
1751 4597 1923 4670 emptorem,
1946 4587 2003 4649 nisi
2025 4585 2103 4648 forte

271 4694 388 4755 αίτίων
414 4692 537 4780 ὀφείλει
566 4691 734 4778 προλέγειν
761 4694 780 4755 ὀ
807 4694 948 4779 πράτης,
979 4696 1006 4756 εί
1032 4693 1076 4776 μὴ
1104 4696 1174 4780 ἄρα
1200 4704 1231 4757 οι
1252 4695 1346 4757 animi
1368 4695 1475 4758 vitium
1499 4716 1519 4758 ε
1540 4694 1690 4777 eorpomli
1709 4694 1814 4758 morbo
1836 4694 1977 4776 pendeat:
2001 4700 2036 4754 ut
2057 4701 2103 4754 est

271 4797 329 4862 καί
352 4795 391 4862 τὸ
414 4795 565 4885 ψυχικὸν
590 4795 657 4863 άπὸ
681 4808 874 4881 σωματικοῦ
900 4797 1020 4883 συνέβη
1048 4801 1173 4879 πάθος,
1200 4802 1233 4862 iu
1254 4801 1434 4882 phrenetioo,
1460 4822 1533 4864 uum
1559 4823 1579 4864 ε
1605 4802 1682 4864 febri
1708 4804 1810 4864 oritur.
1855 4810 1886 4863 et
1912 4801 2005 4862 enimi
2028 4799 2104 4861 vitis

272 4908 315 4979 ιίις
347 4910 395 4987 τῷ
427 4908 628 4992 φρενητιιιῷ,
665 4902 732 4969 άπό
763 4902 830 4991 γάρ
862 4915 1005 4991 πυρετοῦ
1039 4907 1173 4988 γίνεται.
1201 4908 1227 4969 si
1254 4909 1350 4970 soiens
1377 4909 1516 4972 venditor
1537 4929 1598 4971 non
1619 4908 1809 4990 praedixerit,
1832 4916 1952 4970 tenetur
1973 4927 2012 4968 ex
2033 4925 2103 4969 veu-

271 5011 329 5075 καλ
351 5009 396 5076 τά
418 5016 513 5077 αίτια
535 5012 569 5076 δέ
591 5022 650 5089 τῆς
672 5023 784 5099 ψυχῆς
805 5011 863 5076 έάν
889 5011 982 5087 είδὼς
1004 5014 1023 5075 ὀ
1047 5014 1175 5096 πράτης
1202 5014 1316 5076 ditione
1337 5017 1463 5078 ustione.
1942 5012 1978 5074 fr.
1996 5016 2024 5074 1.
2040 5018 2056 5089 5
2074 5014 2103 5074 9.

272 5118 316 5200 μὴ
354 5120 505 5206 προείπῃ,
542 5122 684 5197 ἐνέχεται
723 5123 764 5207 τί,
801 5116 892 5183 κατά
928 5130 987 5197 τῆς
1023 5121 1176 5204 πράσεως

273 5226 401 5312 άγωγῇε
417 5262 459 5273 -—
1012 5229 1047 5291 fr.
1068 5232 1095 5291 1.
1112 5234 1128 5305 5
1147 5231 1175 5291 9.

339 5332 381 5396 Εί
403 5331 461 5396 καί
483 5337 595 5415 γέγονε
617 5333 675 5416 μὲν
694 5330 850 5414 ἐμπαθὴς
866 5334 885 5412 ὀ
900 5334 1053 5408 ὑπαίτιος
1068 5335 1087 5397 ὀ
1103 5333 1176 5397 δοῦ·
1269 5333 1303 5397 si
1332 5334 1423 5397 riserit
1453 5335 1611 5398 morbosus
1643 5343 1698 5398 eut
1722 5334 1848 5399 vitiosus
1876 5353 1992 5407 servus,
2023 5352 2104 5394 nuno

274 5438 339 5519 λος,
355 5447 413 5502 νῦν
428 5438 463 5502 δὲ
479 5440 540 5503 οίίκ
554 5444 624 5503 ἐστι
640 5449 801 5520 τοιοῦτος,
818 5441 858 5504 οὐ
873 5440 926 5504 δεῖ
936 5440 1117 5526 προλέγεινε
1133 5478 1174 5488 -
1203 5450 1305 5504 eutem
1327 5462 1389 5504 non
1411 5451 1458 5504 est
1478 5443 1558 5517 tulis,
1580 5442 1752 5524 prsedioere
1774 5461 1836 5503 uon
1859 5449 1985 5522 oportet

342 5545 383 5609 Εί
398 5545 454 5609 καί
470 5543 560 5610 κατά
574 5544 734 5631 βλακείαν
749 5569 799 5621 τις
814 5547 1046 5635 θεοφορεῖται,
1067 5551 1177 5611 αίτιον
1269 5547 1303 5612 Si
1324 5568 1380 5630 per
1393 5549 1546 5611 luxurium
1561 5549 1629 5630 quis
1647 5548 1812 5611 beoehutus
1828 5549 1875 5623 sit,
1890 5547 1998 5612 vitium
2012 5545 2106 5607 hebet

275 5654 338 5730 ἐχει
363 5650 436 5738 περί
459 5651 520 5730 τὴν
541 5651 664 5740 φυγὴν,
693 5655 732 5716 οίι
754 5651 818 5736 μὴν
840 5652 913 5740 περί
935 5651 976 5718 τό
999 5664 1109 5737 σῶμα·
1132 5651 1178 5718 τά
1204 5655 1305 5729 animi,
1329 5675 1390 5716 nou
1413 5656 1558 5736 eorporis:
1581 5656 1714 5735 eorporis
1734 5664 1836 5717 eutem
1851 5655 1936 5729 vitis,
1957 5672 2019 5715 non
2033 5672 2105 5716 uero

275 5758 309 5823 δέ
333 5756 508 5841 σωματικά
530 5761 624 5822 αἴτια
647 5759 687 5822 οὐ
708 5757 773 5840 μὴν
794 5758 838 5823 τά
860 5758 993 5849 ψυχικοί
1015 5759 1076 5838 τίγν
1098 5763 1177 5825 άνιι-
1204 5761 1298 5823 uuimi
1319 5761 1544 5823 redhibitorism
1559 5762 1671 5842 negotii
1686 5762 1835 5823 sotionem
1850 5760 2011 5833 iuduouut3
2034 5778 2105 5820 uum

349 5988 359 6021 ¹
377 5987 511 6044 Similiter
528 5987 594 6059 Syn.
