<?xml version="1.0" encoding="UTF-8"?>
<!DOCTYPE html PUBLIC "-//W3C//DTD XHTML 1.0 Transitional//EN"
    "http://www.w3.org/TR/xhtml1/DTD/xhtml1-transitional.dtd">
<html xmlns="http://www.w3.org/1999/xhtml" xml:lang="en" lang="en">
 <head>
  <title>
</title>
<meta http-equiv="Content-Type" content="text/html;charset=utf-8" />
  <meta name='ocr-system' content='tesseract 3.04.00' />
  <meta name='ocr-capabilities' content='ocr_page ocr_carea ocr_par ocr_line ocrx_word'/>
</head>
<body>
  <div class='ocr_page' id='page_1' title='image "./supplementumedi00linggoog_0373.png"; bbox 0 0 4978 7018; ppageno 0'>
   <div class='ocr_carea' id='block_1_1' title="bbox 924 448 1442 518">
    <p class='ocr_par' dir='ltr' id='par_1_1' title="bbox 924 448 1442 518">
     <span class='ocr_line' id='line_1_1' title="bbox 924 448 1442 518; baseline 0 -3"><span class='ocrx_word' id='word_1_1' title='bbox 924 448 1078 517; x_wconf 80' lang='lat' dir='ltr'>LIBER</span> <span class='ocrx_word' id='word_1_2' title='bbox 1099 450 1191 517; x_wconf 74' lang='lat' dir='ltr'><strong>XIX</strong></span> <span class='ocrx_word' id='word_1_3' title='bbox 1236 451 1327 518; x_wconf 74' lang='lat' dir='ltr'><strong>niu.</strong></span> <span class='ocrx_word' id='word_1_4' title='bbox 1349 450 1442 518; x_wconf 89' lang='lat' dir='ltr'>VIII.</span> 
     </span>
    </p>
   </div>
   <div class='ocr_carea' id='block_1_2' title="bbox 621 716 1794 786">
    <p class='ocr_par' dir='ltr' id='par_1_2' title="bbox 621 716 1794 786">
     <span class='ocr_line' id='line_1_2' title="bbox 621 716 1794 786; baseline -0.006 -1"><span class='ocrx_word' id='word_1_5' title='bbox 621 719 762 786; x_wconf 87' lang='grc' dir='ltr'>ΤΙΤΛΟ(</span> <span class='ocrx_word' id='word_1_6' title='bbox 786 719 821 785; x_wconf 89' lang='grc' dir='ltr'><strong>Η’</strong></span> <span class='ocrx_word' id='word_1_7' title='bbox 1501 718 1688 783; x_wconf 83' lang='lat' dir='ltr'>TITULUS</span> <span class='ocrx_word' id='word_1_8' title='bbox 1710 716 1794 779; x_wconf 92' lang='lat' dir='ltr'>VIII</span> 
     </span>
    </p>
   </div>
   <div class='ocr_carea' id='block_1_3' title="bbox 265 871 2098 1212">
    <p class='ocr_par' dir='ltr' id='par_1_3' title="bbox 265 871 2098 1129">
     <span class='ocr_line' id='line_1_3' title="bbox 265 871 2098 951; baseline -0.004 -20"><span class='ocrx_word' id='word_1_9' title='bbox 265 879 328 950; x_wconf 82' lang='grc' dir='ltr'><em>περὶ</em></span> <span class='ocrx_word' id='word_1_10' title='bbox 350 877 465 950; x_wconf 82' lang='grc' dir='ltr'><em>ἀγωγῶν</em></span> <span class='ocrx_word' id='word_1_11' title='bbox 482 877 609 950; x_wconf 75' lang='grc' dir='ltr'><strong><em>πράσεως</em></strong></span> <span class='ocrx_word' id='word_1_12' title='bbox 626 879 671 930; x_wconf 87' lang='grc' dir='ltr'><strong>καί</strong></span> <span class='ocrx_word' id='word_1_13' title='bbox 690 876 840 950; x_wconf 81' lang='grc' dir='ltr'><em>ἀγορασίαις</em></span> <span class='ocrx_word' id='word_1_14' title='bbox 857 879 902 929; x_wconf 83' lang='grc' dir='ltr'><em>κοιλ</em></span> <span class='ocrx_word' id='word_1_15' title='bbox 920 880 983 950; x_wconf 84' lang='grc' dir='ltr'><em>περί</em></span> <span class='ocrx_word' id='word_1_16' title='bbox 1004 879 1170 951; x_wconf 71' lang='grc' dir='ltr'><strong><em>πραγμάτων</em></strong></span> <span class='ocrx_word' id='word_1_17' title='bbox 1198 879 1232 933; x_wconf 91' lang='lat' dir='ltr'><strong>de</strong></span> <span class='ocrx_word' id='word_1_18' title='bbox 1251 877 1406 933; x_wconf 71' lang='lat' dir='ltr'><strong>actionibus</strong></span> <span class='ocrx_word' id='word_1_19' title='bbox 1425 878 1530 933; x_wconf 78' lang='lat' dir='ltr'>venditi</span> <span class='ocrx_word' id='word_1_20' title='bbox 1550 883 1579 931; x_wconf 88' lang='lat' dir='ltr'><strong>et</strong></span> <span class='ocrx_word' id='word_1_21' title='bbox 1601 874 1687 945; x_wconf 80' lang='lat' dir='ltr'><strong>empti</strong></span> <span class='ocrx_word' id='word_1_22' title='bbox 1710 879 1739 928; x_wconf 87' lang='lat' dir='ltr'><strong>et</strong></span> <span class='ocrx_word' id='word_1_23' title='bbox 1761 873 1796 927; x_wconf 90' lang='lat' dir='ltr'><strong>de</strong></span> <span class='ocrx_word' id='word_1_24' title='bbox 1814 871 1897 927; x_wconf 88' lang='lat' dir='ltr'><strong>rebus</strong></span> <span class='ocrx_word' id='word_1_25' title='bbox 1920 871 2019 926; x_wconf 81' lang='lat' dir='ltr'><strong>alienis</strong></span> <span class='ocrx_word' id='word_1_26' title='bbox 2041 887 2098 925; x_wconf 91' lang='lat' dir='ltr'><strong>non</strong></span> 
     </span>
     <span class='ocr_line' id='line_1_4' title="bbox 267 960 2098 1041; baseline -0.003 -21"><span class='ocrx_word' id='word_1_27' title='bbox 267 967 412 1039; x_wconf 84' lang='grc' dir='ltr'><em>ἀλλοτρίων</em></span> <span class='ocrx_word' id='word_1_28' title='bbox 423 967 460 1036; x_wconf 87' lang='grc' dir='ltr'><em>μή</em></span> <span class='ocrx_word' id='word_1_29' title='bbox 470 965 666 1035; x_wconf 80' lang='grc' dir='ltr'><em>ἀκποιοομένων</em></span> <span class='ocrx_word' id='word_1_30' title='bbox 677 968 722 1018; x_wconf 84' lang='grc' dir='ltr'><strong>καί</strong></span> <span class='ocrx_word' id='word_1_31' title='bbox 733 969 795 1037; x_wconf 75' lang='grc' dir='ltr'><em>περὶ</em></span> <span class='ocrx_word' id='word_1_32' title='bbox 808 968 853 1033; x_wconf 84' lang='grc' dir='ltr'><strong>τής</strong></span> <span class='ocrx_word' id='word_1_33' title='bbox 864 966 1075 1036; x_wconf 80' lang='grc' dir='ltr'><em>κεκεκωλαμίνης</em></span> <span class='ocrx_word' id='word_1_34' title='bbox 1086 987 1170 1041; x_wconf 79' lang='grc' dir='ltr'><em>προη·</em></span> <span class='ocrx_word' id='word_1_35' title='bbox 1197 967 1350 1022; x_wconf 85' lang='lat' dir='ltr'><strong>vendendis</strong></span> <span class='ocrx_word' id='word_1_36' title='bbox 1368 973 1397 1022; x_wconf 88' lang='lat' dir='ltr'><strong>et</strong></span> <span class='ocrx_word' id='word_1_37' title='bbox 1415 967 1450 1022; x_wconf 91' lang='lat' dir='ltr'><strong>de</strong></span> <span class='ocrx_word' id='word_1_38' title='bbox 1468 967 1556 1022; x_wconf 87' lang='lat' dir='ltr'><strong>vetita</strong></span> <span class='ocrx_word' id='word_1_39' title='bbox 1573 981 1664 1020; x_wconf 87' lang='lat' dir='ltr'><strong>rerum</strong></span> <span class='ocrx_word' id='word_1_40' title='bbox 1683 963 1851 1018; x_wconf 74' lang='lat' dir='ltr'><strong>alienatione</strong></span> <span class='ocrx_word' id='word_1_41' title='bbox 1872 962 1918 1018; x_wconf 88' lang='lat' dir='ltr'><strong>vel</strong></span> <span class='ocrx_word' id='word_1_42' title='bbox 1939 960 2098 1031; x_wconf 71' lang='lat' dir='ltr'><strong>hypotheca</strong></span> 
     </span>
     <span class='ocr_line' id='line_1_5' title="bbox 267 1051 1938 1129; baseline -0.002 -21"><span class='ocrx_word' id='word_1_43' title='bbox 267 1055 360 1125; x_wconf 89' lang='grc' dir='ltr'><em>μάτων</em></span> <span class='ocrx_word' id='word_1_44' title='bbox 378 1055 553 1123; x_wconf 84' lang='grc' dir='ltr'><em>ίιιποιήστως,</em></span> <span class='ocrx_word' id='word_1_45' title='bbox 574 1052 590 1121; x_wconf 84' lang='grc' dir='ltr'><em>ή</em></span> <span class='ocrx_word' id='word_1_46' title='bbox 608 1052 751 1122; x_wconf 76' lang='grc' dir='ltr'><em>ὑποθήκης</em></span> <span class='ocrx_word' id='word_1_47' title='bbox 767 1056 812 1107; x_wconf 81' lang='grc' dir='ltr'><strong>καί</strong></span> <span class='ocrx_word' id='word_1_48' title='bbox 829 1057 892 1127; x_wconf 77' lang='grc' dir='ltr'><em>περὶ</em></span> <span class='ocrx_word' id='word_1_49' title='bbox 909 1057 954 1122; x_wconf 83' lang='grc' dir='ltr'><strong>τῆς</strong></span> <span class='ocrx_word' id='word_1_50' title='bbox 972 1057 1068 1109; x_wconf 88' lang='grc' dir='ltr'><em>κοινῶν</em></span> <span class='ocrx_word' id='word_1_51' title='bbox 1085 1076 1171 1129; x_wconf 81' lang='grc' dir='ltr'><em>πραγ-</em></span> <span class='ocrx_word' id='word_1_52' title='bbox 1356 1055 1431 1111; x_wconf 89' lang='lat' dir='ltr'><strong>etde</strong></span> <span class='ocrx_word' id='word_1_53' title='bbox 1450 1055 1636 1111; x_wconf 82' lang='lat' dir='ltr'><strong>communium</strong></span> <span class='ocrx_word' id='word_1_54' title='bbox 1654 1069 1746 1108; x_wconf 86' lang='lat' dir='ltr'><strong>rerum</strong></span> <span class='ocrx_word' id='word_1_55' title='bbox 1764 1051 1938 1106; x_wconf 68' lang='lat' dir='ltr'><strong>alienatione.</strong></span> 
     </span>
    </p>

    <p class='ocr_par' dir='ltr' id='par_1_4' title="bbox 580 1141 860 1212">
     <span class='ocr_line' id='line_1_6' title="bbox 580 1141 860 1212; baseline 0.004 -16"><span class='ocrx_word' id='word_1_56' title='bbox 580 1142 673 1212; x_wconf 90' lang='grc' dir='ltr'><em>μίιτων</em></span> <span class='ocrx_word' id='word_1_57' title='bbox 691 1141 860 1211; x_wconf 81' lang='grc' dir='ltr'><em>ἀκποιήοιως.</em></span> 
     </span>
    </p>
   </div>
   <div class='ocr_carea' id='block_1_4' title="bbox 196 1282 2160 3186">
    <p class='ocr_par' dir='ltr' id='par_1_5' title="bbox 196 1282 2159 1587">
     <span class='ocr_line' id='line_1_7' title="bbox 196 1282 2159 1371; baseline -0.001 -25"><span class='ocrx_word' id='word_1_58' title='bbox 196 1296 230 1348; x_wconf 76' lang='grc' dir='ltr'><strong>α’.</strong></span> <span class='ocrx_word' id='word_1_59' title='bbox 333 1286 366 1353; x_wconf 90' lang='grc' dir='ltr'><strong><em>Ὁ</em></strong></span> <span class='ocrx_word' id='word_1_60' title='bbox 394 1287 523 1371; x_wconf 87' lang='grc' dir='ltr'><em>πράτης</em></span> <span class='ocrx_word' id='word_1_61' title='bbox 550 1284 593 1368; x_wconf 84' lang='grc' dir='ltr'><em>μή</em></span> <span class='ocrx_word' id='word_1_62' title='bbox 626 1282 831 1370; x_wconf 81' lang='grc' dir='ltr'><em>παραδιδοὺς</em></span> <span class='ocrx_word' id='word_1_63' title='bbox 864 1283 903 1350; x_wconf 85' lang='grc' dir='ltr'><strong>τὸ</strong></span> <span class='ocrx_word' id='word_1_64' title='bbox 930 1297 1069 1371; x_wconf 78' lang='grc' dir='ltr'><em>πρᾶγμα</em></span> <span class='ocrx_word' id='word_1_65' title='bbox 1100 1290 1171 1352; x_wconf 81' lang='grc' dir='ltr'><em>ένοί-</em></span> <span class='ocrx_word' id='word_1_66' title='bbox 1265 1290 1415 1352; x_wconf 90' lang='lat' dir='ltr'><strong>Venditor</strong></span> <span class='ocrx_word' id='word_1_67' title='bbox 1445 1289 1497 1369; x_wconf 90' lang='lat' dir='ltr'><strong>qui</strong></span> <span class='ocrx_word' id='word_1_68' title='bbox 1528 1308 1590 1349; x_wconf 89' lang='lat' dir='ltr'><strong>rem</strong></span> <span class='ocrx_word' id='word_1_69' title='bbox 1626 1307 1686 1348; x_wconf 91' lang='lat' dir='ltr'><strong>non</strong></span> <span class='ocrx_word' id='word_1_70' title='bbox 1727 1285 1821 1347; x_wconf 74' lang='lat' dir='ltr'><strong>uadit</strong></span> <span class='ocrx_word' id='word_1_71' title='bbox 1852 1285 2028 1346; x_wconf 88' lang='lat' dir='ltr'><strong>eonvenitur</strong></span> <span class='ocrx_word' id='word_1_72' title='bbox 2059 1283 2098 1345; x_wconf 91' lang='lat' dir='ltr'><strong>ab</strong></span> <span class='ocrx_word' id='word_1_73' title='bbox 2138 1295 2159 1343; x_wconf 92' lang='lat'><strong>1.</strong></span> 
     </span>
     <span class='ocr_line' id='line_1_8' title="bbox 268 1389 2099 1480; baseline -0.004 -22"><span class='ocrx_word' id='word_1_74' title='bbox 268 1417 360 1477; x_wconf 89' lang='grc' dir='ltr'><em>γεται</em></span> <span class='ocrx_word' id='word_1_75' title='bbox 384 1398 429 1468; x_wconf 89' lang='grc' dir='ltr'><strong>είς</strong></span> <span class='ocrx_word' id='word_1_76' title='bbox 451 1391 491 1457; x_wconf 82' lang='grc' dir='ltr'><strong>τὸ</strong></span> <span class='ocrx_word' id='word_1_77' title='bbox 511 1391 674 1479; x_wconf 77' lang='grc' dir='ltr'><strong>διαφέρον</strong></span> <span class='ocrx_word' id='word_1_78' title='bbox 697 1396 745 1473; x_wconf 79' lang='grc' dir='ltr'><strong>τῷ</strong></span> <span class='ocrx_word' id='word_1_79' title='bbox 767 1394 952 1480; x_wconf 82' lang='grc' dir='ltr'><em>ἀγοραστῇ,</em></span> <span class='ocrx_word' id='word_1_80' title='bbox 975 1394 1031 1458; x_wconf 86' lang='grc' dir='ltr'><strong>καί</strong></span> <span class='ocrx_word' id='word_1_81' title='bbox 1051 1399 1078 1458; x_wconf 85' lang='grc' dir='ltr'><strong>εί</strong></span> <span class='ocrx_word' id='word_1_82' title='bbox 1094 1417 1171 1478; x_wconf 88' lang='grc' dir='ltr'><em>σαμ-</em></span> <span class='ocrx_word' id='word_1_83' title='bbox 1199 1405 1333 1478; x_wconf 86' lang='lat' dir='ltr'><strong>emptore</strong></span> <span class='ocrx_word' id='word_1_84' title='bbox 1355 1397 1387 1457; x_wconf 92' lang='lat' dir='ltr'><strong>in</strong></span> <span class='ocrx_word' id='word_1_85' title='bbox 1410 1395 1441 1456; x_wconf 94' lang='lat' dir='ltr'><strong>id</strong></span> <span class='ocrx_word' id='word_1_86' title='bbox 1460 1395 1540 1476; x_wconf 90' lang='lat' dir='ltr'><strong>quod</strong></span> <span class='ocrx_word' id='word_1_87' title='bbox 1564 1395 1700 1455; x_wconf 88' lang='lat' dir='ltr'><strong>interest:</strong></span> <span class='ocrx_word' id='word_1_88' title='bbox 1724 1393 1814 1453; x_wconf 88' lang='lat' dir='ltr'><strong>etiam</strong></span> <span class='ocrx_word' id='word_1_89' title='bbox 1837 1391 1862 1453; x_wconf 91' lang='lat' dir='ltr'><strong>si</strong></span> <span class='ocrx_word' id='word_1_90' title='bbox 1886 1391 1995 1463; x_wconf 89' lang='lat' dir='ltr'><strong>evenit,</strong></span> <span class='ocrx_word' id='word_1_91' title='bbox 2018 1399 2053 1451; x_wconf 91' lang='lat' dir='ltr'><strong>nt</strong></span> <span class='ocrx_word' id='word_1_92' title='bbox 2067 1389 2099 1450; x_wconf 93' lang='lat' dir='ltr'><strong>id</strong></span> 
     </span>
     <span class='ocr_line' id='line_1_9' title="bbox 267 1497 2098 1587; baseline -0.004 -22"><span class='ocrx_word' id='word_1_93' title='bbox 267 1501 374 1587; x_wconf 70' lang='lat' dir='ltr'><strong>fiction</strong></span> <span class='ocrx_word' id='word_1_94' title='bbox 402 1497 442 1564; x_wconf 84' lang='grc' dir='ltr'><strong>τὸ</strong></span> <span class='ocrx_word' id='word_1_95' title='bbox 466 1499 629 1587; x_wconf 80' lang='grc' dir='ltr'><strong>διαφέρον</strong></span> <span class='ocrx_word' id='word_1_96' title='bbox 653 1498 861 1584; x_wconf 76' lang='grc' dir='ltr'><em>ὑπερβαίνειν</em></span> <span class='ocrx_word' id='word_1_97' title='bbox 883 1497 922 1564; x_wconf 84' lang='grc' dir='ltr'><strong>τὸ</strong></span> <span class='ocrx_word' id='word_1_98' title='bbox 949 1503 1086 1584; x_wconf 83' lang='grc' dir='ltr'><em>τίμημαι</em></span> <span class='ocrx_word' id='word_1_99' title='bbox 1113 1501 1171 1549; x_wconf 88' lang='lat'><strong>—¹</strong></span> <span class='ocrx_word' id='word_1_100' title='bbox 1199 1502 1278 1584; x_wconf 91' lang='lat' dir='ltr'><strong>quod</strong></span> <span class='ocrx_word' id='word_1_101' title='bbox 1302 1503 1426 1564; x_wconf 87' lang='lat' dir='ltr'><strong>interest</strong></span> <span class='ocrx_word' id='word_1_102' title='bbox 1447 1501 1578 1582; x_wconf 89' lang='lat' dir='ltr'><strong>pretium</strong></span> <span class='ocrx_word' id='word_1_103' title='bbox 1600 1506 1730 1579; x_wconf 85' lang='lat' dir='ltr'><strong>superet</strong></span> <span class='ocrx_word' id='word_1_104' title='bbox 1797 1497 1833 1558; x_wconf 85' lang='lat' dir='ltr'><strong>fr.</strong></span> <span class='ocrx_word' id='word_1_105' title='bbox 1851 1500 1867 1558; x_wconf 88' lang='lat'>1</span> <span class='ocrx_word' id='word_1_106' title='bbox 1885 1517 1929 1577; x_wconf 87' lang='lat' dir='ltr'><strong>pr.</strong></span> <span class='ocrx_word' id='word_1_107' title='bbox 1944 1497 1985 1558; x_wconf 90' lang='lat' dir='ltr'><strong>D.</strong></span> <span class='ocrx_word' id='word_1_108' title='bbox 2003 1499 2052 1570; x_wconf 89' lang='lat'><strong>19,</strong></span> <span class='ocrx_word' id='word_1_109' title='bbox 2071 1499 2098 1557; x_wconf 91' lang='lat'><strong>1.</strong></span> 
     </span>
    </p>

    <p class='ocr_par' dir='ltr' id='par_1_6' title="bbox 870 1607 1172 1689">
     <span class='ocr_line' id='line_1_10' title="bbox 870 1607 1172 1689; baseline 0 -21"><span class='ocrx_word' id='word_1_110' title='bbox 870 1607 905 1668; x_wconf 85' lang='lat' dir='ltr'><strong>fr.</strong></span> <span class='ocrx_word' id='word_1_111' title='bbox 924 1610 939 1668; x_wconf 99' lang='grc'>1</span> <span class='ocrx_word' id='word_1_112' title='bbox 958 1609 1125 1689; x_wconf 82' lang='grc' dir='ltr'><em>μτ.1).19,</em></span> <span class='ocrx_word' id='word_1_113' title='bbox 1144 1613 1172 1670; x_wconf 93' lang='grc'><strong>1.</strong></span> 
     </span>
    </p>

    <p class='ocr_par' dir='ltr' id='par_1_7' title="bbox 270 1710 2099 2119">
     <span class='ocr_line' id='line_1_11' title="bbox 334 1710 2099 1801; baseline -0.005 -23"><span class='ocrx_word' id='word_1_114' title='bbox 334 1712 408 1778; x_wconf 82' lang='grc' dir='ltr'><strong>Ἐἀν</strong></span> <span class='ocrx_word' id='word_1_115' title='bbox 445 1711 538 1787; x_wconf 83' lang='grc' dir='ltr'><em>εἰδὼς</em></span> <span class='ocrx_word' id='word_1_116' title='bbox 568 1714 749 1793; x_wconf 91' lang='grc' dir='ltr'><em>ἀγνοοῦντί</em></span> <span class='ocrx_word' id='word_1_117' title='bbox 774 1734 830 1795; x_wconf 92' lang='grc' dir='ltr'><strong>μοι</strong></span> <span class='ocrx_word' id='word_1_118' title='bbox 866 1713 1018 1801; x_wconf 87' lang='grc' dir='ltr'><em>πωλήσης</em></span> <span class='ocrx_word' id='word_1_119' title='bbox 1053 1715 1172 1780; x_wconf 90' lang='grc' dir='ltr'><em>δοῦλον</em></span> <span class='ocrx_word' id='word_1_120' title='bbox 1267 1715 1300 1777; x_wconf 83' lang='lat' dir='ltr'><strong>Si</strong></span> <span class='ocrx_word' id='word_1_121' title='bbox 1337 1714 1432 1777; x_wconf 84' lang='lat' dir='ltr'><strong>sciens</strong></span> <span class='ocrx_word' id='word_1_122' title='bbox 1469 1713 1618 1794; x_wconf 75' lang='lat' dir='ltr'><strong>ignoranti</strong></span> <span class='ocrx_word' id='word_1_123' title='bbox 1659 1710 1733 1773; x_wconf 91' lang='lat' dir='ltr'><strong>mihi</strong></span> <span class='ocrx_word' id='word_1_124' title='bbox 1770 1710 1942 1774; x_wconf 77' lang='lat' dir='ltr'><strong>vendideris</strong></span> <span class='ocrx_word' id='word_1_125' title='bbox 1979 1729 2099 1771; x_wconf 88' lang='lat' dir='ltr'><strong>servum</strong></span> 
     </span>
     <span class='ocr_line' id='line_1_12' title="bbox 270 1815 2099 1906; baseline -0.005 -19"><span class='ocrx_word' id='word_1_126' title='bbox 270 1822 411 1899; x_wconf 77' lang='grc' dir='ltr'><em>κλέπτην</em></span> <span class='ocrx_word' id='word_1_127' title='bbox 432 1820 452 1898; x_wconf 72' lang='lat' dir='ltr'><strong>ll</strong></span> <span class='ocrx_word' id='word_1_128' title='bbox 475 1823 573 1906; x_wconf 81' lang='grc' dir='ltr'><em>ένογή</em></span> <span class='ocrx_word' id='word_1_129' title='bbox 596 1819 806 1901; x_wconf 83' lang='grc' dir='ltr'><em>ὑποκείμενον</em></span> <span class='ocrx_word' id='word_1_130' title='bbox 820 1831 901 1884; x_wconf 83' lang='grc' dir='ltr'><em>κινῶ</em></span> <span class='ocrx_word' id='word_1_131' title='bbox 916 1819 977 1899; x_wconf 84' lang='grc' dir='ltr'><strong>τήν</strong></span> <span class='ocrx_word' id='word_1_132' title='bbox 991 1821 1173 1899; x_wconf 78' lang='grc' dir='ltr'><em>ἀπαίτησιν</em></span> <span class='ocrx_word' id='word_1_133' title='bbox 1199 1823 1296 1884; x_wconf 85' lang='lat' dir='ltr'><strong>furem</strong></span> <span class='ocrx_word' id='word_1_134' title='bbox 1326 1821 1377 1885; x_wconf 90' lang='lat' dir='ltr'><strong>vel</strong></span> <span class='ocrx_word' id='word_1_135' title='bbox 1413 1821 1604 1901; x_wconf 76' lang='lat' dir='ltr'><strong>obligationis</strong></span> <span class='ocrx_word' id='word_1_136' title='bbox 1640 1818 1818 1891; x_wconf 89' lang='lat' dir='ltr'><strong>obnoxium,</strong></span> <span class='ocrx_word' id='word_1_137' title='bbox 1855 1825 1926 1898; x_wconf 84' lang='lat' dir='ltr'><strong>peto</strong></span> <span class='ocrx_word' id='word_1_138' title='bbox 1957 1816 1989 1876; x_wconf 92' lang='lat' dir='ltr'><strong>id</strong></span> <span class='ocrx_word' id='word_1_139' title='bbox 2019 1815 2099 1896; x_wconf 89' lang='lat' dir='ltr'><strong>qnod</strong></span> 
     </span>
     <span class='ocr_line' id='line_1_13' title="bbox 271 1923 2099 2014; baseline -0.005 -21"><span class='ocrx_word' id='word_1_140' title='bbox 271 1932 315 2003; x_wconf 86' lang='grc' dir='ltr'><strong>είς</strong></span> <span class='ocrx_word' id='word_1_141' title='bbox 324 1926 363 1992; x_wconf 85' lang='grc' dir='ltr'><strong>τὸ</strong></span> <span class='ocrx_word' id='word_1_142' title='bbox 374 1928 546 2014; x_wconf 84' lang='grc' dir='ltr'><em>διαφέρον,</em></span> <span class='ocrx_word' id='word_1_143' title='bbox 556 1936 617 1990; x_wconf 92' lang='grc' dir='ltr'><strong>τοῦ</strong></span> <span class='ocrx_word' id='word_1_144' title='bbox 626 1925 744 1989; x_wconf 89' lang='grc' dir='ltr'><em>διπλοῦ</em></span> <span class='ocrx_word' id='word_1_145' title='bbox 752 1927 884 2008; x_wconf 71' lang='grc' dir='ltr'><em>ἀγωγῆς</em></span> <span class='ocrx_word' id='word_1_146' title='bbox 893 1930 1171 2013; x_wconf 84' lang='grc' dir='ltr'><em>έπερωτηθείσης·</em></span> <span class='ocrx_word' id='word_1_147' title='bbox 1200 1949 1268 1991; x_wconf 83' lang='lat' dir='ltr'><strong>mee</strong></span> <span class='ocrx_word' id='word_1_148' title='bbox 1287 1930 1421 2002; x_wconf 78' lang='lat' dir='ltr'><strong>Interest,</strong></span> <span class='ocrx_word' id='word_1_149' title='bbox 1444 1927 1583 2008; x_wconf 82' lang='lat' dir='ltr'><strong>quamvis</strong></span> <span class='ocrx_word' id='word_1_150' title='bbox 1606 1925 1734 2007; x_wconf 89' lang='lat' dir='ltr'><strong>duplum</strong></span> <span class='ocrx_word' id='word_1_151' title='bbox 1756 1925 1812 1986; x_wconf 89' lang='lat' dir='ltr'><strong>sim</strong></span> <span class='ocrx_word' id='word_1_152' title='bbox 1829 1923 2003 2005; x_wconf 59' lang='lat' dir='ltr'><strong>stipulatum</strong></span> <span class='ocrx_word' id='word_1_153' title='bbox 2027 1942 2099 1983; x_wconf 81' lang='lat' dir='ltr'><strong>nem</strong></span> 
     </span>
     <span class='ocr_line' id='line_1_14' title="bbox 271 2029 2098 2119; baseline -0.005 -20"><span class='ocrx_word' id='word_1_154' title='bbox 271 2033 332 2112; x_wconf 86' lang='grc' dir='ltr'><strong>τήν</strong></span> <span class='ocrx_word' id='word_1_155' title='bbox 353 2032 419 2119; x_wconf 85' lang='grc' dir='ltr'><em>γάρ</em></span> <span class='ocrx_word' id='word_1_156' title='bbox 443 2031 577 2115; x_wconf 85' lang='grc' dir='ltr'><em>ἀγωγήν</em></span> <span class='ocrx_word' id='word_1_157' title='bbox 599 2031 659 2108; x_wconf 87' lang='grc' dir='ltr'><strong>τήν</strong></span> <span class='ocrx_word' id='word_1_158' title='bbox 682 2030 755 2117; x_wconf 81' lang='grc' dir='ltr'><em>περί</em></span> <span class='ocrx_word' id='word_1_159' title='bbox 779 2070 821 2081; x_wconf 94' lang='grc'><strong>-</strong></span> <span class='ocrx_word' id='word_1_160' title='bbox 841 2071 882 2081; x_wconf 93' lang='grc'><strong>-</strong></span> <span class='ocrx_word' id='word_1_161' title='bbox 905 2072 947 2082; x_wconf 91' lang='grc'><strong>-</strong></span> <span class='ocrx_word' id='word_1_162' title='bbox 967 2073 1008 2083; x_wconf 94' lang='grc'><strong>-</strong></span> <span class='ocrx_word' id='word_1_163' title='bbox 1047 2037 1171 2119; x_wconf 74' lang='grc' dir='ltr'><em>ίτάρτ.</em></span> <span class='ocrx_word' id='word_1_164' title='bbox 1200 2038 1348 2099; x_wconf 84' lang='lat' dir='ltr'><strong>sotionem</strong></span> <span class='ocrx_word' id='word_1_165' title='bbox 1370 2071 1413 2082; x_wconf 92' lang='lat'>-</span> <span class='ocrx_word' id='word_1_166' title='bbox 1436 2069 1479 2081; x_wconf 93' lang='lat'><em>-</em></span> <span class='ocrx_word' id='word_1_167' title='bbox 1966 2029 2002 2090; x_wconf 82' lang='lat' dir='ltr'><strong>fr.</strong></span> <span class='ocrx_word' id='word_1_168' title='bbox 2017 2032 2038 2091; x_wconf 83' lang='lat'>4</span> <span class='ocrx_word' id='word_1_169' title='bbox 2053 2050 2098 2110; x_wconf 91' lang='lat' dir='ltr'><strong>pr.</strong></span> 
     </span>
    </p>

    <p class='ocr_par' dir='ltr' id='par_1_8' title="bbox 199 2132 2160 2545">
     <span class='ocr_line' id='line_1_15' title="bbox 199 2132 2160 2226; baseline -0.005 -20"><span class='ocrx_word' id='word_1_170' title='bbox 199 2146 232 2218; x_wconf 81' lang='grc' dir='ltr'><strong>ῥ’.</strong></span> <span class='ocrx_word' id='word_1_171' title='bbox 336 2137 411 2205; x_wconf 70' lang='lat' dir='ltr'><strong>&#39;Edu</strong></span> <span class='ocrx_word' id='word_1_172' title='bbox 434 2141 574 2217; x_wconf 90' lang='grc' dir='ltr'><em>πωλήσω</em></span> <span class='ocrx_word' id='word_1_173' title='bbox 598 2160 653 2203; x_wconf 94' lang='grc' dir='ltr'><strong>σοι</strong></span> <span class='ocrx_word' id='word_1_174' title='bbox 676 2135 770 2202; x_wconf 80' lang='grc' dir='ltr'><em>οἶκον</em></span> <span class='ocrx_word' id='word_1_175' title='bbox 791 2139 845 2226; x_wconf 76' lang='grc' dir='ltr'><strong>ἐφ’</strong></span> <span class='ocrx_word' id='word_1_176' title='bbox 871 2132 897 2222; x_wconf 81' lang='grc' dir='ltr'><strong><em>ᾧ</em></strong></span> <span class='ocrx_word' id='word_1_177' title='bbox 921 2139 1004 2225; x_wconf 87' lang='grc' dir='ltr'><em>πρὸς</em></span> <span class='ocrx_word' id='word_1_178' title='bbox 1020 2147 1067 2224; x_wconf 79' lang='grc' dir='ltr'><strong>τῷ</strong></span> <span class='ocrx_word' id='word_1_179' title='bbox 1083 2144 1172 2226; x_wconf 84' lang='grc' dir='ltr'><em>τιμή·</em></span> <span class='ocrx_word' id='word_1_180' title='bbox 1266 2142 1299 2204; x_wconf 82' lang='lat' dir='ltr'><strong>si</strong></span> <span class='ocrx_word' id='word_1_181' title='bbox 1329 2142 1493 2205; x_wconf 85' lang='lat' dir='ltr'><strong>vendidero</strong></span> <span class='ocrx_word' id='word_1_182' title='bbox 1520 2140 1576 2203; x_wconf 87' lang='lat' dir='ltr'><strong>tibi</strong></span> <span class='ocrx_word' id='word_1_183' title='bbox 1613 2138 1703 2201; x_wconf 81' lang='lat' dir='ltr'><strong>sedes</strong></span> <span class='ocrx_word' id='word_1_184' title='bbox 1740 2139 1784 2200; x_wconf 83' lang='lat' dir='ltr'><strong>ite</strong></span> <span class='ocrx_word' id='word_1_185' title='bbox 1815 2145 1851 2200; x_wconf 91' lang='lat' dir='ltr'><strong>ut</strong></span> <span class='ocrx_word' id='word_1_186' title='bbox 1880 2144 2000 2218; x_wconf 85' lang='lat' dir='ltr'><strong>praeter</strong></span> <span class='ocrx_word' id='word_1_187' title='bbox 2033 2155 2099 2215; x_wconf 84' lang='lat' dir='ltr'><strong>pre</strong></span> <span class='ocrx_word' id='word_1_188' title='bbox 2135 2146 2160 2196; x_wconf 81' lang='lat'><strong>2.</strong></span> 
     </span>
     <span class='ocr_line' id='line_1_16' title="bbox 269 2242 2099 2333; baseline -0.004 -22"><span class='ocrx_word' id='word_1_189' title='bbox 269 2272 349 2331; x_wconf 89' lang='grc' dir='ltr'><em>ματι</em></span> <span class='ocrx_word' id='word_1_190' title='bbox 376 2246 583 2333; x_wconf 83' lang='grc' dir='ltr'><em>ἀνορθῶσαί</em></span> <span class='ocrx_word' id='word_1_191' title='bbox 608 2266 644 2309; x_wconf 85' lang='grc' dir='ltr'><strong>σε</strong></span> <span class='ocrx_word' id='word_1_192' title='bbox 666 2249 779 2331; x_wconf 84' lang='grc' dir='ltr'><em>έτιρον</em></span> <span class='ocrx_word' id='word_1_193' title='bbox 806 2242 898 2310; x_wconf 86' lang='grc' dir='ltr'><em>οίκόν</em></span> <span class='ocrx_word' id='word_1_194' title='bbox 924 2270 996 2330; x_wconf 85' lang='grc' dir='ltr'><em>μον,</em></span> <span class='ocrx_word' id='word_1_195' title='bbox 1024 2253 1088 2327; x_wconf 75' lang='grc' dir='ltr'><strong>ἔχω</strong></span> <span class='ocrx_word' id='word_1_196' title='bbox 1112 2248 1173 2327; x_wconf 82' lang='grc' dir='ltr'><strong>τήν</strong></span> <span class='ocrx_word' id='word_1_197' title='bbox 1200 2249 1275 2311; x_wconf 86' lang='lat' dir='ltr'><strong>tium</strong></span> <span class='ocrx_word' id='word_1_198' title='bbox 1311 2248 1430 2310; x_wconf 74' lang='lat' dir='ltr'><strong>reficere</strong></span> <span class='ocrx_word' id='word_1_199' title='bbox 1467 2247 1578 2310; x_wconf 85' lang='lat' dir='ltr'><strong>debeas</strong></span> <span class='ocrx_word' id='word_1_200' title='bbox 1610 2245 1721 2308; x_wconf 85' lang='lat' dir='ltr'><strong>alteras</strong></span> <span class='ocrx_word' id='word_1_201' title='bbox 1757 2244 1848 2306; x_wconf 83' lang='lat' dir='ltr'><strong>sedes</strong></span> <span class='ocrx_word' id='word_1_202' title='bbox 1881 2263 1978 2319; x_wconf 86' lang='lat' dir='ltr'><strong>meas,</strong></span> <span class='ocrx_word' id='word_1_203' title='bbox 2010 2261 2099 2322; x_wconf 81' lang='lat' dir='ltr'><strong>agere</strong></span> 
     </span>
     <span class='ocr_line' id='line_1_17' title="bbox 270 2349 2098 2441; baseline -0.005 -20"><span class='ocrx_word' id='word_1_204' title='bbox 270 2356 452 2431; x_wconf 76' lang='grc' dir='ltr'><em>ἀπαίτησιν</em></span> <span class='ocrx_word' id='word_1_205' title='bbox 474 2362 536 2418; x_wconf 87' lang='grc' dir='ltr'><strong>τοῦ</strong></span> <span class='ocrx_word' id='word_1_206' title='bbox 558 2352 741 2435; x_wconf 83' lang='grc' dir='ltr'><em>τιμήματος</em></span> <span class='ocrx_word' id='word_1_207' title='bbox 762 2352 819 2416; x_wconf 84' lang='grc' dir='ltr'><strong>καί</strong></span> <span class='ocrx_word' id='word_1_208' title='bbox 839 2352 890 2417; x_wconf 79' lang='lat' dir='ltr'><strong>inl</strong></span> <span class='ocrx_word' id='word_1_209' title='bbox 907 2359 947 2441; x_wconf 83' lang='grc' dir='ltr'><strong>τῇ</strong></span> <span class='ocrx_word' id='word_1_210' title='bbox 963 2357 1171 2441; x_wconf 82' lang='grc' dir='ltr'><em>ἀνορθώσει·</em></span> <span class='ocrx_word' id='word_1_211' title='bbox 1199 2375 1317 2437; x_wconf 88' lang='lat' dir='ltr'><strong>qunque</strong></span> <span class='ocrx_word' id='word_1_212' title='bbox 1331 2375 1456 2436; x_wconf 86' lang='lat' dir='ltr'><strong>possum</strong></span> <span class='ocrx_word' id='word_1_213' title='bbox 1471 2375 1509 2415; x_wconf 84' lang='lat' dir='ltr'><strong>ex</strong></span> <span class='ocrx_word' id='word_1_214' title='bbox 1524 2362 1626 2434; x_wconf 87' lang='lat' dir='ltr'><strong>empto</strong></span> <span class='ocrx_word' id='word_1_215' title='bbox 1641 2360 1677 2414; x_wconf 91' lang='lat' dir='ltr'><strong>nt</strong></span> <span class='ocrx_word' id='word_1_216' title='bbox 1699 2352 1788 2413; x_wconf 87' lang='lat' dir='ltr'><strong>eedes</strong></span> <span class='ocrx_word' id='word_1_217' title='bbox 1810 2350 1996 2423; x_wconf 80' lang='lat' dir='ltr'><strong>reficientnr3</strong></span> <span class='ocrx_word' id='word_1_218' title='bbox 2019 2349 2098 2430; x_wconf 86' lang='lat' dir='ltr'><strong>qnod</strong></span> 
     </span>
     <span class='ocr_line' id='line_1_18' title="bbox 270 2455 2098 2545; baseline -0.005 -19"><span class='ocrx_word' id='word_1_219' title='bbox 270 2467 297 2527; x_wconf 84' lang='grc' dir='ltr'><strong>εί</strong></span> <span class='ocrx_word' id='word_1_220' title='bbox 320 2463 355 2526; x_wconf 80' lang='grc' dir='ltr'><strong>δὲ</strong></span> <span class='ocrx_word' id='word_1_221' title='bbox 377 2460 420 2544; x_wconf 88' lang='grc' dir='ltr'><em>μή</em></span> <span class='ocrx_word' id='word_1_222' title='bbox 444 2460 581 2544; x_wconf 78' lang='grc' dir='ltr'><em>ὡρίσθη</em></span> <span class='ocrx_word' id='word_1_223' title='bbox 604 2460 737 2541; x_wconf 92' lang='grc' dir='ltr'><em>τίμημα,</em></span> <span class='ocrx_word' id='word_1_224' title='bbox 766 2461 786 2535; x_wconf 91' lang='grc' dir='ltr'><em>ή</em></span> <span class='ocrx_word' id='word_1_225' title='bbox 809 2469 932 2545; x_wconf 72' lang='grc' dir='ltr'><em>πρᾶσις</em></span> <span class='ocrx_word' id='word_1_226' title='bbox 959 2462 999 2525; x_wconf 88' lang='grc' dir='ltr'><em>οά</em></span> <span class='ocrx_word' id='word_1_227' title='bbox 1022 2465 1171 2541; x_wconf 84' lang='grc' dir='ltr'><em>συνέστη.</em></span> <span class='ocrx_word' id='word_1_228' title='bbox 1200 2464 1225 2523; x_wconf 91' lang='lat' dir='ltr'><strong>si</strong></span> <span class='ocrx_word' id='word_1_229' title='bbox 1243 2463 1374 2543; x_wconf 87' lang='lat' dir='ltr'><strong>pretinm</strong></span> <span class='ocrx_word' id='word_1_230' title='bbox 1396 2460 1513 2524; x_wconf 86' lang='lat' dir='ltr'><strong>nonsit</strong></span> <span class='ocrx_word' id='word_1_231' title='bbox 1535 2467 1692 2534; x_wconf 73' lang='lat' dir='ltr'><strong>statutum,</strong></span> <span class='ocrx_word' id='word_1_232' title='bbox 1714 2458 1847 2521; x_wconf 84' lang='lat' dir='ltr'><strong>venditio</strong></span> <span class='ocrx_word' id='word_1_233' title='bbox 1869 2478 1931 2519; x_wconf 92' lang='lat' dir='ltr'><strong>non</strong></span> <span class='ocrx_word' id='word_1_234' title='bbox 1955 2455 2098 2519; x_wconf 85' lang='lat' dir='ltr'><strong>eonstitit</strong></span> 
     </span>
    </p>

    <p class='ocr_par' dir='ltr' id='par_1_9' title="bbox 269 2563 2100 3186">
     <span class='ocr_line' id='line_1_19' title="bbox 1011 2563 2099 2647; baseline -0.008 -15"><span class='ocrx_word' id='word_1_235' title='bbox 1011 2570 1172 2647; x_wconf 67' lang='grc' dir='ltr'><em>ωσςι.</em></span> <span class='ocrx_word' id='word_1_236' title='bbox 1937 2563 2099 2639; x_wconf 54' lang='lat' dir='ltr'><strong>nest</strong></span> 
     </span>
     <span class='ocr_line' id='line_1_20' title="bbox 269 2672 2100 2760; baseline -0.005 -20"><span class='ocrx_word' id='word_1_237' title='bbox 269 2678 311 2741; x_wconf 81' lang='lat' dir='ltr'><strong>El</strong></span> <span class='ocrx_word' id='word_1_238' title='bbox 339 2676 373 2740; x_wconf 87' lang='grc' dir='ltr'><strong>δέ</strong></span> <span class='ocrx_word' id='word_1_239' title='bbox 399 2672 458 2738; x_wconf 88' lang='grc' dir='ltr'><strong>καλ</strong></span> <span class='ocrx_word' id='word_1_240' title='bbox 487 2672 614 2760; x_wconf 88' lang='grc' dir='ltr'><em>έδαφος</em></span> <span class='ocrx_word' id='word_1_241' title='bbox 641 2672 783 2750; x_wconf 81' lang='grc' dir='ltr'><em>πωλήσω</em></span> <span class='ocrx_word' id='word_1_242' title='bbox 811 2695 866 2737; x_wconf 92' lang='grc' dir='ltr'><strong>σοι</strong></span> <span class='ocrx_word' id='word_1_243' title='bbox 898 2674 988 2758; x_wconf 78' lang='grc' dir='ltr'><em>ῥητῷ</em></span> <span class='ocrx_word' id='word_1_244' title='bbox 1016 2678 1171 2759; x_wconf 80' lang='grc' dir='ltr'><em>τιμήματι</em></span> <span class='ocrx_word' id='word_1_245' title='bbox 1199 2676 1291 2755; x_wconf 76' lang='lat' dir='ltr'><strong>Quod</strong></span> <span class='ocrx_word' id='word_1_246' title='bbox 1318 2676 1344 2737; x_wconf 90' lang='lat' dir='ltr'><strong>si</strong></span> <span class='ocrx_word' id='word_1_247' title='bbox 1371 2694 1474 2736; x_wconf 78' lang='lat' dir='ltr'><strong>aream</strong></span> <span class='ocrx_word' id='word_1_248' title='bbox 1501 2672 1664 2737; x_wconf 89' lang='lat' dir='ltr'><strong>vendidero</strong></span> <span class='ocrx_word' id='word_1_249' title='bbox 1694 2672 1750 2734; x_wconf 90' lang='lat' dir='ltr'><strong>tibi</strong></span> <span class='ocrx_word' id='word_1_250' title='bbox 1777 2678 1859 2734; x_wconf 82' lang='lat' dir='ltr'><strong>serto</strong></span> <span class='ocrx_word' id='word_1_251' title='bbox 1885 2672 1982 2753; x_wconf 86' lang='lat' dir='ltr'><strong>pretio</strong></span> <span class='ocrx_word' id='word_1_252' title='bbox 2008 2679 2039 2731; x_wconf 87' lang='lat' dir='ltr'><strong>et</strong></span> <span class='ocrx_word' id='word_1_253' title='bbox 2065 2678 2100 2730; x_wconf 87' lang='lat' dir='ltr'><strong>nt</strong></span> 
     </span>
     <span class='ocr_line' id='line_1_21' title="bbox 270 2777 2100 2866; baseline -0.005 -19"><span class='ocrx_word' id='word_1_254' title='bbox 270 2782 327 2847; x_wconf 85' lang='grc' dir='ltr'><strong>καί</strong></span> <span class='ocrx_word' id='word_1_255' title='bbox 351 2780 430 2856; x_wconf 66' lang='lat' dir='ltr'><strong>ders</strong></span> <span class='ocrx_word' id='word_1_256' title='bbox 452 2782 566 2845; x_wconf 78' lang='grc' dir='ltr'><em>κτίσαι</em></span> <span class='ocrx_word' id='word_1_257' title='bbox 589 2777 647 2842; x_wconf 90' lang='grc' dir='ltr'><strong>καλ</strong></span> <span class='ocrx_word' id='word_1_258' title='bbox 670 2778 789 2842; x_wconf 88' lang='grc' dir='ltr'><em>δοῦναί</em></span> <span class='ocrx_word' id='word_1_259' title='bbox 808 2801 863 2862; x_wconf 92' lang='grc' dir='ltr'><strong>μοι</strong></span> <span class='ocrx_word' id='word_1_260' title='bbox 879 2784 978 2866; x_wconf 82' lang='grc' dir='ltr'><em>μέρος</em></span> <span class='ocrx_word' id='word_1_261' title='bbox 993 2791 1054 2846; x_wconf 89' lang='grc' dir='ltr'><strong>τοῦ</strong></span> <span class='ocrx_word' id='word_1_262' title='bbox 1069 2787 1171 2864; x_wconf 86' lang='grc' dir='ltr'><em>οίκον,</em></span> <span class='ocrx_word' id='word_1_263' title='bbox 1200 2782 1337 2845; x_wconf 83' lang='lat' dir='ltr'><strong>sedifioee</strong></span> <span class='ocrx_word' id='word_1_264' title='bbox 1363 2781 1475 2862; x_wconf 89' lang='lat' dir='ltr'><strong>desque</strong></span> <span class='ocrx_word' id='word_1_265' title='bbox 1501 2778 1575 2841; x_wconf 92' lang='lat' dir='ltr'><strong>mihi</strong></span> <span class='ocrx_word' id='word_1_266' title='bbox 1601 2786 1718 2860; x_wconf 85' lang='lat' dir='ltr'><strong>pertem</strong></span> <span class='ocrx_word' id='word_1_267' title='bbox 1746 2778 1887 2851; x_wconf 73' lang='lat' dir='ltr'><strong>aedificii,</strong></span> <span class='ocrx_word' id='word_1_268' title='bbox 1920 2777 2036 2839; x_wconf 80' lang='lat' dir='ltr'><strong>actione</strong></span> <span class='ocrx_word' id='word_1_269' title='bbox 2062 2796 2100 2837; x_wconf 88' lang='lat' dir='ltr'><strong>ex</strong></span> 
     </span>
     <span class='ocr_line' id='line_1_22' title="bbox 270 2881 2100 2969; baseline -0.003 -18"><span class='ocrx_word' id='word_1_270' title='bbox 270 2891 335 2967; x_wconf 83' lang='grc' dir='ltr'><strong>έχω</strong></span> <span class='ocrx_word' id='word_1_271' title='bbox 358 2887 419 2965; x_wconf 89' lang='grc' dir='ltr'><strong>τήν</strong></span> <span class='ocrx_word' id='word_1_272' title='bbox 441 2888 623 2962; x_wconf 83' lang='grc' dir='ltr'><em>ἀπαίτησιν</em></span> <span class='ocrx_word' id='word_1_273' title='bbox 645 2894 707 2950; x_wconf 93' lang='grc' dir='ltr'><strong>τοῦ</strong></span> <span class='ocrx_word' id='word_1_274' title='bbox 728 2886 910 2968; x_wconf 82' lang='grc' dir='ltr'><em>τιμήματος</em></span> <span class='ocrx_word' id='word_1_275' title='bbox 933 2892 977 2962; x_wconf 83' lang='grc' dir='ltr'><strong>τίς</strong></span> <span class='ocrx_word' id='word_1_276' title='bbox 999 2886 1039 2953; x_wconf 84' lang='grc' dir='ltr'><strong>τὸ</strong></span> <span class='ocrx_word' id='word_1_277' title='bbox 1059 2891 1172 2953; x_wconf 83' lang='grc' dir='ltr'><em>κτίσαι</em></span> <span class='ocrx_word' id='word_1_278' title='bbox 1200 2889 1323 2952; x_wconf 90' lang='lat' dir='ltr'><strong>vendito</strong></span> <span class='ocrx_word' id='word_1_279' title='bbox 1350 2898 1452 2969; x_wconf 75' lang='lat' dir='ltr'><strong>petam</strong></span> <span class='ocrx_word' id='word_1_280' title='bbox 1479 2896 1514 2948; x_wconf 90' lang='lat' dir='ltr'><strong>ut</strong></span> <span class='ocrx_word' id='word_1_281' title='bbox 1543 2886 1683 2948; x_wconf 82' lang='lat' dir='ltr'><strong>eedifiees</strong></span> <span class='ocrx_word' id='word_1_282' title='bbox 1710 2895 1741 2948; x_wconf 91' lang='lat' dir='ltr'><strong>et</strong></span> <span class='ocrx_word' id='word_1_283' title='bbox 1767 2885 1870 2947; x_wconf 80' lang='lat' dir='ltr'><strong>trades</strong></span> <span class='ocrx_word' id='word_1_284' title='bbox 1897 2883 1973 2945; x_wconf 91' lang='lat' dir='ltr'><strong>mihi</strong></span> <span class='ocrx_word' id='word_1_285' title='bbox 2005 2881 2100 2966; x_wconf 91' lang='lat' dir='ltr'><strong>[aedi-</strong></span> 
     </span>
     <span class='ocr_line' id='line_1_23' title="bbox 272 2989 2099 3082; baseline -0.005 -22"><span class='ocrx_word' id='word_1_286' title='bbox 272 3018 308 3060; x_wconf 84' lang='grc' dir='ltr'><strong>στ</strong></span> <span class='ocrx_word' id='word_1_287' title='bbox 330 2992 388 3059; x_wconf 87' lang='grc' dir='ltr'><strong>καλ</strong></span> <span class='ocrx_word' id='word_1_288' title='bbox 411 2993 625 3079; x_wconf 86' lang='grc' dir='ltr'><em>παραδοῦναί</em></span> <span class='ocrx_word' id='word_1_289' title='bbox 644 3013 715 3074; x_wconf 83' lang='grc' dir='ltr'><em>μοι·</em></span> <span class='ocrx_word' id='word_1_290' title='bbox 739 2992 793 3080; x_wconf 76' lang='grc' dir='ltr'><em>ἀφ’</em></span> <span class='ocrx_word' id='word_1_291' title='bbox 811 2990 894 3057; x_wconf 83' lang='grc' dir='ltr'><em>ὅσον</em></span> <span class='ocrx_word' id='word_1_292' title='bbox 908 2995 974 3080; x_wconf 88' lang='grc' dir='ltr'><em>γάρ</em></span> <span class='ocrx_word' id='word_1_293' title='bbox 994 3000 1063 3060; x_wconf 83' lang='grc' dir='ltr'><em>ίστι</em></span> <span class='ocrx_word' id='word_1_294' title='bbox 1079 2997 1173 3082; x_wconf 88' lang='grc' dir='ltr'><strong>παρά</strong></span> <span class='ocrx_word' id='word_1_295' title='bbox 1199 2997 1261 3059; x_wconf 85' lang='lat' dir='ltr'><strong>fieii</strong></span> <span class='ocrx_word' id='word_1_296' title='bbox 1282 2994 1477 3078; x_wconf 83' lang='lat' dir='ltr'><strong>portionem];</strong></span> <span class='ocrx_word' id='word_1_297' title='bbox 1510 2994 1606 3056; x_wconf 83' lang='lat' dir='ltr'><strong>donee</strong></span> <span class='ocrx_word' id='word_1_298' title='bbox 1636 2992 1716 3055; x_wconf 89' lang='lat' dir='ltr'><strong>enim</strong></span> <span class='ocrx_word' id='word_1_299' title='bbox 1748 2992 1863 3074; x_wconf 79' lang='lat' dir='ltr'><strong>aliquid</strong></span> <span class='ocrx_word' id='word_1_300' title='bbox 1889 2990 1932 3052; x_wconf 90' lang='lat' dir='ltr'><strong>rei</strong></span> <span class='ocrx_word' id='word_1_301' title='bbox 1959 2989 2099 3052; x_wconf 86' lang='lat' dir='ltr'><strong>venditae</strong></span> 
     </span>
     <span class='ocr_line' id='line_1_24' title="bbox 272 3096 2099 3186; baseline -0.005 -20"><span class='ocrx_word' id='word_1_302' title='bbox 272 3124 326 3166; x_wconf 93' lang='grc' dir='ltr'><strong>σοι</strong></span> <span class='ocrx_word' id='word_1_303' title='bbox 350 3111 411 3165; x_wconf 90' lang='grc' dir='ltr'><strong>τοῦ</strong></span> <span class='ocrx_word' id='word_1_304' title='bbox 432 3101 626 3186; x_wconf 76' lang='grc' dir='ltr'><em>πραθέντος</em></span> <span class='ocrx_word' id='word_1_305' title='bbox 645 3102 709 3176; x_wconf 84' lang='grc' dir='ltr'><strong>έχω</strong></span> <span class='ocrx_word' id='word_1_306' title='bbox 727 3097 788 3176; x_wconf 85' lang='grc' dir='ltr'><strong>τήν</strong></span> <span class='ocrx_word' id='word_1_307' title='bbox 805 3102 987 3177; x_wconf 86' lang='grc' dir='ltr'><em>ἀπαίτησιν</em></span> <span class='ocrx_word' id='word_1_308' title='bbox 1005 3111 1067 3166; x_wconf 90' lang='grc' dir='ltr'><strong>τοῦ</strong></span> <span class='ocrx_word' id='word_1_309' title='bbox 1085 3106 1174 3185; x_wconf 85' lang='grc' dir='ltr'><em>τιμή·</em></span> <span class='ocrx_word' id='word_1_310' title='bbox 1201 3103 1282 3186; x_wconf 91' lang='lat' dir='ltr'><strong>apnd</strong></span> <span class='ocrx_word' id='word_1_311' title='bbox 1298 3111 1330 3165; x_wconf 90' lang='lat' dir='ltr'><strong>te</strong></span> <span class='ocrx_word' id='word_1_312' title='bbox 1345 3110 1481 3183; x_wconf 84' lang='lat' dir='ltr'><strong>superest</strong></span> <span class='ocrx_word' id='word_1_313' title='bbox 1495 3101 1644 3163; x_wconf 82' lang='lat' dir='ltr'><strong>sotionem</strong></span> <span class='ocrx_word' id='word_1_314' title='bbox 1659 3098 1756 3163; x_wconf 75' lang='lat' dir='ltr'><strong>habeo</strong></span> <span class='ocrx_word' id='word_1_315' title='bbox 1771 3099 1894 3162; x_wconf 83' lang='lat' dir='ltr'><strong>venditi</strong></span> <span class='ocrx_word' id='word_1_316' title='bbox 1939 3096 1974 3157; x_wconf 84' lang='lat' dir='ltr'><strong>fr.</strong></span> <span class='ocrx_word' id='word_1_317' title='bbox 1991 3100 2020 3158; x_wconf 88' lang='grc'><strong>6.</strong></span> <span class='ocrx_word' id='word_1_318' title='bbox 2036 3101 2053 3173; x_wconf 90' lang='lat'><strong>5</strong></span> <span class='ocrx_word' id='word_1_319' title='bbox 2071 3098 2099 3157; x_wconf 86' lang='lat'><strong>2.</strong></span> 
     </span>
    </p>
   </div>
   <div class='ocr_carea' id='block_1_5' title="bbox 201 3524 2159 5427">
    <p class='ocr_par' dir='ltr' id='par_1_10' title="bbox 201 3524 2159 3815">
     <span class='ocr_line' id='line_1_25' title="bbox 201 3524 2159 3612; baseline -0.006 -18"><span class='ocrx_word' id='word_1_320' title='bbox 201 3536 236 3609; x_wconf 64' lang='grc' dir='ltr'><strong>γ.</strong></span> <span class='ocrx_word' id='word_1_321' title='bbox 335 3527 369 3594; x_wconf 87' lang='grc' dir='ltr'>Ὁ</span> <span class='ocrx_word' id='word_1_322' title='bbox 391 3527 567 3612; x_wconf 88' lang='grc' dir='ltr'><em>ἀγοράσας</em></span> <span class='ocrx_word' id='word_1_323' title='bbox 594 3530 630 3588; x_wconf 77' lang='grc' dir='ltr'><em>ἐκ</em></span> <span class='ocrx_word' id='word_1_324' title='bbox 655 3535 717 3589; x_wconf 92' lang='grc' dir='ltr'><strong>τοῦ</strong></span> <span class='ocrx_word' id='word_1_325' title='bbox 739 3527 847 3612; x_wconf 88' lang='grc' dir='ltr'><em>ἀγροῦ</em></span> <span class='ocrx_word' id='word_1_326' title='bbox 868 3549 933 3610; x_wconf 84' lang='grc' dir='ltr'><em>μου</em></span> <span class='ocrx_word' id='word_1_327' title='bbox 958 3529 1080 3604; x_wconf 81' lang='grc' dir='ltr'><em>λίθους</em></span> <span class='ocrx_word' id='word_1_328' title='bbox 1102 3532 1174 3594; x_wconf 85' lang='grc' dir='ltr'><em>ένά-</em></span> <span class='ocrx_word' id='word_1_329' title='bbox 1268 3531 1331 3611; x_wconf 76' lang='lat' dir='ltr'><strong>Qui</strong></span> <span class='ocrx_word' id='word_1_330' title='bbox 1354 3530 1427 3592; x_wconf 88' lang='lat' dir='ltr'><strong>emit</strong></span> <span class='ocrx_word' id='word_1_331' title='bbox 1448 3550 1486 3591; x_wconf 88' lang='lat' dir='ltr'><strong>ex</strong></span> <span class='ocrx_word' id='word_1_332' title='bbox 1509 3548 1574 3590; x_wconf 92' lang='lat' dir='ltr'><strong>meo</strong></span> <span class='ocrx_word' id='word_1_333' title='bbox 1596 3526 1691 3589; x_wconf 83' lang='lat' dir='ltr'><strong>fundo</strong></span> <span class='ocrx_word' id='word_1_334' title='bbox 1713 3524 1829 3607; x_wconf 75' lang='lat' dir='ltr'><strong>lapidee</strong></span> <span class='ocrx_word' id='word_1_335' title='bbox 1845 3525 1963 3587; x_wconf 86' lang='lat' dir='ltr'><strong>astione</strong></span> <span class='ocrx_word' id='word_1_336' title='bbox 1976 3544 2014 3586; x_wconf 85' lang='lat' dir='ltr'><strong>ex</strong></span> <span class='ocrx_word' id='word_1_337' title='bbox 2029 3543 2099 3589; x_wconf 90' lang='lat' dir='ltr'><strong>ven·</strong></span> <span class='ocrx_word' id='word_1_338' title='bbox 2135 3531 2159 3583; x_wconf 79' lang='lat' dir='ltr'><strong>e.</strong></span> 
     </span>
     <span class='ocr_line' id='line_1_26' title="bbox 273 3630 2098 3722; baseline -0.004 -24"><span class='ocrx_word' id='word_1_339' title='bbox 273 3656 366 3718; x_wconf 88' lang='grc' dir='ltr'><em>γεται</em></span> <span class='ocrx_word' id='word_1_340' title='bbox 389 3638 430 3720; x_wconf 86' lang='grc' dir='ltr'><strong>τῇ</strong></span> <span class='ocrx_word' id='word_1_341' title='bbox 453 3633 629 3710; x_wconf 83' lang='grc' dir='ltr'><em>ἀπαιτήσει</em></span> <span class='ocrx_word' id='word_1_342' title='bbox 652 3641 714 3696; x_wconf 87' lang='grc' dir='ltr'><strong>τοῦ</strong></span> <span class='ocrx_word' id='word_1_343' title='bbox 735 3635 918 3716; x_wconf 87' lang='grc' dir='ltr'><em>τιμήματος</em></span> <span class='ocrx_word' id='word_1_344' title='bbox 938 3639 983 3710; x_wconf 87' lang='grc' dir='ltr'><strong>είς</strong></span> <span class='ocrx_word' id='word_1_345' title='bbox 997 3633 1037 3699; x_wconf 85' lang='grc' dir='ltr'><strong>τὸ</strong></span> <span class='ocrx_word' id='word_1_346' title='bbox 1052 3640 1173 3722; x_wconf 84' lang='grc' dir='ltr'><em>έπῦραι</em></span> <span class='ocrx_word' id='word_1_347' title='bbox 1201 3639 1265 3702; x_wconf 87' lang='lat' dir='ltr'><strong>dito</strong></span> <span class='ocrx_word' id='word_1_348' title='bbox 1288 3637 1472 3710; x_wconf 77' lang='lat' dir='ltr'><strong>convenitur,</strong></span> <span class='ocrx_word' id='word_1_349' title='bbox 1495 3643 1531 3698; x_wconf 89' lang='lat' dir='ltr'><strong>ut</strong></span> <span class='ocrx_word' id='word_1_350' title='bbox 1552 3655 1602 3696; x_wconf 86' lang='lat' dir='ltr'><strong>eos</strong></span> <span class='ocrx_word' id='word_1_351' title='bbox 1624 3633 1721 3695; x_wconf 77' lang='lat' dir='ltr'><strong>tollat</strong></span> <span class='ocrx_word' id='word_1_352' title='bbox 2018 3630 2053 3691; x_wconf 85' lang='lat' dir='ltr'><strong>fr.</strong></span> <span class='ocrx_word' id='word_1_353' title='bbox 2070 3634 2098 3691; x_wconf 86' lang='grc'><strong>9.</strong></span> 
     </span>
     <span class='ocr_line' id='line_1_27' title="bbox 273 3739 1174 3815; baseline -0.001 -8"><span class='ocrx_word' id='word_1_354' title='bbox 273 3739 403 3815; x_wconf 80' lang='grc' dir='ltr'><em>αὐτούς.</em></span> <span class='ocrx_word' id='word_1_355' title='bbox 1093 3743 1129 3806; x_wconf 82' lang='lat' dir='ltr'><strong>ir.</strong></span> <span class='ocrx_word' id='word_1_356' title='bbox 1146 3748 1174 3807; x_wconf 88' lang='lat'><strong>9.</strong></span> 
     </span>
    </p>

    <p class='ocr_par' dir='ltr' id='par_1_11' title="bbox 274 3843 2100 4144">
     <span class='ocr_line' id='line_1_28' title="bbox 337 3843 2100 3937; baseline -0.004 -25"><span class='ocrx_word' id='word_1_357' title='bbox 337 3847 371 3913; x_wconf 88' lang='lat' dir='ltr'><strong>‘O</strong></span> <span class='ocrx_word' id='word_1_358' title='bbox 393 3849 522 3931; x_wconf 87' lang='grc' dir='ltr'><em>προίτης</em></span> <span class='ocrx_word' id='word_1_359' title='bbox 538 3847 577 3910; x_wconf 85' lang='grc' dir='ltr'><strong>οὐ</strong></span> <span class='ocrx_word' id='word_1_360' title='bbox 593 3846 686 3910; x_wconf 88' lang='grc' dir='ltr'><em>δοκεῖ</em></span> <span class='ocrx_word' id='word_1_361' title='bbox 697 3844 930 3932; x_wconf 84' lang='grc' dir='ltr'><em>παραδιδόναι,</em></span> <span class='ocrx_word' id='word_1_362' title='bbox 954 3852 981 3911; x_wconf 86' lang='grc' dir='ltr'><strong>εί</strong></span> <span class='ocrx_word' id='word_1_363' title='bbox 995 3847 1039 3931; x_wconf 89' lang='grc' dir='ltr'><em>μή</em></span> <span class='ocrx_word' id='word_1_364' title='bbox 1054 3851 1175 3937; x_wconf 87' lang='grc' dir='ltr'><em>ποιήση</em></span> <span class='ocrx_word' id='word_1_365' title='bbox 1269 3851 1418 3914; x_wconf 87' lang='lat' dir='ltr'><strong>Venditer</strong></span> <span class='ocrx_word' id='word_1_366' title='bbox 1448 3870 1507 3912; x_wconf 92' lang='lat' dir='ltr'><strong>non</strong></span> <span class='ocrx_word' id='word_1_367' title='bbox 1545 3847 1665 3911; x_wconf 87' lang='lat' dir='ltr'><strong>videtur</strong></span> <span class='ocrx_word' id='word_1_368' title='bbox 1700 3845 1871 3920; x_wconf 72' lang='lat' dir='ltr'><strong>tradidisse,</strong></span> <span class='ocrx_word' id='word_1_369' title='bbox 1909 3845 1966 3906; x_wconf 83' lang='lat' dir='ltr'><strong>nisi</strong></span> <span class='ocrx_word' id='word_1_370' title='bbox 1997 3843 2100 3907; x_wconf 82' lang='lat' dir='ltr'><strong>fecerit</strong></span> 
     </span>
     <span class='ocr_line' id='line_1_29' title="bbox 274 3952 1940 4042; baseline -0.003 -23"><span class='ocrx_word' id='word_1_371' title='bbox 274 3953 334 4019; x_wconf 82' lang='grc' dir='ltr'><strong>τὸν</strong></span> <span class='ocrx_word' id='word_1_372' title='bbox 361 3952 557 4039; x_wconf 80' lang='grc' dir='ltr'><em>ἀγοραστὴν</em></span> <span class='ocrx_word' id='word_1_373' title='bbox 583 3955 859 4039; x_wconf 86' lang='grc' dir='ltr'><em>έπικρατέστιρον</em></span> <span class='ocrx_word' id='word_1_374' title='bbox 885 3959 920 4018; x_wconf 88' lang='grc' dir='ltr'><strong>έν</strong></span> <span class='ocrx_word' id='word_1_375' title='bbox 946 3957 994 4037; x_wconf 72' lang='grc' dir='ltr'><strong>τῷ</strong></span> <span class='ocrx_word' id='word_1_376' title='bbox 1021 3955 1094 4042; x_wconf 76' lang='grc' dir='ltr'><em>περί</em></span> <span class='ocrx_word' id='word_1_377' title='bbox 1117 3969 1175 4035; x_wconf 87' lang='grc' dir='ltr'><strong>της</strong></span> <span class='ocrx_word' id='word_1_378' title='bbox 1202 3967 1366 4040; x_wconf 81' lang='lat' dir='ltr'><strong>emptorem</strong></span> <span class='ocrx_word' id='word_1_379' title='bbox 1389 3958 1533 4039; x_wconf 88' lang='lat' dir='ltr'><strong>potiorem</strong></span> <span class='ocrx_word' id='word_1_380' title='bbox 1555 3956 1587 4016; x_wconf 91' lang='lat' dir='ltr'><strong>in</strong></span> <span class='ocrx_word' id='word_1_381' title='bbox 1609 3954 1662 4016; x_wconf 89' lang='lat' dir='ltr'><strong>lite</strong></span> <span class='ocrx_word' id='word_1_382' title='bbox 1683 3953 1722 4015; x_wconf 91' lang='lat' dir='ltr'><strong>de</strong></span> <span class='ocrx_word' id='word_1_383' title='bbox 1743 3952 1940 4034; x_wconf 80' lang='lat' dir='ltr'><strong>possessione.</strong></span> 
     </span>
     <span class='ocr_line' id='line_1_30' title="bbox 274 4059 2099 4144; baseline -0.003 -19"><span class='ocrx_word' id='word_1_384' title='bbox 274 4073 374 4144; x_wconf 78' lang='grc' dir='ltr'><em>νομῆς</em></span> <span class='ocrx_word' id='word_1_385' title='bbox 397 4060 611 4143; x_wconf 81' lang='grc' dir='ltr'><em>δικαστηρίῳ.</em></span> <span class='ocrx_word' id='word_1_386' title='bbox 969 4064 1005 4126; x_wconf 82' lang='lat' dir='ltr'><strong>fr.</strong></span> <span class='ocrx_word' id='word_1_387' title='bbox 1023 4067 1073 4127; x_wconf 94' lang='grc'><strong>11.</strong></span> <span class='ocrx_word' id='word_1_388' title='bbox 1090 4071 1106 4141; x_wconf 92' lang='lat'><strong>5</strong></span> <span class='ocrx_word' id='word_1_389' title='bbox 1125 4067 1174 4128; x_wconf 89' lang='lat'><strong>13.</strong></span> <span class='ocrx_word' id='word_1_390' title='bbox 1895 4059 1931 4120; x_wconf 84' lang='lat' dir='ltr'><strong>fr.</strong></span> <span class='ocrx_word' id='word_1_391' title='bbox 1949 4060 1998 4119; x_wconf 95' lang='grc'><strong>11.</strong></span> <span class='ocrx_word' id='word_1_392' title='bbox 2015 4064 2031 4135; x_wconf 98' lang='lat'><strong>5</strong></span> <span class='ocrx_word' id='word_1_393' title='bbox 2050 4060 2099 4119; x_wconf 87' lang='lat'><strong>13.</strong></span> 
     </span>
    </p>

    <p class='ocr_par' dir='ltr' id='par_1_12' title="bbox 274 4163 2101 4676">
     <span class='ocr_line' id='line_1_31' title="bbox 341 4163 2101 4255; baseline -0.004 -23"><span class='ocrx_word' id='word_1_394' title='bbox 341 4168 466 4232; x_wconf 89' lang='grc' dir='ltr'><em>Πάντα</em></span> <span class='ocrx_word' id='word_1_395' title='bbox 480 4164 525 4231; x_wconf 91' lang='grc' dir='ltr'><em>τά</em></span> <span class='ocrx_word' id='word_1_396' title='bbox 539 4163 613 4251; x_wconf 76' lang='grc' dir='ltr'><em>περὶ</em></span> <span class='ocrx_word' id='word_1_397' title='bbox 628 4175 689 4230; x_wconf 91' lang='grc' dir='ltr'><strong>τοῦ</strong></span> <span class='ocrx_word' id='word_1_398' title='bbox 700 4171 970 4250; x_wconf 80' lang='grc' dir='ltr'><em>πιπρασκομένου</em></span> <span class='ocrx_word' id='word_1_399' title='bbox 979 4171 1175 4255; x_wconf 80' lang='grc' dir='ltr'><em>πράγματος</em></span> <span class='ocrx_word' id='word_1_400' title='bbox 1269 4173 1381 4236; x_wconf 86' lang='lat' dir='ltr'><strong>Omnia</strong></span> <span class='ocrx_word' id='word_1_401' title='bbox 1406 4192 1484 4253; x_wconf 89' lang='lat' dir='ltr'><strong>quae</strong></span> <span class='ocrx_word' id='word_1_402' title='bbox 1515 4169 1554 4233; x_wconf 93' lang='lat' dir='ltr'><strong>de</strong></span> <span class='ocrx_word' id='word_1_403' title='bbox 1583 4190 1616 4231; x_wconf 90' lang='lat' dir='ltr'><strong>re</strong></span> <span class='ocrx_word' id='word_1_404' title='bbox 1643 4169 1766 4232; x_wconf 80' lang='lat' dir='ltr'><strong>vendite</strong></span> <span class='ocrx_word' id='word_1_405' title='bbox 1792 4166 1874 4228; x_wconf 88' lang='lat' dir='ltr'><strong>dieta</strong></span> <span class='ocrx_word' id='word_1_406' title='bbox 1900 4174 1972 4228; x_wconf 91' lang='lat' dir='ltr'><strong>sunt</strong></span> <span class='ocrx_word' id='word_1_407' title='bbox 1998 4166 2101 4229; x_wconf 85' lang='lat' dir='ltr'><strong>valent</strong></span> 
     </span>
     <span class='ocr_line' id='line_1_32' title="bbox 274 4270 2100 4360; baseline -0.004 -21"><span class='ocrx_word' id='word_1_408' title='bbox 274 4278 426 4358; x_wconf 78' lang='grc' dir='ltr'><em>εἰρημένα</em></span> <span class='ocrx_word' id='word_1_409' title='bbox 452 4282 573 4357; x_wconf 79' lang='grc' dir='ltr'><em>κρατεῖ</em></span> <span class='ocrx_word' id='word_1_410' title='bbox 598 4270 656 4336; x_wconf 85' lang='grc' dir='ltr'><strong>καλ</strong></span> <span class='ocrx_word' id='word_1_411' title='bbox 684 4272 735 4337; x_wconf 75' lang='lat' dir='ltr'><strong>iol</strong></span> <span class='ocrx_word' id='word_1_412' title='bbox 763 4285 821 4351; x_wconf 82' lang='grc' dir='ltr'><strong>τῆς</strong></span> <span class='ocrx_word' id='word_1_413' title='bbox 851 4276 1060 4360; x_wconf 86' lang='grc' dir='ltr'><em>προσθήκης,</em></span> <span class='ocrx_word' id='word_1_414' title='bbox 1093 4276 1176 4356; x_wconf 88' lang='grc' dir='ltr'><em>πλήν</em></span> <span class='ocrx_word' id='word_1_415' title='bbox 1202 4290 1234 4342; x_wconf 88' lang='lat' dir='ltr'><strong>et</strong></span> <span class='ocrx_word' id='word_1_416' title='bbox 1254 4282 1334 4342; x_wconf 79' lang='lat' dir='ltr'><strong>cirea</strong></span> <span class='ocrx_word' id='word_1_417' title='bbox 1356 4279 1563 4351; x_wconf 79' lang='lat' dir='ltr'><strong>assessionem,</strong></span> <span class='ocrx_word' id='word_1_418' title='bbox 1590 4284 1708 4357; x_wconf 89' lang='lat' dir='ltr'><strong>praeter</strong></span> <span class='ocrx_word' id='word_1_419' title='bbox 1729 4274 1769 4349; x_wconf 91' lang='lat' dir='ltr'><strong>id,</strong></span> <span class='ocrx_word' id='word_1_420' title='bbox 1798 4273 1879 4355; x_wconf 89' lang='lat' dir='ltr'><strong>qued</strong></span> <span class='ocrx_word' id='word_1_421' title='bbox 1907 4273 2047 4334; x_wconf 85' lang='lat' dir='ltr'><strong>venditor</strong></span> <span class='ocrx_word' id='word_1_422' title='bbox 2068 4273 2100 4332; x_wconf 91' lang='lat' dir='ltr'><strong>in</strong></span> 
     </span>
     <span class='ocr_line' id='line_1_33' title="bbox 275 4377 2100 4469; baseline -0.003 -23"><span class='ocrx_word' id='word_1_423' title='bbox 275 4391 376 4446; x_wconf 92' lang='grc' dir='ltr'><em>τοῦτο</em></span> <span class='ocrx_word' id='word_1_424' title='bbox 393 4385 437 4456; x_wconf 86' lang='grc' dir='ltr'><strong>είς</strong></span> <span class='ocrx_word' id='word_1_425' title='bbox 457 4377 496 4444; x_wconf 87' lang='grc' dir='ltr'><strong>τὸ</strong></span> <span class='ocrx_word' id='word_1_426' title='bbox 513 4379 649 4445; x_wconf 82' lang='grc' dir='ltr'><em>διπλοῦν</em></span> <span class='ocrx_word' id='word_1_427' title='bbox 663 4381 840 4458; x_wconf 75' lang='grc' dir='ltr'><em>ἐνέχεσθαι</em></span> <span class='ocrx_word' id='word_1_428' title='bbox 860 4379 921 4446; x_wconf 84' lang='grc' dir='ltr'><strong>τὸν</strong></span> <span class='ocrx_word' id='word_1_429' title='bbox 936 4385 1075 4469; x_wconf 89' lang='grc' dir='ltr'><em>πράτην,</em></span> <span class='ocrx_word' id='word_1_430' title='bbox 1095 4389 1175 4448; x_wconf 86' lang='grc' dir='ltr'><em>έκνι-</em></span> <span class='ocrx_word' id='word_1_431' title='bbox 1202 4386 1329 4467; x_wconf 88' lang='lat' dir='ltr'><strong>duplum</strong></span> <span class='ocrx_word' id='word_1_432' title='bbox 1351 4392 1480 4459; x_wconf 86' lang='lat' dir='ltr'><strong>tenetur,</strong></span> <span class='ocrx_word' id='word_1_433' title='bbox 1502 4384 1601 4447; x_wconf 87' lang='lat' dir='ltr'><strong>evieta</strong></span> <span class='ocrx_word' id='word_1_434' title='bbox 1622 4402 1666 4444; x_wconf 88' lang='lat' dir='ltr'><strong>re:</strong></span> <span class='ocrx_word' id='word_1_435' title='bbox 1689 4401 1761 4443; x_wconf 91' lang='lat' dir='ltr'><strong>nam</strong></span> <span class='ocrx_word' id='word_1_436' title='bbox 1783 4389 1818 4442; x_wconf 87' lang='lat' dir='ltr'><strong>ut</strong></span> <span class='ocrx_word' id='word_1_437' title='bbox 1839 4380 1965 4460; x_wconf 87' lang='lat' dir='ltr'><strong>emptori</strong></span> <span class='ocrx_word' id='word_1_438' title='bbox 1987 4378 2100 4441; x_wconf 89' lang='lat' dir='ltr'><strong>habere</strong></span> 
     </span>
     <span class='ocr_line' id='line_1_34' title="bbox 274 4483 2100 4579; baseline -0.004 -26"><span class='ocrx_word' id='word_1_439' title='bbox 274 4492 420 4571; x_wconf 75' lang='grc' dir='ltr'><em>καομένης</em></span> <span class='ocrx_word' id='word_1_440' title='bbox 442 4487 558 4564; x_wconf 75' lang='grc' dir='ltr'><em>αὐτῆς·</em></span> <span class='ocrx_word' id='word_1_441' title='bbox 581 4490 626 4561; x_wconf 82' lang='grc' dir='ltr'><strong>είς</strong></span> <span class='ocrx_word' id='word_1_442' title='bbox 647 4483 714 4571; x_wconf 85' lang='grc' dir='ltr'><em>γάρ</em></span> <span class='ocrx_word' id='word_1_443' title='bbox 737 4485 777 4552; x_wconf 85' lang='grc' dir='ltr'><strong>τὸ</strong></span> <span class='ocrx_word' id='word_1_444' title='bbox 800 4488 917 4572; x_wconf 76' lang='grc' dir='ltr'><em>ἐξεῖναι</em></span> <span class='ocrx_word' id='word_1_445' title='bbox 937 4494 985 4573; x_wconf 80' lang='grc' dir='ltr'><strong>τῷ</strong></span> <span class='ocrx_word' id='word_1_446' title='bbox 1000 4492 1176 4579; x_wconf 84' lang='grc' dir='ltr'><em>ἀγοραστῇ</em></span> <span class='ocrx_word' id='word_1_447' title='bbox 1202 4514 1270 4557; x_wconf 78' lang='lat' dir='ltr'><strong>enm</strong></span> <span class='ocrx_word' id='word_1_448' title='bbox 1292 4493 1385 4554; x_wconf 76' lang='lat' dir='ltr'><strong>lieest</strong></span> <span class='ocrx_word' id='word_1_449' title='bbox 1406 4499 1524 4553; x_wconf 84' lang='lat' dir='ltr'><strong>tenetur</strong></span> <span class='ocrx_word' id='word_1_450' title='bbox 1546 4488 1717 4571; x_wconf 65' lang='lat' dir='ltr'><strong>[venditori</strong></span> <span class='ocrx_word' id='word_1_451' title='bbox 1894 4486 1930 4548; x_wconf 81' lang='lat' dir='ltr'><strong>ir.</strong></span> <span class='ocrx_word' id='word_1_452' title='bbox 1948 4488 1998 4546; x_wconf 92' lang='lat'><strong>11.</strong></span> <span class='ocrx_word' id='word_1_453' title='bbox 2014 4493 2031 4563; x_wconf 91' lang='lat'><strong>5</strong></span> <span class='ocrx_word' id='word_1_454' title='bbox 2050 4488 2100 4547; x_wconf 78' lang='lat'><strong>17.</strong></span> 
     </span>
     <span class='ocr_line' id='line_1_35' title="bbox 275 4591 1175 4676; baseline 0.002 -17"><span class='ocrx_word' id='word_1_455' title='bbox 275 4599 359 4674; x_wconf 77' lang='grc' dir='ltr'><em>ἔχειν</em></span> <span class='ocrx_word' id='word_1_456' title='bbox 384 4591 489 4671; x_wconf 85' lang='grc' dir='ltr'><em>αὐτήν</em></span> <span class='ocrx_word' id='word_1_457' title='bbox 510 4597 666 4671; x_wconf 75' lang='grc' dir='ltr'><em>ἐνέχεταιε</em></span> <span class='ocrx_word' id='word_1_458' title='bbox 683 4631 725 4641; x_wconf 91' lang='grc'><strong>-</strong></span> <span class='ocrx_word' id='word_1_459' title='bbox 970 4597 1005 4660; x_wconf 81' lang='lat' dir='ltr'><strong>fr.</strong></span> <span class='ocrx_word' id='word_1_460' title='bbox 1024 4599 1073 4660; x_wconf 92' lang='lat'><strong>11.</strong></span> <span class='ocrx_word' id='word_1_461' title='bbox 1090 4606 1107 4676; x_wconf 91' lang='lat'><strong>5</strong></span> <span class='ocrx_word' id='word_1_462' title='bbox 1125 4603 1175 4662; x_wconf 86' lang='grc'><strong>17.</strong></span> 
     </span>
    </p>

    <p class='ocr_par' dir='ltr' id='par_1_13' title="bbox 277 4699 2100 5002">
     <span class='ocr_line' id='line_1_36' title="bbox 340 4699 2100 4791; baseline -0.002 -27"><span class='ocrx_word' id='word_1_463' title='bbox 340 4702 390 4765; x_wconf 85' lang='grc' dir='ltr'><strong>Ἐν</strong></span> <span class='ocrx_word' id='word_1_464' title='bbox 406 4705 452 4782; x_wconf 78' lang='grc' dir='ltr'><strong>τῷ</strong></span> <span class='ocrx_word' id='word_1_465' title='bbox 469 4699 541 4785; x_wconf 84' lang='grc' dir='ltr'><em>περί</em></span> <span class='ocrx_word' id='word_1_466' title='bbox 550 4711 651 4783; x_wconf 82' lang='grc' dir='ltr'><em>νομῆς</em></span> <span class='ocrx_word' id='word_1_467' title='bbox 667 4700 870 4788; x_wconf 84' lang='grc' dir='ltr'><em>δικαστηρίῳ</em></span> <span class='ocrx_word' id='word_1_468' title='bbox 887 4701 997 4779; x_wconf 84' lang='grc' dir='ltr'><em>διδοὺς</em></span> <span class='ocrx_word' id='word_1_469' title='bbox 1013 4707 1031 4769; x_wconf 85' lang='grc' dir='ltr'>ὁ</span> <span class='ocrx_word' id='word_1_470' title='bbox 1048 4705 1176 4791; x_wconf 86' lang='grc' dir='ltr'><em>πράτης</em></span> <span class='ocrx_word' id='word_1_471' title='bbox 1270 4707 1309 4768; x_wconf 92' lang='lat' dir='ltr'><strong>In</strong></span> <span class='ocrx_word' id='word_1_472' title='bbox 1346 4705 1456 4768; x_wconf 79' lang='lat' dir='ltr'><strong>iudicio</strong></span> <span class='ocrx_word' id='word_1_473' title='bbox 1493 4703 1532 4765; x_wconf 90' lang='lat' dir='ltr'><strong>de</strong></span> <span class='ocrx_word' id='word_1_474' title='bbox 1570 4702 1758 4784; x_wconf 87' lang='lat' dir='ltr'><strong>possessione</strong></span> <span class='ocrx_word' id='word_1_475' title='bbox 1796 4721 1816 4761; x_wconf 89' lang='lat' dir='ltr'><strong>a</strong></span> <span class='ocrx_word' id='word_1_476' title='bbox 1856 4699 2011 4763; x_wconf 87' lang='lat' dir='ltr'><strong>venditore</strong></span> <span class='ocrx_word' id='word_1_477' title='bbox 2049 4700 2100 4780; x_wconf 92' lang='lat' dir='ltr'><strong>qui</strong></span> 
     </span>
     <span class='ocr_line' id='line_1_37' title="bbox 277 4805 2100 4896; baseline -0.002 -25"><span class='ocrx_word' id='word_1_478' title='bbox 277 4806 316 4871; x_wconf 88' lang='grc' dir='ltr'><strong>τδ</strong></span> <span class='ocrx_word' id='word_1_479' title='bbox 340 4806 476 4871; x_wconf 80' lang='grc' dir='ltr'><em>διπλοῦν</em></span> <span class='ocrx_word' id='word_1_480' title='bbox 498 4807 593 4871; x_wconf 83' lang='grc' dir='ltr'><em>οὐδὲν</em></span> <span class='ocrx_word' id='word_1_481' title='bbox 615 4809 804 4872; x_wconf 85' lang='grc' dir='ltr'><em>ἀπαιττῑται</em></span> <span class='ocrx_word' id='word_1_482' title='bbox 833 4820 900 4873; x_wconf 80' lang='grc' dir='ltr'><strong>τῶν</strong></span> <span class='ocrx_word' id='word_1_483' title='bbox 923 4811 1033 4875; x_wconf 89' lang='grc' dir='ltr'><em>ἀλλων</em></span> <span class='ocrx_word' id='word_1_484' title='bbox 1052 4822 1119 4875; x_wconf 80' lang='grc' dir='ltr'><strong>τῶν</strong></span> <span class='ocrx_word' id='word_1_485' title='bbox 1141 4816 1177 4876; x_wconf 81' lang='grc' dir='ltr'><strong>έν</strong></span> <span class='ocrx_word' id='word_1_486' title='bbox 1203 4812 1330 4896; x_wconf 78' lang='grc' dir='ltr'><em>διορίσαι</em></span> <span class='ocrx_word' id='word_1_487' title='bbox 1352 4810 1538 4894; x_wconf 84' lang='lat' dir='ltr'><strong>praestiterit</strong></span> <span class='ocrx_word' id='word_1_488' title='bbox 1559 4819 1658 4872; x_wconf 82' lang='lat' dir='ltr'><strong>oetera</strong></span> <span class='ocrx_word' id='word_1_489' title='bbox 1680 4829 1741 4870; x_wconf 90' lang='lat' dir='ltr'><strong>non</strong></span> <span class='ocrx_word' id='word_1_490' title='bbox 1762 4815 1909 4888; x_wconf 89' lang='lat' dir='ltr'><strong>petuntur</strong></span> <span class='ocrx_word' id='word_1_491' title='bbox 1931 4805 1969 4867; x_wconf 93' lang='lat' dir='ltr'><strong>de</strong></span> <span class='ocrx_word' id='word_1_492' title='bbox 1991 4806 2100 4887; x_wconf 90' lang='lat' dir='ltr'><strong>quibus</strong></span> 
     </span>
     <span class='ocr_line' id='line_1_38' title="bbox 277 4913 2099 5002; baseline -0.002 -25"><span class='ocrx_word' id='word_1_493' title='bbox 277 4914 460 4990; x_wconf 81' lang='grc' dir='ltr'><em>συνηθείας</em></span> <span class='ocrx_word' id='word_1_494' title='bbox 475 4918 517 5001; x_wconf 80' lang='grc' dir='ltr'><strong>τῇ</strong></span> <span class='ocrx_word' id='word_1_495' title='bbox 533 4913 975 5002; x_wconf 73' lang='grc' dir='ltr'><em>πράσιισνμφωνοαμένων.’</em></span> <span class='ocrx_word' id='word_1_496' title='bbox 996 4919 1176 4996; x_wconf 79' lang='lat' dir='ltr'><strong>fr.11.514.</strong></span> <span class='ocrx_word' id='word_1_497' title='bbox 1203 4922 1235 4982; x_wconf 91' lang='lat' dir='ltr'><strong>in</strong></span> <span class='ocrx_word' id='word_1_498' title='bbox 1257 4920 1430 4983; x_wconf 88' lang='lat' dir='ltr'><strong>venditione</strong></span> <span class='ocrx_word' id='word_1_499' title='bbox 1451 4917 1553 4982; x_wconf 85' lang='lat' dir='ltr'><strong>eaveri</strong></span> <span class='ocrx_word' id='word_1_500' title='bbox 1574 4916 1658 4979; x_wconf 85' lang='lat' dir='ltr'><strong>solet</strong></span> <span class='ocrx_word' id='word_1_501' title='bbox 1894 4913 1930 4974; x_wconf 76' lang='lat' dir='ltr'><strong>fr,</strong></span> <span class='ocrx_word' id='word_1_502' title='bbox 1948 4914 1997 4975; x_wconf 91' lang='grc'><strong>11.</strong></span> <span class='ocrx_word' id='word_1_503' title='bbox 2015 4919 2031 4989; x_wconf 89' lang='lat'><strong>5</strong></span> <span class='ocrx_word' id='word_1_504' title='bbox 2051 4915 2099 4974; x_wconf 79' lang='lat'><strong>14.</strong></span> 
     </span>
    </p>

    <p class='ocr_par' dir='ltr' id='par_1_14' title="bbox 278 5017 2111 5427">
     <span class='ocr_line' id='line_1_39' title="bbox 342 5017 2111 5108; baseline -0.001 -25"><span class='ocrx_word' id='word_1_505' title='bbox 342 5017 416 5083; x_wconf 87' lang='grc' dir='ltr'><strong>Ἐἀν</strong></span> <span class='ocrx_word' id='word_1_506' title='bbox 431 5019 572 5098; x_wconf 87' lang='grc' dir='ltr'><em>πωλήσω</em></span> <span class='ocrx_word' id='word_1_507' title='bbox 588 5021 719 5098; x_wconf 79' lang='grc' dir='ltr'><em>ἀσθενῆ</em></span> <span class='ocrx_word' id='word_1_508' title='bbox 743 5022 926 5107; x_wconf 88' lang='grc' dir='ltr'><em>θρέμματα</em></span> <span class='ocrx_word' id='word_1_509' title='bbox 948 5024 968 5102; x_wconf 84' lang='lat' dir='ltr'><strong>l)</strong></span> <span class='ocrx_word' id='word_1_510' title='bbox 991 5025 1090 5108; x_wconf 79' lang='grc' dir='ltr'><em>ξύλον</em></span> <span class='ocrx_word' id='word_1_511' title='bbox 1112 5027 1176 5089; x_wconf 86' lang='grc' dir='ltr'><em>έπί-</em></span> <span class='ocrx_word' id='word_1_512' title='bbox 1269 5027 1303 5090; x_wconf 85' lang='lat' dir='ltr'><strong>Si</strong></span> <span class='ocrx_word' id='word_1_513' title='bbox 1328 5024 1490 5091; x_wconf 90' lang='lat' dir='ltr'><strong>vendidero</strong></span> <span class='ocrx_word' id='word_1_514' title='bbox 1517 5023 1635 5085; x_wconf 90' lang='lat' dir='ltr'><strong>infirma</strong></span> <span class='ocrx_word' id='word_1_515' title='bbox 1656 5042 1766 5104; x_wconf 83' lang='lat' dir='ltr'><strong>peoora</strong></span> <span class='ocrx_word' id='word_1_516' title='bbox 1792 5019 1841 5085; x_wconf 91' lang='lat' dir='ltr'><strong>vel</strong></span> <span class='ocrx_word' id='word_1_517' title='bbox 1868 5020 1985 5082; x_wconf 87' lang='lat' dir='ltr'><strong>trabem</strong></span> <span class='ocrx_word' id='word_1_518' title='bbox 2007 5019 2111 5101; x_wconf 11' lang='lat' dir='ltr'><strong>putri-y</strong></span> 
     </span>
     <span class='ocr_line' id='line_1_40' title="bbox 278 5125 2100 5214; baseline -0.002 -23"><span class='ocrx_word' id='word_1_519' title='bbox 278 5127 430 5209; x_wconf 79' lang='grc' dir='ltr'><em>σαθροῦ·</em></span> <span class='ocrx_word' id='word_1_520' title='bbox 454 5131 481 5190; x_wconf 80' lang='grc' dir='ltr'><strong>τί</strong></span> <span class='ocrx_word' id='word_1_521' title='bbox 503 5127 562 5209; x_wconf 80' lang='grc' dir='ltr'><strong>μὲν</strong></span> <span class='ocrx_word' id='word_1_522' title='bbox 584 5129 723 5209; x_wconf 79' lang='grc' dir='ltr'><em>ἀγνοῶν,</em></span> <span class='ocrx_word' id='word_1_523' title='bbox 747 5132 783 5192; x_wconf 77' lang='lat' dir='ltr'><strong>tx</strong></span> <span class='ocrx_word' id='word_1_524' title='bbox 805 5140 863 5207; x_wconf 75' lang='grc' dir='ltr'><strong>τῆς</strong></span> <span class='ocrx_word' id='word_1_525' title='bbox 883 5141 977 5214; x_wconf 80' lang='grc' dir='ltr'><em>τιμῆς</em></span> <span class='ocrx_word' id='word_1_526' title='bbox 993 5131 1175 5214; x_wconf 88' lang='grc' dir='ltr'><em>ἀναδίδωμι</em></span> <span class='ocrx_word' id='word_1_527' title='bbox 1203 5134 1283 5210; x_wconf 86' lang='lat' dir='ltr'><strong>dam,</strong></span> <span class='ocrx_word' id='word_1_528' title='bbox 1305 5134 1332 5196; x_wconf 89' lang='lat' dir='ltr'><strong>si</strong></span> <span class='ocrx_word' id='word_1_529' title='bbox 1353 5132 1473 5214; x_wconf 90' lang='lat' dir='ltr'><strong>quidem</strong></span> <span class='ocrx_word' id='word_1_530' title='bbox 1496 5131 1647 5211; x_wconf 77' lang='lat' dir='ltr'><strong>ignorans,</strong></span> <span class='ocrx_word' id='word_1_531' title='bbox 1670 5149 1708 5190; x_wconf 82' lang='lat' dir='ltr'><strong>ex</strong></span> <span class='ocrx_word' id='word_1_532' title='bbox 1729 5126 1826 5208; x_wconf 83' lang='lat' dir='ltr'><strong>pretio</strong></span> <span class='ocrx_word' id='word_1_533' title='bbox 1849 5126 1972 5189; x_wconf 87' lang='lat' dir='ltr'><strong>reddam</strong></span> <span class='ocrx_word' id='word_1_534' title='bbox 1994 5125 2100 5207; x_wconf 91' lang='lat' dir='ltr'><strong>quanti</strong></span> 
     </span>
     <span class='ocr_line' id='line_1_41' title="bbox 278 5230 2099 5321; baseline -0.002 -25"><span class='ocrx_word' id='word_1_535' title='bbox 278 5231 360 5297; x_wconf 80' lang='grc' dir='ltr'><em>ὅσον</em></span> <span class='ocrx_word' id='word_1_536' title='bbox 383 5230 426 5297; x_wconf 85' lang='grc' dir='ltr'><strong>ἀν</strong></span> <span class='ocrx_word' id='word_1_537' title='bbox 448 5230 588 5311; x_wconf 84' lang='grc' dir='ltr'><em>ήττονος</em></span> <span class='ocrx_word' id='word_1_538' title='bbox 611 5235 629 5297; x_wconf 85' lang='grc' dir='ltr'>ὁ</span> <span class='ocrx_word' id='word_1_539' title='bbox 651 5233 844 5321; x_wconf 86' lang='grc' dir='ltr'><em>ἀγοραστής</em></span> <span class='ocrx_word' id='word_1_540' title='bbox 860 5234 899 5300; x_wconf 83' lang='grc' dir='ltr'><strong>τὸ</strong></span> <span class='ocrx_word' id='word_1_541' title='bbox 915 5237 1069 5301; x_wconf 85' lang='grc' dir='ltr'><em>ὑπαίτιον</em></span> <span class='ocrx_word' id='word_1_542' title='bbox 1084 5237 1176 5314; x_wconf 81' lang='grc' dir='ltr'><em>εἰδὼς</em></span> <span class='ocrx_word' id='word_1_543' title='bbox 1203 5240 1325 5302; x_wconf 86' lang='lat' dir='ltr'><strong>minoris</strong></span> <span class='ocrx_word' id='word_1_544' title='bbox 1352 5247 1470 5319; x_wconf 88' lang='lat' dir='ltr'><strong>emptor</strong></span> <span class='ocrx_word' id='word_1_545' title='bbox 1495 5237 1521 5300; x_wconf 87' lang='lat' dir='ltr'><strong>si</strong></span> <span class='ocrx_word' id='word_1_546' title='bbox 1549 5237 1654 5298; x_wconf 87' lang='lat' dir='ltr'><strong>seieeet</strong></span> <span class='ocrx_word' id='word_1_547' title='bbox 1680 5234 1788 5297; x_wconf 87' lang='lat' dir='ltr'><strong>uitium</strong></span> <span class='ocrx_word' id='word_1_548' title='bbox 1815 5235 1947 5297; x_wconf 88' lang='lat' dir='ltr'><strong>emisset:</strong></span> <span class='ocrx_word' id='word_1_549' title='bbox 1975 5233 2001 5295; x_wconf 89' lang='lat' dir='ltr'><strong>si</strong></span> <span class='ocrx_word' id='word_1_550' title='bbox 2028 5253 2099 5294; x_wconf 87' lang='lat' dir='ltr'><strong>vero</strong></span> 
     </span>
     <span class='ocr_line' id='line_1_42' title="bbox 278 5339 2100 5427; baseline -0.003 -22"><span class='ocrx_word' id='word_1_551' title='bbox 278 5342 451 5427; x_wconf 85' lang='grc' dir='ltr'><em>ήγόραζιν·</em></span> <span class='ocrx_word' id='word_1_552' title='bbox 475 5344 502 5403; x_wconf 87' lang='grc' dir='ltr'><strong>ελ</strong></span> <span class='ocrx_word' id='word_1_553' title='bbox 525 5340 559 5404; x_wconf 81' lang='grc' dir='ltr'><strong>δὲ</strong></span> <span class='ocrx_word' id='word_1_554' title='bbox 582 5342 762 5423; x_wconf 85' lang='grc' dir='ltr'><em>γινώσκων,</em></span> <span class='ocrx_word' id='word_1_555' title='bbox 784 5346 936 5424; x_wconf 86' lang='grc' dir='ltr'><em>ένέχομαι</em></span> <span class='ocrx_word' id='word_1_556' title='bbox 962 5343 1013 5407; x_wconf 84' lang='grc' dir='ltr'><strong>έπί</strong></span> <span class='ocrx_word' id='word_1_557' title='bbox 1037 5349 1085 5427; x_wconf 76' lang='grc' dir='ltr'><strong>τῷ</strong></span> <span class='ocrx_word' id='word_1_558' title='bbox 1107 5344 1176 5409; x_wconf 80' lang='grc' dir='ltr'><em>δια·</em></span> <span class='ocrx_word' id='word_1_559' title='bbox 1204 5349 1312 5421; x_wconf 83' lang='lat' dir='ltr'><strong>eniens,</strong></span> <span class='ocrx_word' id='word_1_560' title='bbox 1343 5345 1466 5409; x_wconf 82' lang='lat' dir='ltr'><strong>tenebor</strong></span> <span class='ocrx_word' id='word_1_561' title='bbox 1497 5345 1528 5405; x_wconf 91' lang='lat' dir='ltr'><strong>in</strong></span> <span class='ocrx_word' id='word_1_562' title='bbox 1558 5343 1591 5405; x_wconf 93' lang='lat' dir='ltr'><strong>id</strong></span> <span class='ocrx_word' id='word_1_563' title='bbox 1627 5342 1708 5424; x_wconf 91' lang='lat' dir='ltr'><strong>qued</strong></span> <span class='ocrx_word' id='word_1_564' title='bbox 1739 5341 1874 5403; x_wconf 86' lang='lat' dir='ltr'><strong>interest:</strong></span> <span class='ocrx_word' id='word_1_565' title='bbox 1911 5339 1989 5402; x_wconf 83' lang='lat' dir='ltr'><strong>forte</strong></span> <span class='ocrx_word' id='word_1_566' title='bbox 2019 5339 2100 5400; x_wconf 88' lang='lat' dir='ltr'><strong>enim</strong></span> 
     </span>
    </p>
   </div>
   <div class='ocr_carea' id='block_1_6' title="bbox 278 5444 2100 5747">
    <p class='ocr_par' dir='ltr' id='par_1_15' title="bbox 278 5444 2100 5747">
     <span class='ocr_line' id='line_1_43' title="bbox 278 5444 2099 5536; baseline -0.002 -26"><span class='ocrx_word' id='word_1_567' title='bbox 278 5450 430 5534; x_wconf 78' lang='grc' dir='ltr'><em>φέροντι·</em></span> <span class='ocrx_word' id='word_1_568' title='bbox 459 5445 562 5525; x_wconf 82' lang='grc' dir='ltr'><em>ταγὸν</em></span> <span class='ocrx_word' id='word_1_569' title='bbox 588 5444 654 5533; x_wconf 80' lang='grc' dir='ltr'><strong>γὰρ</strong></span> <span class='ocrx_word' id='word_1_570' title='bbox 682 5444 773 5522; x_wconf 83' lang='grc' dir='ltr'><em>οίκος</em></span> <span class='ocrx_word' id='word_1_571' title='bbox 799 5446 856 5513; x_wconf 87' lang='grc' dir='ltr'><em>διά</em></span> <span class='ocrx_word' id='word_1_572' title='bbox 883 5448 923 5514; x_wconf 82' lang='grc' dir='ltr'><strong>τὸ</strong></span> <span class='ocrx_word' id='word_1_573' title='bbox 951 5449 1090 5536; x_wconf 84' lang='grc' dir='ltr'><em>σαθρὸν</em></span> <span class='ocrx_word' id='word_1_574' title='bbox 1116 5460 1178 5516; x_wconf 90' lang='grc' dir='ltr'><strong>τοῦ</strong></span> <span class='ocrx_word' id='word_1_575' title='bbox 1204 5453 1310 5516; x_wconf 87' lang='lat' dir='ltr'><strong>domus</strong></span> <span class='ocrx_word' id='word_1_576' title='bbox 1341 5461 1464 5535; x_wconf 87' lang='lat' dir='ltr'><strong>propter</strong></span> <span class='ocrx_word' id='word_1_577' title='bbox 1498 5450 1651 5533; x_wconf 77' lang='lat' dir='ltr'><strong>putridam</strong></span> <span class='ocrx_word' id='word_1_578' title='bbox 1688 5447 1804 5511; x_wconf 76' lang='lat' dir='ltr'><strong>trabem</strong></span> <span class='ocrx_word' id='word_1_579' title='bbox 1842 5446 1951 5510; x_wconf 87' lang='lat' dir='ltr'><strong>oeeidit</strong></span> <span class='ocrx_word' id='word_1_580' title='bbox 1984 5445 2034 5508; x_wconf 90' lang='lat' dir='ltr'><strong>vel</strong></span> <span class='ocrx_word' id='word_1_581' title='bbox 2064 5465 2099 5506; x_wconf 89' lang='lat' dir='ltr'><strong>eo</strong></span> 
     </span>
     <span class='ocr_line' id='line_1_44' title="bbox 278 5552 2100 5643; baseline -0.002 -26"><span class='ocrx_word' id='word_1_582' title='bbox 278 5553 378 5636; x_wconf 82' lang='grc' dir='ltr'><em>ξάλοο</em></span> <span class='ocrx_word' id='word_1_583' title='bbox 407 5556 585 5617; x_wconf 83' lang='grc' dir='ltr'><em>κατέπεσεν</em></span> <span class='ocrx_word' id='word_1_584' title='bbox 611 5553 631 5630; x_wconf 85' lang='grc' dir='ltr'><em>ή</em></span> <span class='ocrx_word' id='word_1_585' title='bbox 658 5565 716 5630; x_wconf 80' lang='grc' dir='ltr'><strong>τῆς</strong></span> <span class='ocrx_word' id='word_1_586' title='bbox 743 5556 846 5619; x_wconf 87' lang='grc' dir='ltr'><em>νόσον</em></span> <span class='ocrx_word' id='word_1_587' title='bbox 876 5567 944 5620; x_wconf 80' lang='grc' dir='ltr'><strong>τῶν</strong></span> <span class='ocrx_word' id='word_1_588' title='bbox 972 5557 1178 5643; x_wconf 73' lang='grc' dir='ltr'><em>θρεμμάτων</em></span> <span class='ocrx_word' id='word_1_589' title='bbox 1203 5580 1345 5642; x_wconf 82' lang='lat' dir='ltr'><strong>peeorum</strong></span> <span class='ocrx_word' id='word_1_590' title='bbox 1375 5557 1480 5620; x_wconf 90' lang='lat' dir='ltr'><strong>morbo</strong></span> <span class='ocrx_word' id='word_1_591' title='bbox 1511 5557 1573 5619; x_wconf 87' lang='lat' dir='ltr'><strong>elia</strong></span> <span class='ocrx_word' id='word_1_592' title='bbox 1606 5554 1740 5641; x_wconf 81' lang='lat' dir='ltr'><strong>[peoora]</strong></span> <span class='ocrx_word' id='word_1_593' title='bbox 1773 5553 1950 5635; x_wconf 80' lang='lat' dir='ltr'><strong>eontagione</strong></span> <span class='ocrx_word' id='word_1_594' title='bbox 1981 5552 2100 5614; x_wconf 76' lang='lat' dir='ltr'><strong>adfecte</strong></span> 
     </span>
     <span class='ocr_line' id='line_1_45' title="bbox 279 5657 2099 5747; baseline 0.005 -24"><span class='ocrx_word' id='word_1_595' title='bbox 279 5664 375 5746; x_wconf 84' lang='grc' dir='ltr'><em>έτιρα</em></span> <span class='ocrx_word' id='word_1_596' title='bbox 391 5657 448 5723; x_wconf 89' lang='grc' dir='ltr'><em>διά</em></span> <span class='ocrx_word' id='word_1_597' title='bbox 462 5671 520 5737; x_wconf 84' lang='grc' dir='ltr'><strong>τῆς</strong></span> <span class='ocrx_word' id='word_1_598' title='bbox 535 5662 626 5747; x_wconf 82' lang='grc' dir='ltr'><em>ἀφής</em></span> <span class='ocrx_word' id='word_1_599' title='bbox 639 5660 860 5743; x_wconf 68' lang='grc' dir='ltr'><strong>μττιῖγινι-8</strong></span> <span class='ocrx_word' id='word_1_600' title='bbox 908 5664 1177 5747; x_wconf 85' lang='lat' dir='ltr'><strong>fr.l3pr.D.l9,l.</strong></span> <span class='ocrx_word' id='word_1_601' title='bbox 1205 5680 1284 5730; x_wconf 84' lang='lat' dir='ltr'><strong>sunt</strong></span> <span class='ocrx_word' id='word_1_602' title='bbox 1777 5661 1813 5723; x_wconf 73' lang='lat' dir='ltr'><strong>ir·</strong></span> <span class='ocrx_word' id='word_1_603' title='bbox 1832 5663 1871 5721; x_wconf 85' lang='lat'><strong>13</strong></span> <span class='ocrx_word' id='word_1_604' title='bbox 1887 5681 1931 5743; x_wconf 82' lang='lat' dir='ltr'><strong>pr·</strong></span> <span class='ocrx_word' id='word_1_605' title='bbox 1946 5660 1986 5721; x_wconf 88' lang='lat' dir='ltr'><strong>D·</strong></span> <span class='ocrx_word' id='word_1_606' title='bbox 2004 5661 2054 5732; x_wconf 79' lang='lat'><strong>19,</strong></span> <span class='ocrx_word' id='word_1_607' title='bbox 2072 5659 2099 5717; x_wconf 86' lang='lat'><strong>1·</strong></span> 
     </span>
    </p>
   </div>
   <div class='ocr_carea' id='block_1_7' title="bbox 279 5888 1181 6120">
    <p class='ocr_par' dir='ltr' id='par_1_16' title="bbox 279 5888 1181 6120">
     <span class='ocr_line' id='line_1_46' title="bbox 352 5888 1181 5963; baseline 0.004 -18"><span class='ocrx_word' id='word_1_608' title='bbox 352 5890 362 5920; x_wconf 85' lang='lat'>¹</span> <span class='ocrx_word' id='word_1_609' title='bbox 380 5888 447 5962; x_wconf 81' lang='lat' dir='ltr'><strong>Syn.</strong></span> <span class='ocrx_word' id='word_1_610' title='bbox 520 5889 532 5924; x_wconf 71' lang='lat'><strong>³</strong></span> <span class='ocrx_word' id='word_1_611' title='bbox 549 5888 709 5963; x_wconf 79' lang='lat' dir='ltr'><strong>Sequuntur</strong></span> <span class='ocrx_word' id='word_1_612' title='bbox 725 5909 820 5947; x_wconf 85' lang='lat' dir='ltr'><strong>rursus</strong></span> <span class='ocrx_word' id='word_1_613' title='bbox 838 5893 925 5947; x_wconf 79' lang='grc' dir='ltr'><em>πάντα</em></span> <span class='ocrx_word' id='word_1_614' title='bbox 939 5893 971 5947; x_wconf 79' lang='grc' dir='ltr'><strong>τὰ</strong></span> <span class='ocrx_word' id='word_1_615' title='bbox 984 5934 991 5948; x_wconf 91' lang='grc'><em>.</em></span> <span class='ocrx_word' id='word_1_616' title='bbox 1004 5934 1012 5949; x_wconf 95' lang='grc'><em>.</em></span> <span class='ocrx_word' id='word_1_617' title='bbox 1025 5934 1032 5948; x_wconf 98' lang='grc'>.</span> <span class='ocrx_word' id='word_1_618' title='bbox 1045 5935 1052 5949; x_wconf 93' lang='grc'><em>.</em></span> <span class='ocrx_word' id='word_1_619' title='bbox 1066 5893 1181 5963; x_wconf 76' lang='grc' dir='ltr'><em>ἀνέχεται</em></span> 
     </span>
     <span class='ocr_line' id='line_1_47' title="bbox 279 5978 575 6051; baseline 0.003 -17"><span class='ocrx_word' id='word_1_620' title='bbox 279 5980 407 6051; x_wconf 79' lang='lat' dir='ltr'><strong>repetita</strong></span> <span class='ocrx_word' id='word_1_621' title='bbox 479 5978 490 6011; x_wconf 81' lang='lat'>⁸</span> <span class='ocrx_word' id='word_1_622' title='bbox 508 5978 575 6051; x_wconf 82' lang='lat' dir='ltr'><strong>Syn.</strong></span> 
     </span>
     <span class='ocr_line' id='line_1_48' title="bbox 338 6076 517 6120; baseline 0.006 -1"><span class='ocrx_word' id='word_1_623' title='bbox 338 6076 406 6119; x_wconf 67' lang='lat' dir='ltr'><strong>Ball.</strong></span> <span class='ocrx_word' id='word_1_624' title='bbox 430 6076 517 6120; x_wconf 67' lang='lat' dir='ltr'><strong>nm</strong></span> 
     </span>
    </p>
   </div>
   <div class='ocr_carea' id='block_1_8' title="bbox 0 0 2506 7012">
    <p class='ocr_par' dir='ltr' id='par_1_17' title="bbox 0 0 2506 7012">
     <span class='ocr_line' id='line_1_49' title="bbox 0 0 2506 7012; baseline 0 0"><span class='ocrx_word' id='word_1_625' title='bbox 0 0 2506 7012; x_wconf 95' lang='lat' dir='ltr'><strong> </strong></span> 
     </span>
    </p>
   </div>
  </div>
 </body>
</html>
