<?xml version="1.0" encoding="UTF-8"?>
<!DOCTYPE html PUBLIC "-//W3C//DTD XHTML 1.0 Transitional//EN"
    "http://www.w3.org/TR/xhtml1/DTD/xhtml1-transitional.dtd">
<html xmlns="http://www.w3.org/1999/xhtml" xml:lang="en" lang="en">
 <head>
  <title>
</title>
<meta http-equiv="Content-Type" content="text/html;charset=utf-8" />
  <meta name='ocr-system' content='tesseract 3.04.00' />
  <meta name='ocr-capabilities' content='ocr_page ocr_carea ocr_par ocr_line ocrx_word'/>
</head>
<body>
  <div class='ocr_page' id='page_1' title='image "./supplementumedi00linggoog/supplementumedi00linggoog_0366.png"; bbox 0 0 4978 7018; ppageno 0'>
   <div class='ocr_carea' id='block_1_1' title="bbox 375 392 1890 463">
    <p class='ocr_par' dir='ltr' id='par_1_1' title="bbox 375 392 1890 463">
     <span class='ocr_line' id='line_1_1' title="bbox 375 392 1890 463; baseline -0.001 -2"><span class='ocrx_word' id='word_1_1' title='bbox 375 399 416 463; x_wconf 91' lang='lat'><strong><em>10</em></strong></span> <span class='ocrx_word' id='word_1_2' title='bbox 687 393 847 462; x_wconf 86' lang='lat' dir='ltr'>INDEX</span> <span class='ocrx_word' id='word_1_3' title='bbox 870 393 968 461; x_wconf 86' lang='lat' dir='ltr'><strong>Cllll</strong></span> <span class='ocrx_word' id='word_1_4' title='bbox 990 395 1094 463; x_wconf 88' lang='lat' dir='ltr'><strong><em>DEO</em></strong></span> <span class='ocrx_word' id='word_1_5' title='bbox 1113 394 1180 462; x_wconf 81' lang='lat' dir='ltr'><strong><em>1v¹</em></strong></span> <span class='ocrx_word' id='word_1_6' title='bbox 1201 394 1335 463; x_wconf 84' lang='grc' dir='ltr'><strong><em>ΤΟΜΙ.</em></strong></span> <span class='ocrx_word' id='word_1_7' title='bbox 1381 394 1536 462; x_wconf 82' lang='lat' dir='ltr'><strong>LIBER</strong></span> <span class='ocrx_word' id='word_1_8' title='bbox 1557 393 1712 460; x_wconf 80' lang='lat' dir='ltr'>XLVI-</span> <span class='ocrx_word' id='word_1_9' title='bbox 1735 392 1890 460; x_wconf 88' lang='lat' dir='ltr'>XLVIII.</span> 
     </span>
    </p>
   </div>
   <div class='ocr_carea' id='block_1_2' title="bbox 267 589 2311 927">
    <p class='ocr_par' dir='ltr' id='par_1_2' title="bbox 267 589 2311 927">
     <span class='ocr_line' id='line_1_2' title="bbox 267 589 2311 715; baseline 0 -25"><span class='ocrx_word' id='word_1_10' title='bbox 267 657 290 691; x_wconf 77' lang='grc' dir='ltr'><strong><em>ι.</em></strong></span> <span class='ocrx_word' id='word_1_11' title='bbox 303 634 336 691; x_wconf 79' lang='grc' dir='ltr'><strong><em>δ’.</em></strong></span> <span class='ocrx_word' id='word_1_12' title='bbox 439 589 462 695; x_wconf 69' lang='lat' dir='ltr'><strong>l</strong></span> <span class='ocrx_word' id='word_1_13' title='bbox 485 629 658 715; x_wconf 78' lang='grc' dir='ltr'><strong><em>ὑπάρξεων</em></strong></span> <span class='ocrx_word' id='word_1_14' title='bbox 679 638 856 714; x_wconf 71' lang='grc' dir='ltr'><strong><em>μετρικῶν.</em></strong></span> <span class='ocrx_word' id='word_1_15' title='bbox 1369 629 1408 692; x_wconf 89' lang='lat' dir='ltr'><strong><em>de</em></strong></span> <span class='ocrx_word' id='word_1_16' title='bbox 1430 628 1609 693; x_wconf 86' lang='lat' dir='ltr'><strong>substantiis</strong></span> <span class='ocrx_word' id='word_1_17' title='bbox 1630 628 1783 691; x_wconf 86' lang='lat' dir='ltr'><strong>maternis.</strong></span> <span class='ocrx_word' id='word_1_18' title='bbox 2246 643 2266 693; x_wconf 80' lang='grc' dir='ltr'><strong><em>ι.</em></strong></span> <span class='ocrx_word' id='word_1_19' title='bbox 2282 641 2311 691; x_wconf 81' lang='grc'><strong><em>4.</em></strong></span> 
     </span>
     <span class='ocr_line' id='line_1_3' title="bbox 268 728 2311 820; baseline 0.002 -23"><span class='ocrx_word' id='word_1_20' title='bbox 268 763 291 798; x_wconf 79' lang='grc' dir='ltr'><strong><em>ν.</em></strong></span> <span class='ocrx_word' id='word_1_21' title='bbox 305 744 336 798; x_wconf 76' lang='grc' dir='ltr'><strong><em>ε’.</em></strong></span> <span class='ocrx_word' id='word_1_22' title='bbox 442 733 566 817; x_wconf 79' lang='grc' dir='ltr'><strong><em>Ἀγωγή</em></strong></span> <span class='ocrx_word' id='word_1_23' title='bbox 589 733 632 798; x_wconf 89' lang='grc' dir='ltr'><strong><em>δι’</em></strong></span> <span class='ocrx_word' id='word_1_24' title='bbox 657 728 695 811; x_wconf 83' lang='grc' dir='ltr'><strong><em>ής</em></strong></span> <span class='ocrx_word' id='word_1_25' title='bbox 718 736 736 798; x_wconf 89' lang='grc' dir='ltr'><strong><em>δ</em></strong></span> <span class='ocrx_word' id='word_1_26' title='bbox 760 732 846 820; x_wconf 84' lang='grc' dir='ltr'><strong><em>ἀνήρ</em></strong></span> <span class='ocrx_word' id='word_1_27' title='bbox 869 733 889 812; x_wconf 69' lang='lat' dir='ltr'><strong>b</strong></span> <span class='ocrx_word' id='word_1_28' title='bbox 912 739 932 813; x_wconf 89' lang='grc' dir='ltr'><strong><em>ή</em></strong></span> <span class='ocrx_word' id='word_1_29' title='bbox 954 733 1036 816; x_wconf 82' lang='grc' dir='ltr'><strong><em>γυνή</em></strong></span> <span class='ocrx_word' id='word_1_30' title='bbox 1052 746 1219 818; x_wconf 73' lang='grc' dir='ltr'><strong><em>συγγενῶν</em></strong></span> <span class='ocrx_word' id='word_1_31' title='bbox 1233 734 1276 819; x_wconf 83' lang='grc' dir='ltr'><strong><em>μή</em></strong></span> <span class='ocrx_word' id='word_1_32' title='bbox 1369 736 1469 812; x_wconf 80' lang='lat' dir='ltr'><strong>Aetio,</strong></span> <span class='ocrx_word' id='word_1_33' title='bbox 1500 757 1556 818; x_wconf 86' lang='lat' dir='ltr'><strong><em>per</em></strong></span> <span class='ocrx_word' id='word_1_34' title='bbox 1586 756 1678 817; x_wconf 91' lang='lat' dir='ltr'><strong>quam</strong></span> <span class='ocrx_word' id='word_1_35' title='bbox 1710 735 1758 797; x_wconf 85' lang='lat' dir='ltr'><strong><em>vir</em></strong></span> <span class='ocrx_word' id='word_1_36' title='bbox 1784 745 1838 797; x_wconf 90' lang='lat' dir='ltr'><strong><em>aut</em></strong></span> <span class='ocrx_word' id='word_1_37' title='bbox 1864 756 1949 811; x_wconf 82' lang='lat' dir='ltr'><strong>uxor,</strong></span> <span class='ocrx_word' id='word_1_38' title='bbox 1980 736 2117 816; x_wconf 76' lang='lat' dir='ltr'><strong>oognatis</strong></span> <span class='ocrx_word' id='word_1_39' title='bbox 2147 755 2207 797; x_wconf 94' lang='lat' dir='ltr'><strong><em>non</em></strong></span> <span class='ocrx_word' id='word_1_40' title='bbox 2246 750 2266 800; x_wconf 81' lang='grc' dir='ltr'><strong><em>ι.</em></strong></span> <span class='ocrx_word' id='word_1_41' title='bbox 2282 750 2311 801; x_wconf 77' lang='lat'><strong><em>5.</em></strong></span> 
     </span>
     <span class='ocr_line' id='line_1_4' title="bbox 373 842 1894 927; baseline -0.001 -20"><span class='ocrx_word' id='word_1_42' title='bbox 373 842 524 907; x_wconf 84' lang='grc' dir='ltr'><strong><em>ὑπόντων</em></strong></span> <span class='ocrx_word' id='word_1_43' title='bbox 545 842 808 927; x_wconf 78' lang='grc' dir='ltr'><strong><em>κληρονομοῦσα</em></strong></span> <span class='ocrx_word' id='word_1_44' title='bbox 829 842 999 920; x_wconf 78' lang='grc' dir='ltr'><strong><em>ἀλλήλους.</em></strong></span> <span class='ocrx_word' id='word_1_45' title='bbox 1303 842 1486 918; x_wconf 75' lang='lat' dir='ltr'><strong>extantibus,</strong></span> <span class='ocrx_word' id='word_1_46' title='bbox 1508 842 1638 906; x_wconf 84' lang='lat' dir='ltr'><strong>invioem</strong></span> <span class='ocrx_word' id='word_1_47' title='bbox 1660 842 1738 904; x_wconf 89' lang='lat' dir='ltr'><strong>fiunt</strong></span> <span class='ocrx_word' id='word_1_48' title='bbox 1759 843 1894 905; x_wconf 88' lang='lat' dir='ltr'><strong>heredes.</strong></span> 
     </span>
    </p>
   </div>
   <div class='ocr_carea' id='block_1_3' title="bbox 267 962 2310 1300">
    <p class='ocr_par' dir='ltr' id='par_1_3' title="bbox 267 962 2310 1300">
     <span class='ocr_line' id='line_1_5' title="bbox 267 962 2310 1087; baseline 0.001 -24"><span class='ocrx_word' id='word_1_49' title='bbox 267 1029 289 1063; x_wconf 84' lang='grc' dir='ltr'><strong><em>ι.</em></strong></span> <span class='ocrx_word' id='word_1_50' title='bbox 302 1010 336 1075; x_wconf 62' lang='grc' dir='ltr'><strong><em>ς).</em></strong></span> <span class='ocrx_word' id='word_1_51' title='bbox 439 962 463 1066; x_wconf 72' lang='lat' dir='ltr'><strong><em>lt</em></strong></span> <span class='ocrx_word' id='word_1_52' title='bbox 490 1003 654 1087; x_wconf 88' lang='grc' dir='ltr'><strong><em>ἀρμενίων</em></strong></span> <span class='ocrx_word' id='word_1_53' title='bbox 685 999 765 1076; x_wconf 66' lang='lat' dir='ltr'><strong>dors</strong></span> <span class='ocrx_word' id='word_1_54' title='bbox 795 1000 852 1066; x_wconf 86' lang='grc' dir='ltr'><strong><em>καλ</em></strong></span> <span class='ocrx_word' id='word_1_55' title='bbox 883 998 1005 1077; x_wconf 81' lang='grc' dir='ltr'><strong><em>αὐτοὺς</em></strong></span> <span class='ocrx_word' id='word_1_56' title='bbox 1032 1006 1066 1066; x_wconf 88' lang='grc' dir='ltr'><strong><em>ἐν</em></strong></span> <span class='ocrx_word' id='word_1_57' title='bbox 1093 1012 1175 1066; x_wconf 78' lang='grc' dir='ltr'><strong><em>πᾶσι</em></strong></span> <span class='ocrx_word' id='word_1_58' title='bbox 1207 1010 1278 1077; x_wconf 88' lang='grc' dir='ltr'><strong><em>τοῖς</em></strong></span> <span class='ocrx_word' id='word_1_59' title='bbox 1370 1000 1409 1063; x_wconf 89' lang='lat' dir='ltr'><strong><em>de</em></strong></span> <span class='ocrx_word' id='word_1_60' title='bbox 1432 1001 1585 1064; x_wconf 74' lang='lat' dir='ltr'>Armeniis</span> <span class='ocrx_word' id='word_1_61' title='bbox 1608 1010 1643 1063; x_wconf 93' lang='lat' dir='ltr'><strong><em>ut</em></strong></span> <span class='ocrx_word' id='word_1_62' title='bbox 1664 1001 1776 1082; x_wconf 82' lang='lat' dir='ltr'><strong>stipsi</strong></span> <span class='ocrx_word' id='word_1_63' title='bbox 1797 1002 1830 1063; x_wconf 91' lang='lat' dir='ltr'><strong><em>in</em></strong></span> <span class='ocrx_word' id='word_1_64' title='bbox 1853 1002 1993 1065; x_wconf 89' lang='lat' dir='ltr'><strong>omnibus</strong></span> <span class='ocrx_word' id='word_1_65' title='bbox 2014 1024 2208 1066; x_wconf 84' lang='lat' dir='ltr'><strong>romanorum</strong></span> <span class='ocrx_word' id='word_1_66' title='bbox 2246 1016 2310 1067; x_wconf 73' lang='grc' dir='ltr'><strong><em>λε.</em></strong></span> 
     </span>
     <span class='ocr_line' id='line_1_6' title="bbox 373 1107 1583 1194; baseline -0.003 -21"><span class='ocrx_word' id='word_1_67' title='bbox 373 1110 530 1194; x_wconf 79' lang='grc' dir='ltr'><strong><em>ρ’ωμαίων</em></strong></span> <span class='ocrx_word' id='word_1_68' title='bbox 552 1109 757 1173; x_wconf 73' lang='grc' dir='ltr'><strong><em>ἀκολουθεῖν</em></strong></span> <span class='ocrx_word' id='word_1_69' title='bbox 779 1111 901 1191; x_wconf 90' lang='grc' dir='ltr'><strong><em>νόμοις.</em></strong></span> <span class='ocrx_word' id='word_1_70' title='bbox 1304 1116 1471 1190; x_wconf 87' lang='lat' dir='ltr'><strong>sequantur</strong></span> <span class='ocrx_word' id='word_1_71' title='bbox 1491 1107 1583 1189; x_wconf 81' lang='lat' dir='ltr'><strong>loges.</strong></span> 
     </span>
     <span class='ocr_line' id='line_1_7' title="bbox 554 1215 1801 1300; baseline -0.002 -20"><span class='ocrx_word' id='word_1_72' title='bbox 554 1242 621 1280; x_wconf 77' lang='grc' dir='ltr'><strong><em>ε-</em></strong></span> <span class='ocrx_word' id='word_1_73' title='bbox 645 1216 737 1291; x_wconf 90' lang='grc' dir='ltr'><strong><em>τελος</em></strong></span> <span class='ocrx_word' id='word_1_74' title='bbox 760 1225 820 1279; x_wconf 79' lang='grc' dir='ltr'><strong><em>τῶι</em></strong></span> <span class='ocrx_word' id='word_1_75' title='bbox 843 1221 881 1280; x_wconf 89' lang='grc' dir='ltr'><strong><em>ἐπ</em></strong></span> <span class='ocrx_word' id='word_1_76' title='bbox 904 1216 968 1299; x_wconf 75' lang='grc' dir='ltr'><strong><em>ναξ</em></strong></span> <span class='ocrx_word' id='word_1_77' title='bbox 991 1219 1086 1300; x_wconf 60' lang='lat' dir='ltr'><strong>doru.</strong></span> <span class='ocrx_word' id='word_1_78' title='bbox 1705 1215 1801 1277; x_wconf 86' lang='lat' dir='ltr'><strong>Finis.</strong></span> 
     </span>
    </p>
   </div>
   <div class='ocr_carea' id='block_1_4' title="bbox 377 1389 2118 1550">
    <p class='ocr_par' dir='ltr' id='par_1_4' title="bbox 377 1389 2118 1550">
     <span class='ocr_line' id='line_1_8' title="bbox 377 1389 2118 1450; baseline 0.001 -3"><span class='ocrx_word' id='word_1_79' title='bbox 377 1394 464 1448; x_wconf 88' lang='grc' dir='ltr'>ΑΡΧΗ</span> <span class='ocrx_word' id='word_1_80' title='bbox 483 1393 550 1448; x_wconf 86' lang='grc' dir='ltr'><strong><em>(ΥΝ</em></strong></span> <span class='ocrx_word' id='word_1_81' title='bbox 569 1394 635 1449; x_wconf 84' lang='grc' dir='ltr'><strong><em>θΕΩ</em></strong></span> <span class='ocrx_word' id='word_1_82' title='bbox 653 1393 724 1447; x_wconf 88' lang='grc' dir='ltr'><strong><em>ΤΟΥ</em></strong></span> <span class='ocrx_word' id='word_1_83' title='bbox 743 1394 767 1446; x_wconf 82' lang='grc' dir='ltr'><strong><em>Ι“’</em></strong></span> <span class='ocrx_word' id='word_1_84' title='bbox 786 1392 920 1447; x_wconf 84' lang='grc' dir='ltr'>ΒΙΒΛΙΟΥ</span> <span class='ocrx_word' id='word_1_85' title='bbox 938 1393 1015 1447; x_wconf 89' lang='grc' dir='ltr'>ΗΤΟΙ</span> <span class='ocrx_word' id='word_1_86' title='bbox 1033 1392 1104 1446; x_wconf 89' lang='grc' dir='ltr'><strong><em>ΤΟΥ</em></strong></span> <span class='ocrx_word' id='word_1_87' title='bbox 1123 1392 1152 1446; x_wconf 85' lang='lat' dir='ltr'><strong><em>l&#39;‘</em></strong></span> <span class='ocrx_word' id='word_1_88' title='bbox 1170 1392 1267 1446; x_wconf 83' lang='grc' dir='ltr'>ΤΕΥΧ.</span> <span class='ocrx_word' id='word_1_89' title='bbox 1391 1391 1505 1445; x_wconf 87' lang='lat' dir='ltr'><strong>Initium</strong></span> <span class='ocrx_word' id='word_1_90' title='bbox 1523 1408 1586 1445; x_wconf 86' lang='lat' dir='ltr'><strong><em>oum</em></strong></span> <span class='ocrx_word' id='word_1_91' title='bbox 1605 1389 1667 1450; x_wconf 87' lang='lat' dir='ltr'><strong><em>Deo</em></strong></span> <span class='ocrx_word' id='word_1_92' title='bbox 1685 1390 1750 1446; x_wconf 82' lang='lat' dir='ltr'>libri</span> <span class='ocrx_word' id='word_1_93' title='bbox 1768 1392 1821 1447; x_wconf 88' lang='lat'>111¹</span> <span class='ocrx_word' id='word_1_94' title='bbox 1838 1392 1892 1449; x_wconf 86' lang='lat' dir='ltr'><strong><em>hoo</em></strong></span> <span class='ocrx_word' id='word_1_95' title='bbox 1910 1399 1954 1449; x_wconf 85' lang='lat' dir='ltr'><strong>est</strong></span> <span class='ocrx_word' id='word_1_96' title='bbox 1971 1394 2024 1448; x_wconf 82' lang='lat'>111¹</span> <span class='ocrx_word' id='word_1_97' title='bbox 2042 1396 2118 1450; x_wconf 83' lang='lat' dir='ltr'><strong>tomi.</strong></span> 
     </span>
     <span class='ocr_line' id='line_1_9' title="bbox 621 1480 1989 1550; baseline 0.003 -15"><span class='ocrx_word' id='word_1_98' title='bbox 621 1481 752 1536; x_wconf 84' lang='grc' dir='ltr'>ΒΙΒΛΙΟΝ</span> <span class='ocrx_word' id='word_1_99' title='bbox 771 1482 832 1548; x_wconf 75' lang='grc' dir='ltr'><strong><em>ΛΝ,</em></strong></span> <span class='ocrx_word' id='word_1_100' title='bbox 851 1481 971 1536; x_wconf 83' lang='grc' dir='ltr'>ΤΙΤΛΟ(</span> <span class='ocrx_word' id='word_1_101' title='bbox 990 1481 1028 1535; x_wconf 80' lang='grc' dir='ltr'><strong><em>Α’.</em></strong></span> <span class='ocrx_word' id='word_1_102' title='bbox 1525 1480 1642 1535; x_wconf 81' lang='lat' dir='ltr'>LIBER</span> <span class='ocrx_word' id='word_1_103' title='bbox 1658 1480 1767 1550; x_wconf 88' lang='lat' dir='ltr'>XXXI,</span> <span class='ocrx_word' id='word_1_104' title='bbox 1784 1480 1947 1538; x_wconf 78' lang='lat' dir='ltr'>TITVLVS</span> <span class='ocrx_word' id='word_1_105' title='bbox 1964 1483 1989 1541; x_wconf 90' lang='grc' dir='ltr'><strong><em>Ι.</em></strong></span> 
     </span>
    </p>
   </div>
   <div class='ocr_carea' id='block_1_5' title="bbox 223 2174 2053 2368">
    <p class='ocr_par' dir='ltr' id='par_1_5' title="bbox 223 2174 2053 2368">
     <span class='ocr_line' id='line_1_10' title="bbox 223 2174 1889 2252; baseline 0.002 -16"><span class='ocrx_word' id='word_1_106' title='bbox 223 2182 271 2250; x_wconf 79' lang='lat' dir='ltr'><strong><em>sol.</em></strong></span> <span class='ocrx_word' id='word_1_107' title='bbox 284 2185 339 2235; x_wconf 69' lang='grc' dir='ltr'><strong><em>ἐν’.</em></strong></span> <span class='ocrx_word' id='word_1_108' title='bbox 624 2175 716 2249; x_wconf 83' lang='grc' dir='ltr'><strong><em>τέλος</em></strong></span> <span class='ocrx_word' id='word_1_109' title='bbox 739 2182 801 2238; x_wconf 82' lang='grc' dir='ltr'><strong><em>τοῦ</em></strong></span> <span class='ocrx_word' id='word_1_110' title='bbox 822 2174 865 2238; x_wconf 84' lang='grc' dir='ltr'><strong><em>Γ’</em></strong></span> <span class='ocrx_word' id='word_1_111' title='bbox 889 2174 1025 2252; x_wconf 69' lang='grc' dir='ltr'><strong><em>τείγους</em></strong></span> <span class='ocrx_word' id='word_1_112' title='bbox 1622 2177 1708 2238; x_wconf 84' lang='lat' dir='ltr'><strong>Finis</strong></span> <span class='ocrx_word' id='word_1_113' title='bbox 1730 2175 1792 2239; x_wconf 85' lang='lat'>111¹</span> <span class='ocrx_word' id='word_1_114' title='bbox 1815 2178 1889 2240; x_wconf 87' lang='lat' dir='ltr'><strong>tomi</strong></span> 
     </span>
     <span class='ocr_line' id='line_1_11' title="bbox 459 2297 2053 2368; baseline -0.003 0"><span class='ocrx_word' id='word_1_115' title='bbox 459 2302 589 2368; x_wconf 87' lang='grc' dir='ltr'>ΠΙΝΑΞ</span> <span class='ocrx_word' id='word_1_116' title='bbox 612 2301 691 2367; x_wconf 85' lang='grc' dir='ltr'><strong><em>(ΥΝ</em></strong></span> <span class='ocrx_word' id='word_1_117' title='bbox 716 2301 797 2367; x_wconf 87' lang='grc' dir='ltr'><strong><em>θΕΩ</em></strong></span> <span class='ocrx_word' id='word_1_118' title='bbox 821 2301 904 2367; x_wconf 89' lang='grc' dir='ltr'><strong><em>ΤΟΥ</em></strong></span> <span class='ocrx_word' id='word_1_119' title='bbox 927 2297 968 2366; x_wconf 86' lang='grc' dir='ltr'><strong><em>Δ’</em></strong></span> <span class='ocrx_word' id='word_1_120' title='bbox 991 2302 1191 2368; x_wconf 70' lang='grc' dir='ltr'>ΤΕΥΧΟΥΕ.</span> <span class='ocrx_word' id='word_1_121' title='bbox 1460 2300 1604 2362; x_wconf 88' lang='lat' dir='ltr'>INDEX</span> <span class='ocrx_word' id='word_1_122' title='bbox 1626 2300 1719 2364; x_wconf 77' lang='lat' dir='ltr'><strong><em>CVM</em></strong></span> <span class='ocrx_word' id='word_1_123' title='bbox 1741 2301 1833 2365; x_wconf 87' lang='lat' dir='ltr'><strong><em>DEO</em></strong></span> <span class='ocrx_word' id='word_1_124' title='bbox 1854 2300 1913 2364; x_wconf 90' lang='lat' dir='ltr'><strong><em>IV¹</em></strong></span> <span class='ocrx_word' id='word_1_125' title='bbox 1935 2302 2053 2365; x_wconf 89' lang='grc' dir='ltr'><strong><em>ΤΟΜΙ.</em></strong></span> 
     </span>
    </p>
   </div>
   <div class='ocr_carea' id='block_1_6' title="bbox 721 2510 1872 2575">
    <p class='ocr_par' dir='ltr' id='par_1_6' title="bbox 721 2510 1872 2575">
     <span class='ocr_line' id='line_1_12' title="bbox 721 2510 1872 2575; baseline 0.003 -11"><span class='ocrx_word' id='word_1_126' title='bbox 721 2510 852 2564; x_wconf 84' lang='grc' dir='ltr'>ΒΙΒΛΙΟΝ</span> <span class='ocrx_word' id='word_1_127' title='bbox 872 2511 937 2575; x_wconf 58' lang='lat' dir='ltr'><strong><em>Md.</em></strong></span> <span class='ocrx_word' id='word_1_128' title='bbox 1637 2510 1753 2567; x_wconf 86' lang='lat' dir='ltr'>LIBER</span> <span class='ocrx_word' id='word_1_129' title='bbox 1769 2511 1872 2567; x_wconf 88' lang='lat' dir='ltr'>XLVI.</span> 
     </span>
    </p>
   </div>
   <div class='ocr_carea' id='block_1_7' title="bbox 269 2610 2304 2830">
    <p class='ocr_par' dir='ltr' id='par_1_7' title="bbox 269 2610 2304 2830">
     <span class='ocr_line' id='line_1_13' title="bbox 269 2610 2304 2724; baseline 0 -22"><span class='ocrx_word' id='word_1_130' title='bbox 269 2663 292 2697; x_wconf 83' lang='grc' dir='ltr'><strong><em>τ.</em></strong></span> <span class='ocrx_word' id='word_1_131' title='bbox 304 2644 338 2697; x_wconf 81' lang='grc' dir='ltr'><strong><em>α’.</em></strong></span> <span class='ocrx_word' id='word_1_132' title='bbox 442 2610 516 2724; x_wconf 76' lang='grc' dir='ltr'><strong><em>περὶ</em></strong></span> <span class='ocrx_word' id='word_1_133' title='bbox 538 2636 779 2710; x_wconf 72' lang='grc' dir='ltr'><em>καταστάσεως</em></span> <span class='ocrx_word' id='word_1_134' title='bbox 796 2637 993 2722; x_wconf 81' lang='grc' dir='ltr'><strong><em>ἀνθρώπων</em></strong></span> <span class='ocrx_word' id='word_1_135' title='bbox 1015 2634 1070 2699; x_wconf 74' lang='lat' dir='ltr'><strong><em>nul</em></strong></span> <span class='ocrx_word' id='word_1_136' title='bbox 1091 2636 1280 2721; x_wconf 69' lang='grc' dir='ltr'><strong><em>διαιρέσεως</em></strong></span> <span class='ocrx_word' id='word_1_137' title='bbox 1373 2639 1413 2700; x_wconf 88' lang='lat' dir='ltr'><strong><em>de</em></strong></span> <span class='ocrx_word' id='word_1_138' title='bbox 1439 2647 1521 2701; x_wconf 86' lang='lat' dir='ltr'><strong>statu</strong></span> <span class='ocrx_word' id='word_1_139' title='bbox 1548 2637 1703 2701; x_wconf 83' lang='lat' dir='ltr'><strong>hominum</strong></span> <span class='ocrx_word' id='word_1_140' title='bbox 1730 2647 1763 2701; x_wconf 89' lang='lat' dir='ltr'><strong><em>et</em></strong></span> <span class='ocrx_word' id='word_1_141' title='bbox 1784 2639 1932 2702; x_wconf 87' lang='lat' dir='ltr'><strong>divisione</strong></span> <span class='ocrx_word' id='word_1_142' title='bbox 1958 2661 2156 2722; x_wconf 86' lang='lat' dir='ltr'><strong>personarum</strong></span> <span class='ocrx_word' id='word_1_143' title='bbox 2179 2652 2212 2705; x_wconf 86' lang='lat' dir='ltr'><strong><em>et</em></strong></span> <span class='ocrx_word' id='word_1_144' title='bbox 2247 2654 2265 2703; x_wconf 83' lang='grc' dir='ltr'><strong><em>ι.</em></strong></span> <span class='ocrx_word' id='word_1_145' title='bbox 2281 2654 2304 2702; x_wconf 86' lang='grc'><strong><em>1.</em></strong></span> 
     </span>
     <span class='ocr_line' id='line_1_14' title="bbox 376 2741 1841 2830; baseline -0.001 -21"><span class='ocrx_word' id='word_1_146' title='bbox 376 2746 564 2830; x_wconf 84' lang='grc' dir='ltr'><strong><em>προσώπων</em></strong></span> <span class='ocrx_word' id='word_1_147' title='bbox 585 2742 643 2807; x_wconf 84' lang='grc' dir='ltr'><strong><em>καλ</em></strong></span> <span class='ocrx_word' id='word_1_148' title='bbox 666 2743 873 2829; x_wconf 74' lang='grc' dir='ltr'><strong><em>πραγμάτων</em></strong></span> <span class='ocrx_word' id='word_1_149' title='bbox 893 2741 951 2807; x_wconf 84' lang='grc' dir='ltr'><strong><em>καλ</em></strong></span> <span class='ocrx_word' id='word_1_150' title='bbox 967 2745 1145 2818; x_wconf 80' lang='grc' dir='ltr'><strong><em>ποιότητος</em></strong></span> <span class='ocrx_word' id='word_1_151' title='bbox 1161 2743 1280 2807; x_wconf 80' lang='grc' dir='ltr'><strong><em>αὐτῶν.</em></strong></span> <span class='ocrx_word' id='word_1_152' title='bbox 1308 2746 1369 2826; x_wconf 88' lang='lat' dir='ltr'><strong>(de)</strong></span> <span class='ocrx_word' id='word_1_153' title='bbox 1390 2744 1482 2807; x_wconf 88' lang='lat' dir='ltr'><strong>rebus</strong></span> <span class='ocrx_word' id='word_1_154' title='bbox 1505 2754 1536 2807; x_wconf 85' lang='lat' dir='ltr'><strong><em>et</em></strong></span> <span class='ocrx_word' id='word_1_155' title='bbox 1557 2745 1705 2826; x_wconf 70' lang='lat' dir='ltr'><strong>qualitate</strong></span> <span class='ocrx_word' id='word_1_156' title='bbox 1727 2766 1841 2808; x_wconf 85' lang='lat' dir='ltr'><strong>earum.</strong></span> 
     </span>
    </p>
   </div>
   <div class='ocr_carea' id='block_1_8' title="bbox 270 2849 2302 3023">
    <p class='ocr_par' dir='ltr' id='par_1_8' title="bbox 270 2849 2302 3023">
     <span class='ocr_line' id='line_1_15' title="bbox 270 2849 2302 2937; baseline 0.004 -28"><span class='ocrx_word' id='word_1_157' title='bbox 270 2875 292 2909; x_wconf 79' lang='grc' dir='ltr'><strong><em>ι.</em></strong></span> <span class='ocrx_word' id='word_1_158' title='bbox 305 2856 339 2929; x_wconf 73' lang='grc' dir='ltr'><strong><em>γ.</em></strong></span> <span class='ocrx_word' id='word_1_159' title='bbox 443 2850 516 2937; x_wconf 80' lang='grc' dir='ltr'><strong><em>περὶ</em></strong></span> <span class='ocrx_word' id='word_1_160' title='bbox 548 2851 737 2935; x_wconf 71' lang='grc' dir='ltr'><strong><em>διαιρέσεως</em></strong></span> <span class='ocrx_word' id='word_1_161' title='bbox 769 2851 976 2935; x_wconf 76' lang='grc' dir='ltr'><strong><em>πραγμάτων</em></strong></span> <span class='ocrx_word' id='word_1_162' title='bbox 1012 2849 1070 2914; x_wconf 82' lang='grc' dir='ltr'><strong><em>καλ</em></strong></span> <span class='ocrx_word' id='word_1_163' title='bbox 1102 2852 1281 2926; x_wconf 86' lang='grc' dir='ltr'><strong><em>ποιότητος</em></strong></span> <span class='ocrx_word' id='word_1_164' title='bbox 1374 2850 1413 2913; x_wconf 86' lang='lat' dir='ltr'><strong><em>de</em></strong></span> <span class='ocrx_word' id='word_1_165' title='bbox 1434 2851 1581 2914; x_wconf 83' lang='lat' dir='ltr'><strong>divisione</strong></span> <span class='ocrx_word' id='word_1_166' title='bbox 1602 2871 1703 2913; x_wconf 85' lang='lat' dir='ltr'><strong>rerum</strong></span> <span class='ocrx_word' id='word_1_167' title='bbox 1725 2860 1757 2913; x_wconf 85' lang='lat' dir='ltr'><strong>st</strong></span> <span class='ocrx_word' id='word_1_168' title='bbox 1778 2852 1925 2934; x_wconf 74' lang='lat' dir='ltr'><strong>qualitate</strong></span> <span class='ocrx_word' id='word_1_169' title='bbox 1947 2873 2060 2917; x_wconf 88' lang='lat' dir='ltr'><strong>earum</strong></span> <span class='ocrx_word' id='word_1_170' title='bbox 2247 2867 2265 2917; x_wconf 85' lang='lat' dir='ltr'><strong><em>t.</em></strong></span> <span class='ocrx_word' id='word_1_171' title='bbox 2278 2867 2302 2918; x_wconf 81' lang='grc'><strong><em>3.</em></strong></span> 
     </span>
     <span class='ocr_line' id='line_1_16' title="bbox 376 2960 557 3023; baseline -0.006 0"><span class='ocrx_word' id='word_1_172' title='bbox 376 2960 500 3023; x_wconf 76' lang='grc' dir='ltr'><strong><em>αότῶνε</em></strong></span> <span class='ocrx_word' id='word_1_173' title='bbox 518 2996 557 3006; x_wconf 91' lang='grc'><strong>-</strong></span> 
     </span>
    </p>
   </div>
   <div class='ocr_carea' id='block_1_9' title="bbox 721 3133 1888 3191">
    <p class='ocr_par' dir='ltr' id='par_1_9' title="bbox 721 3133 1888 3191">
     <span class='ocr_line' id='line_1_17' title="bbox 721 3133 1888 3191; baseline 0.001 -3"><span class='ocrx_word' id='word_1_174' title='bbox 721 3133 851 3188; x_wconf 84' lang='grc' dir='ltr'>ΒΙΒΛΙΟΝ</span> <span class='ocrx_word' id='word_1_175' title='bbox 871 3133 941 3187; x_wconf 84' lang='grc' dir='ltr'><strong><em>ΜΖ’.</em></strong></span> <span class='ocrx_word' id='word_1_176' title='bbox 1636 3133 1753 3190; x_wconf 82' lang='lat' dir='ltr'>LIBER</span> <span class='ocrx_word' id='word_1_177' title='bbox 1770 3134 1888 3191; x_wconf 86' lang='lat' dir='ltr'>XLVII.</span> 
     </span>
    </p>
   </div>
   <div class='ocr_carea' id='block_1_10' title="bbox 270 3259 2298 3454">
    <p class='ocr_par' dir='ltr' id='par_1_10' title="bbox 270 3259 2298 3454">
     <span class='ocr_line' id='line_1_18' title="bbox 270 3259 2298 3346; baseline 0.002 -26"><span class='ocrx_word' id='word_1_178' title='bbox 270 3267 340 3320; x_wconf 62' lang='grc' dir='ltr'><strong><em>ια’.</em></strong></span> <span class='ocrx_word' id='word_1_179' title='bbox 444 3259 517 3346; x_wconf 77' lang='grc' dir='ltr'><strong><em>περὶ</em></strong></span> <span class='ocrx_word' id='word_1_180' title='bbox 541 3260 673 3346; x_wconf 81' lang='grc' dir='ltr'><strong><em>δωρεων</em></strong></span> <span class='ocrx_word' id='word_1_181' title='bbox 696 3270 763 3323; x_wconf 81' lang='grc' dir='ltr'><strong><em>τῶν</em></strong></span> <span class='ocrx_word' id='word_1_182' title='bbox 785 3264 819 3323; x_wconf 91' lang='grc' dir='ltr'><strong><em>ἐν</em></strong></span> <span class='ocrx_word' id='word_1_183' title='bbox 842 3260 921 3346; x_wconf 76' lang='grc' dir='ltr'><strong><em>ζωῇε</em></strong></span> <span class='ocrx_word' id='word_1_184' title='bbox 938 3297 981 3307; x_wconf 95' lang='grc'><strong>-</strong></span> <span class='ocrx_word' id='word_1_185' title='bbox 1375 3260 1414 3323; x_wconf 88' lang='lat' dir='ltr'><strong><em>de</em></strong></span> <span class='ocrx_word' id='word_1_186' title='bbox 1436 3260 1650 3325; x_wconf 81' lang='lat' dir='ltr'><strong>donationibus</strong></span> <span class='ocrx_word' id='word_1_187' title='bbox 1672 3261 1704 3325; x_wconf 92' lang='lat' dir='ltr'><strong><em>in</em></strong></span> <span class='ocrx_word' id='word_1_188' title='bbox 1726 3261 1791 3324; x_wconf 90' lang='lat' dir='ltr'><strong>vita</strong></span> <span class='ocrx_word' id='word_1_189' title='bbox 1812 3262 1909 3325; x_wconf 87' lang='lat' dir='ltr'><strong>faotis.</strong></span> <span class='ocrx_word' id='word_1_190' title='bbox 2246 3277 2298 3326; x_wconf 81' lang='lat' dir='ltr'><strong><em>tl.</em></strong></span> 
     </span>
     <span class='ocr_line' id='line_1_19' title="bbox 271 3364 2294 3454; baseline 0.002 -28"><span class='ocrx_word' id='word_1_191' title='bbox 271 3393 293 3427; x_wconf 79' lang='grc' dir='ltr'><strong><em>ι.</em></strong></span> <span class='ocrx_word' id='word_1_192' title='bbox 306 3374 341 3447; x_wconf 70' lang='grc' dir='ltr'><strong><em>γ.</em></strong></span> <span class='ocrx_word' id='word_1_193' title='bbox 445 3367 517 3454; x_wconf 75' lang='grc' dir='ltr'><strong><em>περὶ</em></strong></span> <span class='ocrx_word' id='word_1_194' title='bbox 541 3378 609 3431; x_wconf 79' lang='grc' dir='ltr'><strong><em>τῶν</em></strong></span> <span class='ocrx_word' id='word_1_195' title='bbox 629 3364 714 3449; x_wconf 87' lang='grc' dir='ltr'><strong><em>μετά</em></strong></span> <span class='ocrx_word' id='word_1_196' title='bbox 737 3367 896 3431; x_wconf 88' lang='grc' dir='ltr'><strong><em>θάνατον</em></strong></span> <span class='ocrx_word' id='word_1_197' title='bbox 918 3365 1063 3451; x_wconf 71' lang='grc' dir='ltr'><strong><em>δωρεῶντ</em></strong></span> <span class='ocrx_word' id='word_1_198' title='bbox 1375 3367 1505 3449; x_wconf 88' lang='lat' dir='ltr'><strong>depost</strong></span> <span class='ocrx_word' id='word_1_199' title='bbox 1526 3375 1652 3429; x_wconf 85' lang='lat' dir='ltr'><strong>mortem</strong></span> <span class='ocrx_word' id='word_1_200' title='bbox 1676 3367 1897 3431; x_wconf 83' lang='lat' dir='ltr'><strong>donationibus</strong></span> <span class='ocrx_word' id='word_1_201' title='bbox 2244 3381 2294 3431; x_wconf 77' lang='lat' dir='ltr'><strong><em>tt.</em></strong></span> 
     </span>
    </p>
   </div>
   <div class='ocr_carea' id='block_1_11' title="bbox 720 3542 1893 3599">
    <p class='ocr_par' dir='ltr' id='par_1_11' title="bbox 720 3542 1893 3599">
     <span class='ocr_line' id='line_1_20' title="bbox 720 3542 1893 3599; baseline 0.003 -3"><span class='ocrx_word' id='word_1_202' title='bbox 720 3542 851 3596; x_wconf 88' lang='grc' dir='ltr'>ΒΙΒΛΙΟΝ</span> <span class='ocrx_word' id='word_1_203' title='bbox 871 3542 940 3596; x_wconf 87' lang='grc' dir='ltr'><strong><em>ΜΗ’.</em></strong></span> <span class='ocrx_word' id='word_1_204' title='bbox 1627 3542 1744 3598; x_wconf 84' lang='lat' dir='ltr'>LIBER</span> <span class='ocrx_word' id='word_1_205' title='bbox 1760 3543 1893 3599; x_wconf 81' lang='lat' dir='ltr'>XLVIII.</span> 
     </span>
    </p>
   </div>
   <div class='ocr_carea' id='block_1_12' title="bbox 272 3668 2300 3969">
    <p class='ocr_par' dir='ltr' id='par_1_12' title="bbox 272 3668 2300 3969">
     <span class='ocr_line' id='line_1_21' title="bbox 272 3668 2288 3755; baseline 0 -26"><span class='ocrx_word' id='word_1_206' title='bbox 272 3696 294 3730; x_wconf 81' lang='grc' dir='ltr'><strong><em>ι.</em></strong></span> <span class='ocrx_word' id='word_1_207' title='bbox 307 3677 342 3729; x_wconf 83' lang='grc' dir='ltr'><strong><em>α’.</em></strong></span> <span class='ocrx_word' id='word_1_208' title='bbox 445 3668 518 3755; x_wconf 83' lang='grc' dir='ltr'><strong><em>περὶ</em></strong></span> <span class='ocrx_word' id='word_1_209' title='bbox 541 3668 750 3752; x_wconf 78' lang='grc' dir='ltr'><strong><em>ἐλευθεριωνι</em></strong></span> <span class='ocrx_word' id='word_1_210' title='bbox 766 3704 809 3716; x_wconf 91' lang='lat'>-</span> <span class='ocrx_word' id='word_1_211' title='bbox 1375 3670 1414 3731; x_wconf 91' lang='lat' dir='ltr'><strong><em>de</em></strong></span> <span class='ocrx_word' id='word_1_212' title='bbox 1435 3670 1731 3733; x_wconf 88' lang='lat' dir='ltr'><strong>manumissionibus.</strong></span> <span class='ocrx_word' id='word_1_213' title='bbox 1791 3682 1796 3689; x_wconf 83' lang='grc'>’</span> <span class='ocrx_word' id='word_1_214' title='bbox 2238 3682 2254 3731; x_wconf 80' lang='lat' dir='ltr'><strong><em>t.</em></strong></span> <span class='ocrx_word' id='word_1_215' title='bbox 2267 3684 2288 3731; x_wconf 89' lang='lat'><strong><em>1.</em></strong></span> 
     </span>
     <span class='ocr_line' id='line_1_22' title="bbox 274 3774 2292 3860; baseline 0.001 -25"><span class='ocrx_word' id='word_1_216' title='bbox 274 3802 296 3836; x_wconf 80' lang='grc' dir='ltr'><strong><em>τ.</em></strong></span> <span class='ocrx_word' id='word_1_217' title='bbox 309 3780 342 3853; x_wconf 72' lang='grc' dir='ltr'><strong><em>μ’.</em></strong></span> <span class='ocrx_word' id='word_1_218' title='bbox 445 3774 517 3860; x_wconf 75' lang='grc' dir='ltr'><strong><em>περὶ</em></strong></span> <span class='ocrx_word' id='word_1_219' title='bbox 540 3785 599 3852; x_wconf 79' lang='grc' dir='ltr'><strong><em>τῆς</em></strong></span> <span class='ocrx_word' id='word_1_220' title='bbox 622 3785 689 3838; x_wconf 82' lang='grc' dir='ltr'><strong><em>τῶν</em></strong></span> <span class='ocrx_word' id='word_1_221' title='bbox 704 3774 1002 3860; x_wconf 72' lang='grc' dir='ltr'><strong><em>ἐλευθερωθέντων</em></strong></span> <span class='ocrx_word' id='word_1_222' title='bbox 1017 3774 1222 3852; x_wconf 74' lang='grc' dir='ltr'><strong><em>ἐκδικήσεωςε</em></strong></span> <span class='ocrx_word' id='word_1_223' title='bbox 1239 3813 1281 3823; x_wconf 89' lang='grc'><strong>-</strong></span> <span class='ocrx_word' id='word_1_224' title='bbox 1376 3777 1414 3838; x_wconf 90' lang='lat' dir='ltr'><strong><em>de</em></strong></span> <span class='ocrx_word' id='word_1_225' title='bbox 1435 3777 1688 3839; x_wconf 76' lang='lat' dir='ltr'><strong>manumissorum</strong></span> <span class='ocrx_word' id='word_1_226' title='bbox 1709 3777 1921 3841; x_wconf 78' lang='lat' dir='ltr'><strong>vindicatione.</strong></span> <span class='ocrx_word' id='word_1_227' title='bbox 2241 3789 2292 3838; x_wconf 74' lang='grc' dir='ltr'><strong><em>ιι.</em></strong></span> 
     </span>
     <span class='ocr_line' id='line_1_23' title="bbox 273 3878 2300 3969; baseline 0.002 -27"><span class='ocrx_word' id='word_1_228' title='bbox 273 3890 342 3963; x_wconf 71' lang='grc' dir='ltr'><strong><em>ιγ.</em></strong></span> <span class='ocrx_word' id='word_1_229' title='bbox 446 3880 518 3966; x_wconf 83' lang='grc' dir='ltr'><strong><em>περὶ</em></strong></span> <span class='ocrx_word' id='word_1_230' title='bbox 541 3881 739 3966; x_wconf 74' lang='grc' dir='ltr'><strong><em>ἐλευθερίων</em></strong></span> <span class='ocrx_word' id='word_1_231' title='bbox 761 3879 889 3944; x_wconf 87' lang='grc' dir='ltr'><strong><em>δούλων</em></strong></span> <span class='ocrx_word' id='word_1_232' title='bbox 910 3892 978 3945; x_wconf 79' lang='grc' dir='ltr'><strong><em>τῶν</em></strong></span> <span class='ocrx_word' id='word_1_233' title='bbox 993 3885 1038 3956; x_wconf 81' lang='grc' dir='ltr'><strong><em>είς</em></strong></span> <span class='ocrx_word' id='word_1_234' title='bbox 1053 3880 1219 3946; x_wconf 85' lang='grc' dir='ltr'><strong><em>σύστασιν</em></strong></span> <span class='ocrx_word' id='word_1_235' title='bbox 1234 3878 1283 3956; x_wconf 68' lang='lat' dir='ltr'><strong><em>olo</em></strong></span> <span class='ocrx_word' id='word_1_236' title='bbox 1376 3882 1415 3945; x_wconf 89' lang='lat' dir='ltr'><strong><em>de</em></strong></span> <span class='ocrx_word' id='word_1_237' title='bbox 1437 3882 1724 3946; x_wconf 87' lang='lat' dir='ltr'><strong>manumissionibus</strong></span> <span class='ocrx_word' id='word_1_238' title='bbox 1747 3904 1901 3947; x_wconf 83' lang='lat' dir='ltr'><strong>servorum</strong></span> <span class='ocrx_word' id='word_1_239' title='bbox 1924 3886 1967 3947; x_wconf 89' lang='lat' dir='ltr'><strong>eis</strong></span> <span class='ocrx_word' id='word_1_240' title='bbox 1989 3887 2100 3967; x_wconf 91' lang='lat' dir='ltr'><strong>quibus</strong></span> <span class='ocrx_word' id='word_1_241' title='bbox 2123 3889 2213 3969; x_wconf 83' lang='lat' dir='ltr'><strong>perti-</strong></span> <span class='ocrx_word' id='word_1_242' title='bbox 2245 3896 2300 3946; x_wconf 63' lang='lat' dir='ltr'><strong><em>tur</em></strong></span> 
     </span>
    </p>
   </div>
   <div class='ocr_carea' id='block_1_13' title="bbox 379 3990 2140 4125">
    <p class='ocr_par' dir='ltr' id='par_1_13' title="bbox 379 3990 2140 4125">
     <span class='ocr_line' id='line_1_24' title="bbox 379 3990 2140 4125; baseline -0.017 -20"><span class='ocrx_word' id='word_1_243' title='bbox 379 4042 560 4118; x_wconf 79' lang='grc' dir='ltr'><strong><em>ἀνήκουσιν</em></strong></span> <span class='ocrx_word' id='word_1_244' title='bbox 582 4041 819 4122; x_wconf 73' lang='grc' dir='ltr'><strong><em>ἐπιτιθεμένων</em></strong></span> <span class='ocrx_word' id='word_1_245' title='bbox 841 4038 899 4104; x_wconf 83' lang='grc' dir='ltr'><strong><em>καλ</em></strong></span> <span class='ocrx_word' id='word_1_246' title='bbox 922 4001 946 4104; x_wconf 71' lang='grc' dir='ltr'><strong><em>π</em></strong></span> <span class='ocrx_word' id='word_1_247' title='bbox 968 4051 1036 4104; x_wconf 78' lang='grc' dir='ltr'><strong><em>τῶν</em></strong></span> <span class='ocrx_word' id='word_1_248' title='bbox 1055 4040 1285 4125; x_wconf 76' lang='grc' dir='ltr'><strong><em>ἀπελευθέρων</em></strong></span> <span class='ocrx_word' id='word_1_249' title='bbox 1311 3998 1384 4051; x_wconf 59' lang='lat' dir='ltr'>nent</span> <span class='ocrx_word' id='word_1_250' title='bbox 1405 3998 1553 4070; x_wconf 63' lang='lat' dir='ltr'>¹mP⁰⁸¹t¹⁸</span> <span class='ocrx_word' id='word_1_251' title='bbox 1575 3998 1608 4051; x_wconf 46' lang='grc' dir='ltr'><strong><em>θλ</em></strong></span> <span class='ocrx_word' id='word_1_252' title='bbox 1621 3990 1659 4053; x_wconf 61' lang='grc' dir='ltr'><strong><em>ἀθ</em></strong></span> <span class='ocrx_word' id='word_1_253' title='bbox 1677 4011 1871 4053; x_wconf 59' lang='lat' dir='ltr'><strong>mmmm</strong></span> <span class='ocrx_word' id='word_1_254' title='bbox 1893 4012 1925 4052; x_wconf 83' lang='lat'><strong><em>¹¹¹</em></strong></span> <span class='ocrx_word' id='word_1_255' title='bbox 1948 4000 2140 4056; x_wconf 55' lang='lat' dir='ltr'><strong><em>mimum·</em></strong></span> 
     </span>
    </p>
   </div>
   <div class='ocr_carea' id='block_1_14' title="bbox 380 4146 597 4233">
    <p class='ocr_par' dir='ltr' id='par_1_14' title="bbox 380 4146 597 4233">
     <span class='ocr_line' id='line_1_25' title="bbox 380 4146 597 4233; baseline -0.005 -23"><span class='ocrx_word' id='word_1_256' title='bbox 380 4152 414 4210; x_wconf 94' lang='grc' dir='ltr'><strong><em>ἐν</em></strong></span> <span class='ocrx_word' id='word_1_257' title='bbox 436 4146 597 4233; x_wconf 81' lang='grc' dir='ltr'><strong><em>διαθήκῃ.</em></strong></span> 
     </span>
    </p>
   </div>
   <div class='ocr_carea' id='block_1_15' title="bbox 275 4249 2304 4445">
    <p class='ocr_par' dir='ltr' id='par_1_15' title="bbox 275 4249 2304 4445">
     <span class='ocr_line' id='line_1_26' title="bbox 275 4249 2304 4341; baseline 0.002 -27"><span class='ocrx_word' id='word_1_258' title='bbox 275 4281 297 4316; x_wconf 81' lang='grc' dir='ltr'><strong><em>ι.</em></strong></span> <span class='ocrx_word' id='word_1_259' title='bbox 311 4260 343 4315; x_wconf 81' lang='grc' dir='ltr'><strong><em>δ’.</em></strong></span> <span class='ocrx_word' id='word_1_260' title='bbox 447 4252 520 4339; x_wconf 88' lang='grc' dir='ltr'><strong><em>περλ</em></strong></span> <span class='ocrx_word' id='word_1_261' title='bbox 543 4264 610 4317; x_wconf 80' lang='grc' dir='ltr'><strong><em>τῶν</em></strong></span> <span class='ocrx_word' id='word_1_262' title='bbox 633 4249 690 4316; x_wconf 87' lang='grc' dir='ltr'><strong><em>διά</em></strong></span> <span class='ocrx_word' id='word_1_263' title='bbox 711 4257 814 4334; x_wconf 80' lang='grc' dir='ltr'><strong><em>μέσον</em></strong></span> <span class='ocrx_word' id='word_1_264' title='bbox 836 4256 1018 4339; x_wconf 82' lang='grc' dir='ltr'><strong><em>προσώπου</em></strong></span> <span class='ocrx_word' id='word_1_265' title='bbox 1037 4254 1284 4341; x_wconf 80' lang='grc' dir='ltr'><strong><em>καταλειφθέν·</em></strong></span> <span class='ocrx_word' id='word_1_266' title='bbox 1378 4255 1417 4317; x_wconf 83' lang='lat' dir='ltr'><strong><em>de</em></strong></span> <span class='ocrx_word' id='word_1_267' title='bbox 1439 4256 1475 4317; x_wconf 89' lang='lat' dir='ltr'><strong>iis</strong></span> <span class='ocrx_word' id='word_1_268' title='bbox 1498 4256 1609 4337; x_wconf 89' lang='lat' dir='ltr'><strong>quibus</strong></span> <span class='ocrx_word' id='word_1_269' title='bbox 1630 4278 1686 4339; x_wconf 86' lang='lat' dir='ltr'><strong><em>por</em></strong></span> <span class='ocrx_word' id='word_1_270' title='bbox 1708 4258 1838 4319; x_wconf 88' lang='lat' dir='ltr'><strong>mediam</strong></span> <span class='ocrx_word' id='word_1_271' title='bbox 1861 4278 2021 4340; x_wconf 85' lang='lat' dir='ltr'><strong>personam</strong></span> <span class='ocrx_word' id='word_1_272' title='bbox 2044 4259 2150 4321; x_wconf 84' lang='lat' dir='ltr'><strong>relicta</strong></span> <span class='ocrx_word' id='word_1_273' title='bbox 2166 4269 2216 4322; x_wconf 86' lang='lat' dir='ltr'><strong>est</strong></span> <span class='ocrx_word' id='word_1_274' title='bbox 2251 4270 2268 4320; x_wconf 81' lang='grc' dir='ltr'><strong><em>ι.</em></strong></span> <span class='ocrx_word' id='word_1_275' title='bbox 2281 4271 2304 4319; x_wconf 81' lang='grc'><strong><em>4.</em></strong></span> 
     </span>
     <span class='ocr_line' id='line_1_27' title="bbox 382 4360 1444 4445; baseline -0.001 -21"><span class='ocrx_word' id='word_1_276' title='bbox 382 4382 449 4424; x_wconf 91' lang='grc' dir='ltr'><strong><em>των</em></strong></span> <span class='ocrx_word' id='word_1_277' title='bbox 471 4360 754 4445; x_wconf 81' lang='grc' dir='ltr'><strong><em>ἐλευθερωθῆναι.</em></strong></span> <span class='ocrx_word' id='word_1_278' title='bbox 1311 4361 1444 4425; x_wconf 85' lang='lat' dir='ltr'><strong>libertas.</strong></span> 
     </span>
    </p>
   </div>
   <div class='ocr_carea' id='block_1_16' title="bbox 269 4479 2338 6000">
    <p class='ocr_par' dir='ltr' id='par_1_16' title="bbox 269 4479 2338 6000">
     <span class='ocr_line' id='line_1_28' title="bbox 281 4479 2306 4607; baseline 0.002 -25"><span class='ocrx_word' id='word_1_279' title='bbox 281 4549 302 4582; x_wconf 83' lang='grc' dir='ltr'><strong><em>ι.</em></strong></span> <span class='ocrx_word' id='word_1_280' title='bbox 316 4529 346 4583; x_wconf 77' lang='grc' dir='ltr'><strong><em>ε’.</em></strong></span> <span class='ocrx_word' id='word_1_281' title='bbox 450 4479 472 4583; x_wconf 75' lang='lat' dir='ltr'><strong><em>lc</em></strong></span> <span class='ocrx_word' id='word_1_282' title='bbox 495 4521 704 4607; x_wconf 84' lang='grc' dir='ltr'><strong><em>ἀφαιρέσεως</em></strong></span> <span class='ocrx_word' id='word_1_283' title='bbox 726 4520 918 4605; x_wconf 76' lang='grc' dir='ltr'><strong><em>ἐλευθερίας</em></strong></span> <span class='ocrx_word' id='word_1_284' title='bbox 945 4519 1002 4584; x_wconf 86' lang='grc' dir='ltr'><strong><em>καλ</em></strong></span> <span class='ocrx_word' id='word_1_285' title='bbox 1026 4520 1099 4606; x_wconf 78' lang='grc' dir='ltr'><strong><em>περὶ</em></strong></span> <span class='ocrx_word' id='word_1_286' title='bbox 1127 4531 1195 4586; x_wconf 78' lang='grc' dir='ltr'><strong><em>τῶν</em></strong></span> <span class='ocrx_word' id='word_1_287' title='bbox 1222 4519 1285 4586; x_wconf 80' lang='grc' dir='ltr'><strong><em>ὑπὸ</em></strong></span> <span class='ocrx_word' id='word_1_288' title='bbox 1378 4522 1418 4584; x_wconf 91' lang='lat' dir='ltr'><strong><em>de</em></strong></span> <span class='ocrx_word' id='word_1_289' title='bbox 1439 4523 1632 4605; x_wconf 85' lang='lat' dir='ltr'><strong>ademptione</strong></span> <span class='ocrx_word' id='word_1_290' title='bbox 1659 4522 1807 4585; x_wconf 89' lang='lat' dir='ltr'><strong>libertatis</strong></span> <span class='ocrx_word' id='word_1_291' title='bbox 1833 4533 1865 4586; x_wconf 84' lang='lat' dir='ltr'><strong><em>et</em></strong></span> <span class='ocrx_word' id='word_1_292' title='bbox 1890 4525 1929 4587; x_wconf 91' lang='lat' dir='ltr'><strong><em>de</em></strong></span> <span class='ocrx_word' id='word_1_293' title='bbox 1950 4546 1989 4587; x_wconf 86' lang='lat' dir='ltr'><strong><em>ex</em></strong></span> <span class='ocrx_word' id='word_1_294' title='bbox 2011 4525 2061 4587; x_wconf 86' lang='lat' dir='ltr'><strong><em>die</em></strong></span> <span class='ocrx_word' id='word_1_295' title='bbox 2083 4526 2134 4589; x_wconf 86' lang='lat' dir='ltr'><strong><em>vel</em></strong></span> <span class='ocrx_word' id='word_1_296' title='bbox 2157 4528 2216 4590; x_wconf 81' lang='lat' dir='ltr'><strong>sub</strong></span> <span class='ocrx_word' id='word_1_297' title='bbox 2254 4539 2271 4589; x_wconf 81' lang='lat' dir='ltr'><strong><em>t.</em></strong></span> <span class='ocrx_word' id='word_1_298' title='bbox 2284 4539 2306 4588; x_wconf 79' lang='grc' dir='ltr'><strong><em>ε.</em></strong></span> 
     </span>
     <span class='ocr_line' id='line_1_29' title="bbox 382 4618 2338 4713; baseline 0.002 -24"><span class='ocrx_word' id='word_1_299' title='bbox 382 4630 507 4713; x_wconf 73' lang='grc' dir='ltr'><strong><em>ἡμέραν</em></strong></span> <span class='ocrx_word' id='word_1_300' title='bbox 529 4625 549 4704; x_wconf 83' lang='grc' dir='ltr'><strong><em>ή</em></strong></span> <span class='ocrx_word' id='word_1_301' title='bbox 572 4624 700 4709; x_wconf 80' lang='grc' dir='ltr'><strong><em>αἵρεσιν</em></strong></span> <span class='ocrx_word' id='word_1_302' title='bbox 722 4627 1029 4712; x_wconf 85' lang='grc' dir='ltr'><strong><em>ἐλευθερωθέντων.</em></strong></span> <span class='ocrx_word' id='word_1_303' title='bbox 1312 4630 1487 4691; x_wconf 91' lang='lat' dir='ltr'><strong>ooudioione</strong></span> <span class='ocrx_word' id='word_1_304' title='bbox 1509 4630 1711 4691; x_wconf 87' lang='lat' dir='ltr'><strong>manumissis.</strong></span> <span class='ocrx_word' id='word_1_305' title='bbox 2012 4643 2020 4658; x_wconf 91' lang='grc'><em>·</em></span> <span class='ocrx_word' id='word_1_306' title='bbox 2335 4618 2338 4623; x_wconf 49' lang='grc'><strong><em>’</em></strong></span> 
     </span>
     <span class='ocr_line' id='line_1_30' title="bbox 276 4731 2308 4824; baseline 0.002 -28"><span class='ocrx_word' id='word_1_307' title='bbox 276 4762 298 4796; x_wconf 84' lang='grc' dir='ltr'><strong><em>τ.</em></strong></span> <span class='ocrx_word' id='word_1_308' title='bbox 311 4742 347 4807; x_wconf 62' lang='grc' dir='ltr'><strong><em>ς.</em></strong></span> <span class='ocrx_word' id='word_1_309' title='bbox 453 4731 577 4807; x_wconf 85' lang='grc' dir='ltr'><strong><em>Οίτινες</em></strong></span> <span class='ocrx_word' id='word_1_310' title='bbox 599 4734 678 4796; x_wconf 85' lang='grc' dir='ltr'><strong><em>ἀνευ</em></strong></span> <span class='ocrx_word' id='word_1_311' title='bbox 699 4732 891 4819; x_wconf 79' lang='grc' dir='ltr'><strong><em>ἐλευθερίας</em></strong></span> <span class='ocrx_word' id='word_1_312' title='bbox 911 4738 955 4808; x_wconf 84' lang='grc' dir='ltr'><strong><em>είς</em></strong></span> <span class='ocrx_word' id='word_1_313' title='bbox 970 4734 1164 4818; x_wconf 76' lang='grc' dir='ltr'><strong><em>ἐλευθερίαν</em></strong></span> <span class='ocrx_word' id='word_1_314' title='bbox 1177 4737 1286 4820; x_wconf 90' lang='grc' dir='ltr'><strong><em>μετέρ-</em></strong></span> <span class='ocrx_word' id='word_1_315' title='bbox 1379 4736 1443 4814; x_wconf 76' lang='lat' dir='ltr'><strong><em>Qui</em></strong></span> <span class='ocrx_word' id='word_1_316' title='bbox 1480 4736 1544 4797; x_wconf 87' lang='lat' dir='ltr'><strong>sine</strong></span> <span class='ocrx_word' id='word_1_317' title='bbox 1585 4737 1820 4799; x_wconf 85' lang='lat' dir='ltr'><strong>manumissione</strong></span> <span class='ocrx_word' id='word_1_318' title='bbox 1856 4737 1896 4799; x_wconf 91' lang='lat' dir='ltr'><strong><em>ad</em></strong></span> <span class='ocrx_word' id='word_1_319' title='bbox 1938 4738 2111 4802; x_wconf 88' lang='lat' dir='ltr'><strong>libertatem</strong></span> <span class='ocrx_word' id='word_1_320' title='bbox 2148 4762 2215 4824; x_wconf 86' lang='lat' dir='ltr'><strong>per·</strong></span> <span class='ocrx_word' id='word_1_321' title='bbox 2254 4753 2272 4803; x_wconf 80' lang='lat' dir='ltr'><strong><em>t.</em></strong></span> <span class='ocrx_word' id='word_1_322' title='bbox 2285 4752 2308 4801; x_wconf 81' lang='grc'><strong><em>6.</em></strong></span> 
     </span>
     <span class='ocr_line' id='line_1_31' title="bbox 380 4844 1445 4919; baseline 0 -15"><span class='ocrx_word' id='word_1_323' title='bbox 380 4862 511 4919; x_wconf 82' lang='grc' dir='ltr'><strong><em>χονται.</em></strong></span> <span class='ocrx_word' id='word_1_324' title='bbox 1314 4844 1445 4905; x_wconf 85' lang='lat' dir='ltr'><strong>veniant</strong></span> 
     </span>
     <span class='ocr_line' id='line_1_32' title="bbox 281 4942 2308 5033; baseline 0.002 -24"><span class='ocrx_word' id='word_1_325' title='bbox 281 4975 303 5009; x_wconf 82' lang='grc' dir='ltr'><strong><em>τ.</em></strong></span> <span class='ocrx_word' id='word_1_326' title='bbox 317 4955 346 5018; x_wconf 69' lang='grc' dir='ltr'><strong><em>ξ.</em></strong></span> <span class='ocrx_word' id='word_1_327' title='bbox 450 4947 534 5020; x_wconf 88' lang='grc' dir='ltr'><strong><em>τίνες</em></strong></span> <span class='ocrx_word' id='word_1_328' title='bbox 556 4944 613 5010; x_wconf 82' lang='grc' dir='ltr'><strong><em>καλ</em></strong></span> <span class='ocrx_word' id='word_1_329' title='bbox 636 4942 730 5028; x_wconf 90' lang='grc' dir='ltr'><strong><em>παρά</em></strong></span> <span class='ocrx_word' id='word_1_330' title='bbox 752 4947 852 5010; x_wconf 87' lang='grc' dir='ltr'><strong><em>τίνων</em></strong></span> <span class='ocrx_word' id='word_1_331' title='bbox 871 4946 1040 5033; x_wconf 80' lang='grc' dir='ltr'><strong><em>ἐλεύθεροι</em></strong></span> <span class='ocrx_word' id='word_1_332' title='bbox 1065 4948 1105 5011; x_wconf 84' lang='grc' dir='ltr'><strong><em>οὐ</em></strong></span> <span class='ocrx_word' id='word_1_333' title='bbox 1126 4949 1286 5029; x_wconf 87' lang='grc' dir='ltr'><strong><em>γίνονται.</em></strong></span> <span class='ocrx_word' id='word_1_334' title='bbox 1379 4950 1484 5030; x_wconf 88' lang='lat' dir='ltr'><strong>quiet</strong></span> <span class='ocrx_word' id='word_1_335' title='bbox 1507 4949 1659 5030; x_wconf 88' lang='lat' dir='ltr'><strong>aquibus</strong></span> <span class='ocrx_word' id='word_1_336' title='bbox 1681 4969 1742 5011; x_wconf 95' lang='lat' dir='ltr'><strong><em>non</em></strong></span> <span class='ocrx_word' id='word_1_337' title='bbox 1764 4949 1840 5013; x_wconf 86' lang='lat' dir='ltr'><strong>fiant</strong></span> <span class='ocrx_word' id='word_1_338' title='bbox 1862 4951 1958 5014; x_wconf 81' lang='lat' dir='ltr'><strong>liberi.</strong></span> <span class='ocrx_word' id='word_1_339' title='bbox 2255 4966 2272 5016; x_wconf 84' lang='lat' dir='ltr'><strong><em>t.</em></strong></span> <span class='ocrx_word' id='word_1_340' title='bbox 2286 4965 2308 5015; x_wconf 76' lang='lat' dir='ltr'><strong><em>t.</em></strong></span> 
     </span>
     <span class='ocr_line' id='line_1_33' title="bbox 279 5051 2309 5137; baseline 0.002 -21"><span class='ocrx_word' id='word_1_341' title='bbox 279 5082 301 5116; x_wconf 79' lang='grc' dir='ltr'><strong><em>τ.</em></strong></span> <span class='ocrx_word' id='word_1_342' title='bbox 315 5062 347 5129; x_wconf 77' lang='grc' dir='ltr'><strong><em>η’.</em></strong></span> <span class='ocrx_word' id='word_1_343' title='bbox 450 5051 521 5137; x_wconf 81' lang='grc' dir='ltr'><strong><em>περὶ</em></strong></span> <span class='ocrx_word' id='word_1_344' title='bbox 545 5053 743 5136; x_wconf 81' lang='grc' dir='ltr'><strong><em>ἐλευθεριων</em></strong></span> <span class='ocrx_word' id='word_1_345' title='bbox 764 5053 887 5127; x_wconf 72' lang='grc' dir='ltr'><strong><em>αἰτίαςε</em></strong></span> <span class='ocrx_word' id='word_1_346' title='bbox 906 5090 945 5100; x_wconf 94' lang='grc'>-</span> <span class='ocrx_word' id='word_1_347' title='bbox 1380 5056 1419 5118; x_wconf 88' lang='lat' dir='ltr'><strong><em>de</em></strong></span> <span class='ocrx_word' id='word_1_348' title='bbox 1440 5056 1709 5117; x_wconf 91' lang='lat' dir='ltr'><strong>manumissionum</strong></span> <span class='ocrx_word' id='word_1_349' title='bbox 1733 5077 1834 5119; x_wconf 82' lang='lat' dir='ltr'><strong>eausa</strong></span> <span class='ocrx_word' id='word_1_350' title='bbox 2254 5073 2272 5123; x_wconf 84' lang='lat' dir='ltr'><strong><em>t.</em></strong></span> <span class='ocrx_word' id='word_1_351' title='bbox 2285 5073 2309 5122; x_wconf 81' lang='lat'><strong><em>8.</em></strong></span> 
     </span>
     <span class='ocr_line' id='line_1_34' title="bbox 272 5152 2309 5246; baseline 0.002 -24"><span class='ocrx_word' id='word_1_352' title='bbox 272 5189 295 5222; x_wconf 81' lang='grc' dir='ltr'><strong><em>ι.</em></strong></span> <span class='ocrx_word' id='word_1_353' title='bbox 308 5169 348 5222; x_wconf 69' lang='grc' dir='ltr'><strong><em>ἐν.</em></strong></span> <span class='ocrx_word' id='word_1_354' title='bbox 452 5162 515 5224; x_wconf 90' lang='grc' dir='ltr'><strong><em>τίνι</em></strong></span> <span class='ocrx_word' id='word_1_355' title='bbox 539 5158 622 5244; x_wconf 84' lang='grc' dir='ltr'><strong><em>πρὸς</em></strong></span> <span class='ocrx_word' id='word_1_356' title='bbox 644 5160 839 5246; x_wconf 81' lang='grc' dir='ltr'><strong><em>ἐλευθερίαν</em></strong></span> <span class='ocrx_word' id='word_1_357' title='bbox 861 5161 1017 5245; x_wconf 78' lang='grc' dir='ltr'><strong><em>ἀναβοᾶν</em></strong></span> <span class='ocrx_word' id='word_1_358' title='bbox 1039 5161 1100 5224; x_wconf 85' lang='grc' dir='ltr'><strong><em>οὐκ</em></strong></span> <span class='ocrx_word' id='word_1_359' title='bbox 1122 5161 1256 5244; x_wconf 77' lang='grc' dir='ltr'><strong><em>ἔξεστιν.</em></strong></span> <span class='ocrx_word' id='word_1_360' title='bbox 1380 5162 1491 5243; x_wconf 88' lang='lat' dir='ltr'><strong>quibus</strong></span> <span class='ocrx_word' id='word_1_361' title='bbox 1514 5161 1553 5224; x_wconf 86' lang='lat' dir='ltr'><strong><em>ad</em></strong></span> <span class='ocrx_word' id='word_1_362' title='bbox 1575 5162 1748 5225; x_wconf 85' lang='lat' dir='ltr'><strong>libertatem</strong></span> <span class='ocrx_word' id='word_1_363' title='bbox 1770 5164 1959 5245; x_wconf 77' lang='lat' dir='ltr'><strong>proclamare</strong></span> <span class='ocrx_word' id='word_1_364' title='bbox 1980 5152 2041 5228; x_wconf 83' lang='lat' dir='ltr'><strong><em>non</em></strong></span> <span class='ocrx_word' id='word_1_365' title='bbox 2064 5168 2141 5243; x_wconf 71' lang='lat' dir='ltr'><strong>lieet</strong></span> <span class='ocrx_word' id='word_1_366' title='bbox 2255 5179 2272 5229; x_wconf 81' lang='grc' dir='ltr'><strong><em>ι.</em></strong></span> <span class='ocrx_word' id='word_1_367' title='bbox 2285 5179 2309 5228; x_wconf 79' lang='lat' dir='ltr'><strong>a.</strong></span> 
     </span>
     <span class='ocr_line' id='line_1_35' title="bbox 288 5263 2325 5350; baseline 0.003 -23"><span class='ocrx_word' id='word_1_368' title='bbox 288 5295 310 5328; x_wconf 80' lang='grc' dir='ltr'><strong><em>ι.</em></strong></span> <span class='ocrx_word' id='word_1_369' title='bbox 323 5275 349 5327; x_wconf 83' lang='grc' dir='ltr'><strong><em>ι’.</em></strong></span> <span class='ocrx_word' id='word_1_370' title='bbox 452 5264 510 5332; x_wconf 89' lang='grc' dir='ltr'><strong><em>ἐάν</em></strong></span> <span class='ocrx_word' id='word_1_371' title='bbox 532 5268 660 5349; x_wconf 79' lang='grc' dir='ltr'><strong><em>εὐγενής</em></strong></span> <span class='ocrx_word' id='word_1_372' title='bbox 682 5263 763 5331; x_wconf 80' lang='grc' dir='ltr'><strong><em>εἶναι</em></strong></span> <span class='ocrx_word' id='word_1_373' title='bbox 787 5267 927 5348; x_wconf 74' lang='grc' dir='ltr'><strong><em>λέγεταιε</em></strong></span> <span class='ocrx_word' id='word_1_374' title='bbox 944 5304 986 5316; x_wconf 93' lang='grc'>-</span> <span class='ocrx_word' id='word_1_375' title='bbox 1381 5270 1434 5350; x_wconf 92' lang='lat' dir='ltr'><strong><em>qui</em></strong></span> <span class='ocrx_word' id='word_1_376' title='bbox 1457 5269 1604 5349; x_wconf 82' lang='lat' dir='ltr'><strong>ingenuus</strong></span> <span class='ocrx_word' id='word_1_377' title='bbox 1627 5290 1695 5332; x_wconf 89' lang='lat' dir='ltr'><strong>esse</strong></span> <span class='ocrx_word' id='word_1_378' title='bbox 1716 5270 1844 5334; x_wconf 75' lang='lat' dir='ltr'><strong>dicatur.</strong></span> <span class='ocrx_word' id='word_1_379' title='bbox 2255 5286 2272 5336; x_wconf 83' lang='grc' dir='ltr'><strong><em>ι.</em></strong></span> <span class='ocrx_word' id='word_1_380' title='bbox 2287 5284 2325 5334; x_wconf 87' lang='lat'><strong><em>10.</em></strong></span> 
     </span>
     <span class='ocr_line' id='line_1_36' title="bbox 270 5373 2325 5460; baseline 0.001 -24"><span class='ocrx_word' id='word_1_381' title='bbox 270 5383 350 5456; x_wconf 69' lang='grc' dir='ltr'><strong><em>τιγ.</em></strong></span> <span class='ocrx_word' id='word_1_382' title='bbox 453 5373 525 5460; x_wconf 86' lang='grc' dir='ltr'><strong><em>περλ</em></strong></span> <span class='ocrx_word' id='word_1_383' title='bbox 553 5385 620 5438; x_wconf 80' lang='grc' dir='ltr'><strong><em>τῶν</em></strong></span> <span class='ocrx_word' id='word_1_384' title='bbox 652 5376 758 5438; x_wconf 88' lang='grc' dir='ltr'><strong><em>πίστει</em></strong></span> <span class='ocrx_word' id='word_1_385' title='bbox 789 5375 1128 5457; x_wconf 85' lang='grc' dir='ltr'><strong><em>καταλιμπανομένων</em></strong></span> <span class='ocrx_word' id='word_1_386' title='bbox 1159 5374 1287 5438; x_wconf 87' lang='grc' dir='ltr'><strong><em>ἐλευθε-</em></strong></span> <span class='ocrx_word' id='word_1_387' title='bbox 1381 5375 1420 5436; x_wconf 93' lang='lat' dir='ltr'><strong><em>de</em></strong></span> <span class='ocrx_word' id='word_1_388' title='bbox 1441 5396 1496 5457; x_wconf 83' lang='lat' dir='ltr'><strong><em>per</em></strong></span> <span class='ocrx_word' id='word_1_389' title='bbox 1516 5375 1747 5439; x_wconf 78' lang='lat' dir='ltr'><strong>fideicommissa</strong></span> <span class='ocrx_word' id='word_1_390' title='bbox 1769 5378 1882 5442; x_wconf 77' lang='lat' dir='ltr'><strong>relictis</strong></span> <span class='ocrx_word' id='word_1_391' title='bbox 1903 5379 2104 5444; x_wconf 82' lang='lat' dir='ltr'><strong>libertatibus.</strong></span> <span class='ocrx_word' id='word_1_392' title='bbox 2255 5393 2273 5443; x_wconf 79' lang='grc' dir='ltr'><strong><em>ι.</em></strong></span> <span class='ocrx_word' id='word_1_393' title='bbox 2287 5391 2325 5441; x_wconf 79' lang='lat'><strong><em>13.</em></strong></span> 
     </span>
     <span class='ocr_line' id='line_1_37' title="bbox 387 5492 476 5565; baseline 0 -21"><span class='ocrx_word' id='word_1_394' title='bbox 387 5492 476 5565; x_wconf 80' lang='grc' dir='ltr'><strong><em>ριῶν.</em></strong></span> 
     </span>
     <span class='ocr_line' id='line_1_38' title="bbox 272 5586 2327 5673; baseline 0.002 -24"><span class='ocrx_word' id='word_1_395' title='bbox 272 5616 295 5649; x_wconf 81' lang='grc' dir='ltr'><strong><em>τ.</em></strong></span> <span class='ocrx_word' id='word_1_396' title='bbox 309 5595 349 5649; x_wconf 85' lang='grc' dir='ltr'><strong><em>ιε’.</em></strong></span> <span class='ocrx_word' id='word_1_397' title='bbox 453 5586 525 5673; x_wconf 79' lang='grc' dir='ltr'><strong><em>περὶ</em></strong></span> <span class='ocrx_word' id='word_1_398' title='bbox 549 5586 856 5673; x_wconf 86' lang='grc' dir='ltr'><strong><em>....χυροδοσίας</em></strong></span> <span class='ocrx_word' id='word_1_399' title='bbox 878 5587 1187 5673; x_wconf 74' lang='grc' dir='ltr'><strong><em>ἀπελευθερώσεωςι</em></strong></span> <span class='ocrx_word' id='word_1_400' title='bbox 1204 5625 1246 5635; x_wconf 96' lang='grc'>-</span> <span class='ocrx_word' id='word_1_401' title='bbox 1381 5588 1419 5651; x_wconf 95' lang='lat' dir='ltr'><strong><em>de</em></strong></span> <span class='ocrx_word' id='word_1_402' title='bbox 1441 5608 1546 5650; x_wconf 84' lang='lat' dir='ltr'><strong>eorum</strong></span> <span class='ocrx_word' id='word_1_403' title='bbox 1569 5589 1622 5671; x_wconf 92' lang='lat' dir='ltr'><strong><em>qui</em></strong></span> <span class='ocrx_word' id='word_1_404' title='bbox 1643 5591 1761 5672; x_wconf 87' lang='lat' dir='ltr'><strong>pigneri</strong></span> <span class='ocrx_word' id='word_1_405' title='bbox 1782 5591 1847 5653; x_wconf 85' lang='lat' dir='ltr'><strong>dati</strong></span> <span class='ocrx_word' id='word_1_406' title='bbox 1870 5603 1942 5656; x_wconf 89' lang='lat' dir='ltr'><strong>sunt</strong></span> <span class='ocrx_word' id='word_1_407' title='bbox 1963 5595 2207 5659; x_wconf 84' lang='lat' dir='ltr'><strong>manumissione</strong></span> <span class='ocrx_word' id='word_1_408' title='bbox 2255 5607 2273 5656; x_wconf 83' lang='grc' dir='ltr'><strong><em>ι.</em></strong></span> <span class='ocrx_word' id='word_1_409' title='bbox 2287 5604 2327 5655; x_wconf 80' lang='lat' dir='ltr'><strong><em>lo.</em></strong></span> 
     </span>
     <span class='ocr_line' id='line_1_39' title="bbox 269 5692 2325 5780; baseline 0.002 -24"><span class='ocrx_word' id='word_1_410' title='bbox 269 5722 292 5756; x_wconf 84' lang='lat'><strong><em>1.</em></strong></span> <span class='ocrx_word' id='word_1_411' title='bbox 305 5702 350 5766; x_wconf 62' lang='grc' dir='ltr'><strong><em>ιζ.</em></strong></span> <span class='ocrx_word' id='word_1_412' title='bbox 454 5695 530 5779; x_wconf 90' lang='grc' dir='ltr'><strong><em>περί</em></strong></span> <span class='ocrx_word' id='word_1_413' title='bbox 546 5716 646 5758; x_wconf 86' lang='grc' dir='ltr'><strong><em>τινων</em></strong></span> <span class='ocrx_word' id='word_1_414' title='bbox 661 5692 754 5780; x_wconf 86' lang='grc' dir='ltr'><strong><em>παρά</em></strong></span> <span class='ocrx_word' id='word_1_415' title='bbox 769 5693 933 5760; x_wconf 87' lang='grc' dir='ltr'><strong><em>δεσπότου</em></strong></span> <span class='ocrx_word' id='word_1_416' title='bbox 952 5694 1286 5779; x_wconf 76' lang='grc' dir='ltr'><strong><em>ἐλινθερωμένωνε-</em></strong></span> <span class='ocrx_word' id='word_1_417' title='bbox 1381 5694 1420 5758; x_wconf 89' lang='lat' dir='ltr'><strong><em>de</em></strong></span> <span class='ocrx_word' id='word_1_418' title='bbox 1442 5694 1625 5776; x_wconf 81' lang='lat' dir='ltr'><strong>quibusdam</strong></span> <span class='ocrx_word' id='word_1_419' title='bbox 1648 5717 1668 5759; x_wconf 90' lang='lat' dir='ltr'><strong><em>a</em></strong></span> <span class='ocrx_word' id='word_1_420' title='bbox 1690 5698 1813 5760; x_wconf 89' lang='lat' dir='ltr'><strong>domino</strong></span> <span class='ocrx_word' id='word_1_421' title='bbox 1836 5719 1930 5762; x_wconf 87' lang='lat' dir='ltr'><strong>manu</strong></span> <span class='ocrx_word' id='word_1_422' title='bbox 1952 5702 2059 5764; x_wconf 80' lang='lat' dir='ltr'><strong>missis</strong></span> <span class='ocrx_word' id='word_1_423' title='bbox 2255 5714 2273 5765; x_wconf 84' lang='lat' dir='ltr'><strong><em>t.</em></strong></span> <span class='ocrx_word' id='word_1_424' title='bbox 2287 5712 2325 5762; x_wconf 83' lang='grc' dir='ltr'><strong><em>ιε.</em></strong></span> 
     </span>
     <span class='ocr_line' id='line_1_40' title="bbox 272 5797 2326 5888; baseline 0.002 -26"><span class='ocrx_word' id='word_1_425' title='bbox 272 5828 295 5863; x_wconf 82' lang='grc' dir='ltr'><strong><em>ι.</em></strong></span> <span class='ocrx_word' id='word_1_426' title='bbox 307 5809 350 5877; x_wconf 77' lang='grc' dir='ltr'><strong><em>ιη’.</em></strong></span> <span class='ocrx_word' id='word_1_427' title='bbox 453 5802 535 5886; x_wconf 80' lang='grc' dir='ltr'><strong><em>ὑπὲρ</em></strong></span> <span class='ocrx_word' id='word_1_428' title='bbox 549 5797 596 5865; x_wconf 82' lang='grc' dir='ltr'><strong><em>ὧν</em></strong></span> <span class='ocrx_word' id='word_1_429' title='bbox 611 5804 728 5865; x_wconf 68' lang='lat' dir='ltr'><strong>alsede</strong></span> <span class='ocrx_word' id='word_1_430' title='bbox 742 5803 776 5865; x_wconf 87' lang='lat' dir='ltr'><strong><em>ol</em></strong></span> <span class='ocrx_word' id='word_1_431' title='bbox 783 5800 895 5867; x_wconf 78' lang='grc' dir='ltr'><strong><em>δοῦλοι</em></strong></span> <span class='ocrx_word' id='word_1_432' title='bbox 910 5802 1065 5869; x_wconf 84' lang='grc' dir='ltr'><strong><em>έπαθλον</em></strong></span> <span class='ocrx_word' id='word_1_433' title='bbox 1079 5800 1287 5886; x_wconf 73' lang='grc' dir='ltr'><strong><em>λαμβάνουσι</em></strong></span> <span class='ocrx_word' id='word_1_434' title='bbox 1381 5801 1493 5883; x_wconf 87' lang='lat' dir='ltr'><strong>quibus</strong></span> <span class='ocrx_word' id='word_1_435' title='bbox 1515 5823 1555 5865; x_wconf 83' lang='lat' dir='ltr'><strong><em>ex</em></strong></span> <span class='ocrx_word' id='word_1_436' title='bbox 1575 5805 1675 5867; x_wconf 80' lang='lat' dir='ltr'><strong>causis</strong></span> <span class='ocrx_word' id='word_1_437' title='bbox 1697 5806 1775 5869; x_wconf 83' lang='lat' dir='ltr'><strong>servi</strong></span> <span class='ocrx_word' id='word_1_438' title='bbox 1795 5807 1965 5888; x_wconf 71' lang='lat' dir='ltr'><strong>prumiam</strong></span> <span class='ocrx_word' id='word_1_439' title='bbox 1992 5807 2141 5873; x_wconf 81' lang='lat' dir='ltr'><strong>libertatis</strong></span> <span class='ocrx_word' id='word_1_440' title='bbox 2164 5810 2218 5871; x_wconf 87' lang='lat' dir='ltr'><strong><em>ad-</em></strong></span> <span class='ocrx_word' id='word_1_441' title='bbox 2255 5818 2326 5870; x_wconf 72' lang='lat' dir='ltr'><strong><em>tle.</em></strong></span> 
     </span>
     <span class='ocr_line' id='line_1_41' title="bbox 387 5906 1796 6000; baseline 0 -28"><span class='ocrx_word' id='word_1_442' title='bbox 387 5906 448 5991; x_wconf 83' lang='grc' dir='ltr'><strong><em>τήν</em></strong></span> <span class='ocrx_word' id='word_1_443' title='bbox 469 5908 674 5997; x_wconf 76' lang='grc' dir='ltr'><strong><em>ἐλευθερίανι</em></strong></span> <span class='ocrx_word' id='word_1_444' title='bbox 690 5942 732 5958; x_wconf 92' lang='lat'>-</span> <span class='ocrx_word' id='word_1_445' title='bbox 1294 5918 1491 6000; x_wconf 9' lang='lat' dir='ltr'><strong>*aequimmn</strong></span> <span class='ocrx_word' id='word_1_446' title='bbox 1795 5906 1796 5909; x_wconf 62' lang='grc'>’</span> 
     </span>
    </p>
   </div>
   <div class='ocr_carea' id='block_1_17' title="bbox 0 0 2510 7012">
    <p class='ocr_par' dir='ltr' id='par_1_17' title="bbox 0 0 2510 7012">
     <span class='ocr_line' id='line_1_42' title="bbox 0 0 2510 7012; baseline 0 0"><span class='ocrx_word' id='word_1_447' title='bbox 0 0 2510 7012; x_wconf 95' lang='lat' dir='ltr'><strong><em> </em></strong></span> 
     </span>
    </p>
   </div>
  </div>
 </body>
</html>
