4842 7018
353 446 395 508 52
1002 438 1156 506 LIBER
1177 436 1316 504 XXXV.
1361 437 1451 504 TIT.
1473 437 1535 504 XI.

352 625 535 706 μισσαριόυ
544 622 661 707 ἐλαβεν
671 620 794 698 αὐτούς
807 621 864 687 καί
875 621 1005 686 τούτων
1014 621 1143 706 ἐξωθεν
1153 643 1258 704 παρα·
1287 621 1449 683 falcidiam.
1494 621 1532 683 In
1555 620 1795 683 restitutionibus
1817 642 1887 684 vero
1910 621 1941 681 in
1957 620 2038 684 diem
2061 620 2110 684 vel
2134 620 2192 682 sub

356 741 477 816 κρατεῖ
495 729 534 796 τό
559 731 745 818 φαλκίδιον.
791 729 841 795 ἐπὶ
866 730 900 794 δὲ
916 741 983 794 τῶν
1006 726 1069 793 ύπδ
1093 728 1259 811 ίημέρανίὶ
1288 728 1462 791 condicione
1494 728 1641 790 faciendis
1669 729 1760 790 medii
1792 730 1935 810 temporis
1963 729 2090 802 hactus,
2122 749 2194 790 cum

357 837 420 903 ὑπὸ
445 837 573 921 αἵρεσιν
596 839 907 903 ἀποκαταστάσεων
926 840 959 901 οἱ
974 842 1007 901 ἐν
1022 840 1110 920 μέσῳ
1126 835 1259 921 καρποί,
1288 856 1326 896 ex
1349 835 1508 897 voluntate
1530 837 1682 898 testatoris
1707 838 1874 917 capiantur,
1898 837 2088 917 imputantur
2108 836 2193 898 felci·

357 943 464 1023 ἐπειδὴ
487 943 578 1009 κατά
600 947 732 1026 γνώμην
746 954 808 1009 τοῦ
823 944 1060 1027 διατιθεμένου
1075 941 1261 1027 λαμβάνον·
1289 941 1356 1004 diae
1381 978 1954 991 ---------
2008 943 2044 1006 ir.
2061 947 2111 1006 23.
2128 950 2144 1020 §
2161 945 2193 1005 2.

357 1076 428 1127 ται,
456 1053 664 1140 ψηφίζονται
689 1056 733 1126 εἰς
761 1050 940 1137 φαλκίδιον
967 1049 1024 1115 καί
1053 1048 1130 1125 τούς
1157 1051 1262 1115 αὐτοῦ

356 1157 506 1246 καρπούς
534 1195 841 1207 -----
1078 1159 1113 1220 fr.
1130 1162 1181 1222 23.
1198 1165 1215 1236 ξ
1233 1161 1261 1220 2.

425 1266 486 1314 —¹
511 1267 545 1331 δέ
572 1264 651 1341 τούς
679 1267 925 1339 ἀποθάνοντας
954 1264 1091 1340 δούλους
1118 1268 1261 1343 ἐνέχεται
1357 1300 1665 1312 -----
1693 1273 1814 1328 tenetur
1835 1286 1906 1330 vero
1933 1286 1972 1327 ex
2002 1265 2196 1347 neglegentia

356 1377 467 1457 μέντοι
497 1372 563 1438 ἀπὸ
592 1374 768 1454 ῥαθυμίας
800 1384 858 1451 τῆς
886 1371 1130 1453 πλησιαζούσης
1162 1371 1261 1453 δόλῳ·
1290 1390 1369 1450 quae
1391 1372 1531 1451 proxima
1559 1382 1605 1434 est
1627 1372 1704 1434 dolo.
1750 1372 1793 1435 Et
1819 1374 1846 1434 si
1872 1394 1941 1435 cum
1969 1374 2093 1437 deberet
2116 1375 2196 1435 aedi-

358 1485 384 1546 εί
401 1481 435 1545 δέ
450 1479 508 1545 καὶ
530 1481 673 1568 ὀφείλων
696 1481 863 1562 οἰκήματα
886 1480 1035 1555 πωλῆσαι
1059 1478 1102 1561 μὴ
1119 1478 1263 1555 ἐπώλησε
1289 1477 1358 1539 ficia
1380 1478 1510 1542 vendere
1532 1499 1595 1541 non
1617 1480 1787 1542 vendiderit
1813 1501 1852 1542 ex
1874 1480 1940 1543 lata
1962 1481 2054 1563 culpa
2077 1490 2197 1543 tenetur

358 1586 449 1652 κατὰ
480 1589 625 1671 μεγάλην
657 1588 835 1671 ῥαθυμίαν
862 1590 1015 1666 ἐνέχεται,
1048 1587 1088 1650 ού
1114 1585 1178 1667 μὴν
1207 1582 1264 1649 διά
1291 1604 1352 1646 non
1375 1606 1413 1646 ex
1435 1585 1503 1648 levi
2011 1588 2047 1650 fr.
2064 1591 2115 1651 23.
2132 1595 2148 1665 ξ
2165 1592 2195 1651 3.

357 1696 489 1778 μικράν.
1079 1694 1114 1756 fr.
1132 1696 1182 1755 23.
1200 1700 1216 1770 §
1234 1695 1262 1754 3.

127 1820 255 1888 sotttv.
275 1816 332 1884 [λό’.
425 1798 500 1865 'Ede
531 1804 616 1879 έχων
644 1802 871 1884 τετρακοσίων
899 1799 1113 1881 νομισμάτων
1145 1799 1264 1862 ούσίαν
1362 1798 1395 1860 Si
1417 1799 1532 1862 habens
1561 1801 1848 1882 quedrIngentornm
1875 1822 2034 1865 aureorum
2057 1803 2197 1865 substan-

360 1908 494 1991 ἀξιώσω
522 1906 583 1971 τὸν
608 1908 816 1990 κληρονόμον
843 1906 973 1972 δίπαιδα
996 1907 1198 1970 τελευτῶντα
1221 1901 1265 1969 τά
1294 1905 1365 1966 tiam
1389 1925 1534 1987 rogevero
1557 1907 1708 1983 heredem,
1731 1909 1889 1990 siahsque
1910 1909 2012 1972 liberis
2028 1911 2197 1985 decesserit,

360 2018 404 2089 τίς
436 2011 541 2079 αὐτόν
571 2016 733 2097 ἐρχόμενα
761 2016 923 2097 χρήματα
954 2025 1012 2091 τῆς
1043 2013 1265 2096 κληρονομίας
1292 2032 1369 2093 quae
1400 2012 1441 2073 ad
1471 2034 1540 2074 eum
1570 2016 1766 2095 pervenerint
1791 2018 1935 2098 pecunias
1963 2038 2002 2079 ex
2030 2018 2197 2081 hereditate

359 2144 424 2204 μου
447 2123 732 2198 ἀποκαταστῆσαί
758 2144 812 2185 σοι
840 2119 896 2185 καί
927 2118 1127 2202 συναγαγὼν
1150 2121 1168 2183 ό
1191 2120 1265 2196 κλη-
1292 2138 1362 2180 mea
1383 2119 1439 2181 tibi
1461 2121 1617 2182 restituere
1634 2130 1665 2183 et
1682 2142 1751 2183 cum
1770 2124 1941 2205 collegisset
1962 2124 2048 2188 heres
2063 2146 2101 2187 ex
2118 2126 2197 2188 fruc-

361 2230 504 2311 ρονόμος
526 2231 561 2291 ἐκ
584 2237 652 2292 τῶν
673 2238 812 2313 καρπῶν
835 2228 921 2292 ἀλλα
944 2229 1148 2313 τετρακόσια
1164 2228 1266 2290 τελευ-
1293 2225 1374 2288 tibus
1397 2226 1459 2287 alia
1481 2227 1703 2308 quadringente
1725 2230 1789 2291 sine
1811 2230 1913 2293 liberis
1936 2232 2103 2307 decesserit,
2132 2242 2199 2296 tota

361 2336 445 2421 τὴση
469 2337 579 2414 ἀπαις,
604 2335 771 2417 ὁλόκληρα
790 2337 993 2418 τετρακόσια
1011 2333 1191 2419 λαμβάνεις
1208 2332 1264 2396 καί
1293 2332 1513 2413 quadringente
1540 2335 1651 2416 accipis
1679 2345 1710 2396 et
1732 2336 1877 2418 quidquid
1904 2359 1942 2400 ex
1969 2340 2198 2421 quadringentis

361 2438 441 2524 ὅπερ
465 2446 501 2504 ἐκ
520 2452 587 2505 τῶν
611 2443 837 2526 τετρακοσίων
859 2442 1074 2523 νομισμάτων
1097 2441 1265 2527 ἀπολείψῃ
1295 2441 1423 2501 nummis
1447 2440 1539 2515 deest,
1563 2460 1601 2502 ex
1623 2441 1772 2505 fructibus
1794 2444 1961 2526 suppletur.

362 2554 397 2613 ἐκ
413 2559 480 2613 τῶν
494 2559 633 2629 καρπῶν
649 2548 913 2629 ἀναπληροῦταα
931 2585 973 2595 -
1014 2549 1050 2612 fr.
1062 2552 1112 2611 34.
1122 2549 1162 2611 D.
1174 2552 1225 2622 36,
1238 2552 1265 2610 1.
1923 2552 1958 2614 fr.
1975 2554 2026 2614 34.
2041 2554 2081 2617 D.
2098 2556 2149 2629 36,
2169 2559 2197 2617 1.

131 2657 184 2709 1⁶3⁹
198 2653 343 2741 ἕνῶνύλί·
435 2652 481 2719 Τὸ
517 2657 615 2739 μέρος
652 2664 713 2718 τοῦ
748 2655 835 2719 καθ’
870 2656 1014 2740 ὑστέραν
1051 2655 1148 2739 τάξιν
1186 2658 1267 2719 ἀπο·
1360 2651 1483 2715 Partem
1507 2655 1571 2716 eius
1594 2657 1646 2737 qui
1669 2677 1810 2737 supremo
1834 2658 1939 2722 ordine
1961 2659 2108 2722 morietur
2264 2680 2298 2745 ετ
2313 2662 2373 2743 filio

141 2724 336 2868 ftittttt'.
363 2762 609 2847 ἐλάσαντος
2218 2735 2399 2859 „mg

131 2873 187 3012 {qq
201 2867 345 2993 φφφύοέμὲν
434 2886 516 2952 Οὔτε
539 2891 586 2968 τῷ
609 2886 723 2970 ἀνὴβῳ
744 2886 849 2968 χωρίς
876 2886 1061 2961 αύθεντιάς
1087 2887 1268 2969 ἐπιτρόπου
1361 2885 1468 2966 Neque
1489 2885 1605 2967 pupillo
1629 2888 1693 2948 sine
1712 2889 1820 2950 tutoris
1836 2892 2015 2954 auctoritate
2030 2894 2202 2956 restituitur
2219 2877 2400 3003 fflgffi

131 3009 344 3080 λωιῶσιμιῶμὴ
364 2995 646 3059 ἀποκαθίσταται
670 2993 890 3075 κληρονομία·
915 2995 990 3058 ούτε
1012 2995 1078 3079 γάρ
1098 2998 1167 3057 ἐστι
1184 2991 1266 3079 ψιλὴ
1295 2992 1453 3067 heredites,
1476 3013 1572 3073 neque
1587 2994 1668 3055 enim
1683 3005 1729 3057 est
1743 3017 1822 3077 pura
1836 2996 1955 3073 solutio,
1979 3000 2031 3062 sed
2047 3004 2200 3064 successio
2218 3037 2278 3073 aon
2349 2982 2400 3071 ,ξς-

144 3082 282 3169 ὄώνυωι.
295 3085 334 3143 ¹²³
363 3099 536 3186 καταβολὴ
569 3097 656 3164 ἀλλά
687 3099 827 3178 διαδοχὴ
859 3098 917 3164 καὶ
953 3100 1057 3182 μέλλει
1090 3101 1266 3178 ἐνέχεσθαι
1295 3107 1326 3161 et
1348 3099 1437 3161 debet
1460 3101 1568 3174 teneri;
1600 3121 1696 3181 neque
1721 3102 1780 3184 ipsi
1808 3105 1901 3166 tutori
1923 3106 1987 3167 sine
2014 3107 2132 3188 pupillo
2154 3110 2200 3170 in·
2218 3096 2368 3216 w
2381 3106 2401 3139 ·'‘

143 3155 329 3226 προειελευιη·

133 3262 187 3309 ων,
207 3242 223 3311 ἡ
240 3229 293 3366 -g
312 3240 347 3294 ao
364 3208 443 3291 μηδὲ
468 3209 558 3289 αὐτῷ
581 3211 628 3288 τῷ
651 3209 817 3290 ἐπιτρόπῳ
834 3206 939 3289 χωρίς
954 3217 1015 3271 τοῦ
1030 3206 1158 3292 ἀνήβου
1173 3206 1267 3270 ἀδια-
1294 3207 1436 3268 distincte
1458 3207 1576 3269 restitui
1599 3208 1696 3270 debet.
1924 3211 1959 3272 fr.
1977 3216 2027 3276 38.
2045 3220 2061 3290 §
2079 3216 2199 3279 2-40.
2220 3240 2264 3288 ter
2284 3233 2322 3287 eis
2340 3180 2400 3285 red*

133 3314 210 3439 ἵμειρ’
226 3262 276 3453 ἕ
284 3314 347 3450 ggq-
366 3317 507 3388 στίκτως
526 3314 842 3378 ἀποκαθίστασθαι
860 3314 919 3379 dei:
937 3353 979 3362 —
1016 3316 1109 3378 638.
1121 3322 1137 3392 §
1149 3316 1266 3376 2-40.
2237 3305 2286 3359 θύ-
2303 3305 2383 3372 (free

273 3454 327 3526 μί·
433 3457 769 3538 Ἀποκαθισταμένης
797 3468 855 3534 τῆς
883 3457 1105 3541 κληρονομίας
1132 3453 1177 3520 τά
1200 3467 1268 3519 τῶν
1361 3456 1514 3519 Restituta
1539 3457 1715 3533 hereditate,
1748 3457 1954 3539 sepulcrorum
1980 3464 2047 3524 iura
2074 3478 2201 3527 manent

365 3568 486 3652 τάφων
508 3563 623 3629 δίκαια
645 3567 729 3647 μένει
754 3561 848 3651 παρά
870 3568 918 3647 τῷ
940 3564 1148 3650 κληρονόμῳι
1166 3601 1208 3610 -
1294 3584 1386 3644 penes
1409 3563 1558 3626 heredem.
2015 3569 2050 3631 fr.
2066 3572 2118 3633 43.
2136 3578 2152 3648 §
2172 3574 2201 3632 1.

1082 3670 1118 3734 fr.
1134 3674 1187 3733 43.
1204 3677 1220 3747 ξ
1240 3674 1267 3733 1.

436 3776 571 3854 Οίκέτης
615 3776 769 3860 τιμηθείς
813 3778 989 3863 ἐλευθερία
1032 3776 1089 3842 καί
1134 3777 1268 3858 ληγάτιμ
1363 3776 1474 3839 Servus
1496 3776 1637 3840 libertate
1660 3789 1691 3841 et
1704 3781 1804 3862 legato
1823 3781 1990 3845 honoratus
2005 3784 2103 3865 coegit
2116 3785 2201 3847 here

365 3887 534 3966 ἠνάγκασε
562 3882 621 3949 τόν
643 3885 851 3971 κληρονόμον
874 3885 1083 3949 ύπεισελθεῖν
1109 3882 1166 3948 καλ
1191 3882 1269 3967 πρὶν
1297 3885 1365 3946 dem
1388 3883 1472 3946 adire
1494 3893 1526 3947 et
1543 3895 1705 3966 antequam
1729 3886 1812 3949 facta
1834 3889 1874 3950 sit
1891 3891 2040 3953 restitutio
2063 3892 2201 3955 decessit

367 3993 541 4074 ὴγένηται
569 3994 589 4069 ί]
617 3993 896 4066 ἀποκατάστασις
919 3992 1100 4072 ἀπέθανεν,
1128 3990 1268 4056 δύναται
1297 4000 1397 4073 potest
1427 3991 1514 4054 heres
1545 3993 1609 4055 eius
1641 4014 1703 4055 non
1730 3995 1865 4076 accipere
1896 3998 2125 4061 restitutionem.
2175 4001 2202 4061 si

367 4103 385 4163 ό
408 4100 614 4184 κληρονόμος
636 4099 742 4162 αὐτοῦ
762 4097 806 4180 μὴ
830 4098 1000 4182 δέξασθαι
1020 4097 1080 4177 τὴν
1098 4100 1270 4164 ἀποκατά-
1297 4119 1368 4161 vero
1384 4099 1448 4161 sine
1461 4099 1570 4161 herede
1584 4111 1721 4162 mortuus
1737 4102 1785 4176 sit,
1807 4111 1954 4183 tanquam
1970 4105 1997 4167 ei
2012 4106 2202 4169 restitutione

367 4228 502 4271 στασιν·
526 4210 552 4270 sl
571 4206 605 4270 δέ
629 4205 813 4284 ἀδιάδοχος
835 4206 1016 4287 ἀπέθανεν,
1041 4208 1085 4280 ὡς
1100 4210 1271 4288 γινομένης
1297 4204 1389 4279 facta,
1411 4207 1548 4269 vendunt
1570 4227 1617 4269 res
1640 4207 1812 4270 hereditarii
1830 4210 1998 4274 creditores.
2043 4212 2079 4274 fr.
2096 4215 2138 4275 46
2155 4234 2201 4295 pr.

370 4315 461 4396 αὐτῷ
489 4324 547 4391 της
574 4314 898 4395 ἀποκαταστάσεως,
926 4313 1071 4378 πωλοῦσι
1099 4310 1144 4377 τά
1167 4314 1271 4399 πράγ-

369 4445 462 4505 ματα
485 4424 519 4486 οἱ
540 4421 788 4505 κληρονομιαΐοι
813 4420 997 4485 δανεισταίι
1014 4457 1056 4468 -
1115 4421 1151 4483 fr.
1167 4425 1210 4483 46
1226 4443 1270 4503 pr.

318 4540 333 4592 ¹.
435 4528 485 4592 Ἕν
512 4532 552 4615 τη·
576 4529 851 4591 άποκαταστάσει
880 4539 938 4604 τῆς
964 4528 1187 4613 κληρονομίας
1213 4526 1270 4592 καί
1365 4526 1404 4588 ln
1426 4528 1613 4590 restitutione
1627 4528 1802 4592 hereditatis
1825 4539 1856 4593 et
1870 4551 1981 4594 usurae
1995 4542 2027 4594 et
2040 4535 2201 4614 pensiones

370 4639 403 4700 οί
424 4637 518 4699 τόκοι
542 4633 599 4698 καί
628 4631 672 4697 τά
694 4636 820 4698 ἐνοίκια
847 4637 891 4709 ὡς
913 4632 1038 4719 καρποί
1062 4638 1271 4722 καταφέρον-
1298 4643 1333 4695 ut
1355 4631 1470 4696 fluctus
1494 4634 1670 4697 deferuntur
1691 4645 1723 4699 et
1743 4657 1805 4698 non
1828 4636 1970 4700 differunt
1992 4660 2011 4701 a
2030 4641 2137 4701 ceteris
2152 4639 2201 4703 de·

369 4764 425 4807 ται
452 4740 509 4806 καί
539 4742 579 4805 ού
606 4740 803 4828 διαφέρουσι
832 4752 899 4805 τῶν
925 4743 1050 4806 λοιπῶν
1072 4752 1182 4825 χρεῶν
1205 4751 1272 4805 τῶν
1299 4741 1369 4803 bitis
1383 4740 1440 4802 sub
1460 4742 1632 4805 condicione
1644 4743 1695 4805 vel
1707 4744 1740 4804 in
1754 4744 1889 4826 singulos
1905 4766 2000 4808 annos
2016 4747 2067 4809 vel
2083 4766 2199 4810 menses

368 4848 432 4915 ὑπό
455 4847 583 4932 αἵρεσιν
605 4848 625 4926 ί)
647 4847 723 4913 κατ’
749 4845 901 4912 ἐνιαυτὸν
924 4849 943 4926 δ
965 4860 1053 4931 μῆνα
1070 4869 1271 4931 κεχρεωστη-
1299 4847 1451 4911 solvendis
1477 4858 1508 4911 et
1534 4870 1597 4924 eae,
1624 4870 1700 4931 quas
1722 4853 1856 4932 percepit
1882 4853 1977 4927 heres,
2004 4853 2091 4915 nulla
2117 4875 2202 4916 mora

368 4961 473 5041 μένων
494 4955 552 5020 καλ
576 4952 633 5030 οὓς
648 4955 706 5038 μέν
720 4954 836 5039 ἐλαβεν
859 4955 1099 5041 όκληρονόμος
1121 4954 1164 5038 μὴ
1180 4956 1271 5033 cotri-
1298 4955 1330 5015 in
1352 4955 1537 5018 restituendo
1558 4956 1650 5031 faeta,
1672 4978 1733 5019 non
1748 4968 1934 5040 repetuntur.
1975 4961 2087 5023 sivero
2103 4961 2201 5043 qualis

370 5086 433 5138 σας
471 5062 543 5149 περὶ
581 5061 642 5140 τὴν
679 5063 961 5126 ἀποκατάστασιν
996 5063 1179 5147 ὑπέρθεσιν
1211 5063 1272 5125 ούκ
1299 5083 1379 5124 nunc
1402 5062 1441 5123 sit
1463 5063 1614 5126 hereditas
1636 5065 1773 5145 postulet
1786 5066 2079 5129 fideicommissarius
2094 5080 2129 5130 ut
2144 5068 2201 5130 sibi

369 5173 577 5235 ἀπαιτεῖται·
601 5175 627 5233 ελ
648 5168 683 5233 δέ
703 5167 818 5233 οἵανῦν
838 5173 928 5232 ἐστιν
948 5172 967 5246 ὴ
983 5169 1188 5255 κληρονομία
1207 5174 1271 5233 ἐπι·
1297 5170 1483 5245 restituatur,
1499 5170 1597 5232 audiri
1612 5170 1709 5233 dehet
1746 5172 1869 5234 ethaeo
1884 5172 2103 5256 [intellegenda
2119 5177 2201 5256 sunt]

370 5281 461 5360 ζητεῖ
473 5277 1131 5364 όφιδεικομμισσάριοςἀποκαταστῆναι,
1148 5277 1270 5363 ὀφείλει
1299 5276 1337 5338 de
1359 5278 1471 5352 usuris,
1498 5297 1574 5358 quas
1597 5278 1661 5359 ipse
1688 5287 1816 5341 testator
1837 5279 2008 5359 stipulavit,
2031 5280 2200 5362 fimdisqne,

370 5385 576 5450 ἀκούεσθαι·
613 5382 670 5447 καί
706 5392 817 5447 ταῦτα
846 5383 904 5464 μέν
935 5404 1007 5467 περι
1040 5379 1086 5446 ὧν
1118 5380 1220 5457 αὐτὸς
1252 5386 1271 5447 ό
1299 5404 1374 5465 quos
1396 5383 1498 5446 coluit
2018 5387 2054 5449 fr.
2070 5390 2122 5450 46.
2139 5395 2155 5464 5
2174 5392 2201 5450 1.

371 5492 570 5574 διαθέμενος
602 5491 791 5575 ἐπηρώτησε
818 5491 927 5554 τόκων
959 5489 979 5567 δ
1007 5487 1131 5575 ἀγρούς
1158 5491 1271 5575 ἐγεάρ·

371 5620 481 5680 γησενε
506 5594 568 5645 -³
1088 5597 1124 5659 fr.
1141 5599 1192 5659 46.
1209 5603 1225 5675 ᾖ
1246 5601 1271 5659 1.

444 5810 453 5843 ¹
472 5810 615 5891 Quaedam
628 5811 795 5866 ceciderunt
844 5809 855 5841 ¹
867 5809 944 5864 locst
955 5809 1021 5863 hnic
1030 5809 1135 5864 scholio
1147 5808 1273 5880 pluribus

371 5901 479 5954 lacunis
490 5900 628 5956 laboranti
639 5902 731 5955 versio
749 5899 783 5953 fr.
796 5904 831 5953 et
844 5904 864 5954 t
877 5905 901 5954 4.
933 5898 1011 5964 Quae
1024 5898 1125 5953 desunt
1136 5898 1272 5969 supplevi.

372 5990 485 6046 initium
504 5991 532 6043 in
551 5991 612 6061 ipso
631 5995 708 6044 textu
726 5988 950 6061 deprehenditur.
1027 5986 1039 6019 ⁸
1056 5986 1120 6042 hab.
1139 5986 1207 6057 Syn.
