4978 7018
730 435 890 503 INDEX
911 437 986 504 111¹
1009 439 1144 506 ΤΟΜΙ.
1190 440 1347 508 LIBER
1366 440 1666 507 XXXVIII—XL.
2092 447 2110 509 ’λ

177 642 198 676 τ.
212 620 246 692 β’.
350 615 426 678 Ποῦ
441 616 459 678 ό
476 614 653 690 ποὺπιλλος
669 615 688 692 ή
704 618 888 698 ἐνάγεσθαι
904 618 961 682 καλ
978 618 1183 685 διαιτᾶσθαι
1279 622 1343 688 Ubi
1365 622 1500 705 pupillus
1523 623 1595 686 duci
1616 632 1647 687 et
1668 625 1790 688 educari
1804 625 1896 688 debet
1914 634 1946 687 et
1961 626 1998 688 de
2013 645 2114 707 sump-
2150 635 2168 686 t.
2182 636 2207 687 2.

283 721 419 808 ὀφείλει·
442 720 500 785 καλ
523 720 595 804 περὶ
619 721 867 805 δαπανημάτων
890 726 1006 789 αὑτοῦε
1031 766 1073 775 -
1213 731 1293 793 tibus
1316 731 1390 793 eius.

176 854 198 888 τ.
211 835 245 909 γ.
349 826 435 913 Περλ
461 838 520 905 τῆς
546 829 625 893 κατ’
653 832 840 912 ἐπιτρόπων
870 830 928 895 καλ
958 835 1185 919 κονρατόρων
1256 837 1294 900 de
1316 836 1486 899 actionibus
1513 847 1621 900 contra
1646 845 1759 900 tutores
1786 847 1818 900 et
1844 847 1996 901 curatores
2024 838 2115 900 etde
2151 848 2170 899 t.
2183 849 2208 899 ε.

282 936 436 1016 ἀγωγῶν·
468 934 525 999 καὶ
558 945 619 1000 τοῦ
649 938 915 1022 παρατίθεσθαι
953 936 1075 1014 αὐτοὺς
1107 937 1185 1015 τοὺς
1211 944 1402 1025 praestandis
1425 944 1464 1006 ab
1486 944 1530 1007 eis
1551 944 1729 1007 rationibus.

282 1040 472 1124 λογισμοὺςε
496 1080 539 1090 -
1868 1098 1873 1109 .

176 1176 198 1210 ι.
212 1154 244 1210 δ’.
370 1148 456 1235 Περὶ
483 1151 704 1225 ἐναντιώσεως
735 1153 922 1238 ἐπιτρόπων
951 1152 1009 1217 καλ
1039 1155 1185 1229 ἐντελοῦς
1278 1159 1317 1221 de
1340 1157 1491 1221 contraris
1512 1157 1625 1221 tutelae
1647 1166 1679 1221 et
1699 1157 1833 1238 perfecta
1855 1160 1981 1222 actione.
2151 1167 2207 1218 tl.

283 1257 426 1337 ἄν’ννῆςτ
451 1293 493 1304 -

180 1389 201 1423 τ.
215 1369 245 1424 ι’.
349 1361 433 1448 Περὶ
457 1373 516 1440 τῆς
537 1369 726 1447 κινουμένης
749 1368 881 1447 άγωγῆς
895 1364 986 1430 κατά
1002 1378 1068 1431 τῶν
1083 1370 1184 1454 ἀμφι·
1278 1372 1316 1433 de
1347 1372 1465 1434 actione
1492 1381 1575 1434 mota
1602 1381 1709 1435 contra
1741 1393 1791 1435 eos
1818 1372 1992 1453 dequibus
2020 1374 2115 1436 ambi·
2152 1382 2170 1432 t.
2184 1382 2208 1432 5.

281 1468 493 1554 βαλλομένων
512 1467 595 1535 εἶναι
614 1474 802 1558 ἐπιτρόπων
816 1472 874 1537 καλ
894 1476 1113 1560 κονρατόρων
1127 1473 1184 1539 καλ
1211 1479 1293 1558 gitur
1314 1499 1354 1541 an
1377 1487 1491 1541 tutores
1514 1479 1576 1541 sint
1590 1488 1621 1542 et
1642 1488 1795 1542 curatores
1818 1488 1849 1541 et
1867 1499 1966 1542 rerum
1989 1481 2114 1543 admini-

282 1575 497 1640 διοικούντων
519 1574 563 1641 τά
586 1580 777 1664 πράγματα.
1213 1594 1366 1648 stratores.

180 1710 201 1744 ι.
215 1692 244 1754 ζ.
349 1684 434 1769 Περὶ
457 1684 796 1768 καταλιμπανομένων
819 1688 1026 1773 πραγμάτων
1040 1690 1109 1751 τινί
1128 1689 1181 1775 ἐφ’
1278 1692 1316 1755 de
1338 1693 1429 1754 rebus
1444 1692 1565 1754 cuidem
1580 1690 1690 1754 relictis
1713 1702 1748 1754 ut
1769 1714 1839 1755 cum
1857 1693 1916 1755 fide
1931 1693 2018 1756 elteri
2040 1693 2115 1756 haec
2151 1700 2169 1750 t.
2183 1700 2208 1750 t.

282 1782 308 1872 ᾧ
330 1787 414 1871 μετά
436 1792 575 1866 πίστεως
590 1794 689 1877 ἐτέρῳ
708 1802 817 1858 ταῦτα
832 1804 1019 1880 παρασχεῖν
1038 1793 1184 1879 καὶπερὶ
1212 1807 1346 1879 praestet
1372 1800 1464 1862 etde
1491 1798 1651 1862 heredibus
1679 1808 1811 1862 tutorum
1835 1810 1866 1862 et
1888 1809 2061 1862 curatorum
2084 1811 2115 1863 et

281 1896 495 1982 κληρονόμων
517 1900 704 1984 ἐπιτρόπων
725 1899 783 1964 καὶ
810 1903 1029 1987 κονρατόρων
1056 1901 1113 1966 καί
1136 1906 1184 1984 ἐγ·
1212 1906 1402 1968 fideiussibus
1425 1927 1537 1968 eorum.

281 2013 412 2085 γνητῶν
434 2005 558 2068 αὐτῶν
582 2044 625 2053 -

175 2138 197 2172 ι.
212 2119 244 2186 η’.
347 2109 433 2196 Περὶ
471 2122 532 2176 τοῦ
568 2115 746 2192 ἐνέχεσθαι
778 2111 855 2188 τοὺς
892 2112 1102 2200 στρατηγοὺς
1133 2114 1184 2179 ἐπὶ
1277 2121 1316 2181 de
1339 2120 1550 2182 conveniendis
1574 2120 1800 2200 magistratibus
1816 2141 1885 2182 cum
1905 2140 1966 2182 non
1983 2121 2043 2183 sint
2058 2122 2114 2184 sol·
2150 2126 2169 2177 t·
2182 2127 2207 2176 8·
2282 2134 2284 2138 ’

282 2219 410 2303 άπορίρι
432 2229 499 2282 τῶν
522 2224 700 2302 γινομένων
721 2222 917 2306 ἐπιτρόπων.
1211 2227 1310 2290 vendo
1333 2235 1448 2289 tutores
1471 2226 1552 2289 facti.

169 2351 191 2385 1.
204 2333 244 2387 θ’.
347 2324 433 2410 Περὶ
457 2327 663 2410 πραγμάτων
685 2326 814 2391 τούτων
837 2327 954 2403 οἵτινες
976 2325 1040 2393 ὑπὸ
1056 2333 1184 2415 ἐπιτρο-
1278 2334 1316 2394 de
1348 2333 1438 2395 rebus
1468 2353 1571 2395 eorum
1601 2335 1655 2414 qui
1685 2333 1742 2395 sub
1775 2333 1873 2395 tutele
1903 2354 2014 2397 curave
2043 2343 2115 2396 sunt
2150 2339 2168 2388 t
2181 2339 2206 2389 9.

282 2428 345 2508 πήν
376 2430 648 2518 ήκουρατορίαν
679 2433 761 2498 εἰσὶν
789 2431 872 2521 πρὸς
900 2433 940 2499 τό
969 2435 1073 2521 χωρὶς
1102 2438 1183 2500 άπο-
1211 2460 1250 2501 ne
1273 2440 1337 2501 sine
1359 2440 1477 2502 decreto
1499 2440 1669 2502 alienentur
1682 2441 1732 2503 vel
1754 2440 1925 2521 obligentur
1946 2448 1977 2502 et
1991 2442 2113 2521 quando

281 2540 416 2625 φάσεως
437 2537 481 2621 μή
504 2541 715 2605 ἐκπονεῖσθαι
738 2540 1010 2619 ήὺποτίθεσθαι
1028 2542 1085 2607 καλ
1105 2546 1184 2607 πότε
1211 2546 1361 2608 sententie
1382 2566 1444 2608 non
1467 2555 1513 2608 eet
1534 2546 1626 2610 utilis.

280 2656 399 2731 ψῆφος
419 2646 581 2731 χρειώδης
603 2648 664 2711 οὐκ
686 2649 770 2711 iore:
795 2686 836 2694 —

180 2834 202 2869 1.
215 2813 242 2869 ι’.
346 2806 388 2868 Π
397 2808 615 2892 κονρατόρων
629 2810 834 2890 μαινομένων
852 2807 1026 2886 ήάσάτοις
1041 2808 1183 2886 ήάλλοις
1276 2814 1314 2875 de
1342 2812 1532 2875 curatoribus
1559 2813 1742 2875 furiosorum
1770 2813 1818 2877 vel
1846 2813 1979 2894 prodigis
2007 2814 2114 2876 eliisne
2150 2817 2224 2869 t10·

280 2913 341 2995 ἔξω
364 2923 431 2976 τῶν
454 2915 603 2990 ήττόνων
623 2914 810 2997 διδομένων.
1209 2929 1329 3002 praeter
1349 2921 1479 2982 minores
1501 2921 1590 2982 datis.

163 3039 185 3073 1·
197 3020 243 3074 ια’·
347 3017 386 3084 τό
410 3028 549 3105 πρᾶγμα
570 3030 632 3085 τοῦ
653 3021 781 3106 άνήβου
803 3033 893 3085 σῶον
915 3025 1009 3085 ἐστω.
1275 3028 1336 3090 Res
1358 3026 1467 3109 pupilli
1489 3026 1577 3089 salve
1598 3027 1645 3088 sit
2150 3023 2168 3073 i·
2184 3023 2224 3073 11.

166 3210 186 3244 τ.
200 3189 241 3252 ιζ’.
347 3139 502 3243 istcinest
524 3182 728 3267 ὀρφανικῶν.
1275 3188 1313 3248 de
1335 3187 1435 3248 usuris
1458 3185 1668 3267 pupillaribus.
2150 3191 2168 3240 t.
2183 3190 2223 3241 l'l.

156 3317 178 3350 τ.
191 3295 243 3350 ια’.
347 3288 427 3351 πότε
450 3289 482 3349 ol
504 3288 675 3370 ἐπίτροποι
700 3287 719 3365 b
740 3291 772 3352 οί
786 3290 990 3375 κουράτορες
1006 3289 1180 3355 παύονται.
1275 3294 1408 3372 Quando
1431 3303 1549 3355 cessent
1570 3302 1688 3356 tutores
1710 3293 1759 3357 vel
1782 3304 1944 3357 curatores.
2149 3298 2167 3349 t.
2183 3299 2221 3348 ιε.

625 3446 755 3501 ΒΙΒΛΙΟΝ
774 3449 836 3502 ΛΘ’.
1523 3449 1639 3505 LIBER
1656 3451 1794 3505 XXXIX.

171 3586 193 3619 τ.
206 3565 240 3619 α’.
346 3513 369 3618 ic
391 3558 544 3640 μέμψεως
566 3553 744 3632 διαθήκης.
1275 3560 1314 3622 de
1336 3579 1464 3621 censura
1485 3561 1666 3622 testamenti
2149 3565 2167 3615 t.
2182 3565 2205 3614 1.

174 3746 195 3780 τ.
208 3724 242 3798 ῥ’.
347 3716 387 3778 Π
405 3716 603 3800 παρανόμου
634 3716 694 3778 καί
723 3715 923 3799 ῥηγνυμένης
960 3716 1016 3781 καλ
1054 3715 1182 3803 άκὺρου
1276 3720 1315 3780 de
1336 3720 1447 3782 iniusto
1469 3728 1500 3783 et
1522 3729 1612 3801 rupto
1634 3730 1665 3782 et
1686 3721 1776 3782 inrito
1799 3728 1988 3783 testamento.
2149 3724 2166 3773 t
2181 3724 2205 3773 2.

279 3819 456 3899 διαθήκης.

365 3995 377 4021 e
635 3927 765 3981 ΒΙΒΛΙΟΝ
785 3928 831 3981 Μ’.
1564 3930 1680 3985 LIBER
1697 3931 1759 3985 XL.

174 4065 195 4099 ι.
208 4046 243 4100 α’.
346 4035 387 4098 Π
404 4035 521 4120 κυρίας
545 4034 750 4113 διακατοχής
773 4034 830 4099 καλ
854 4036 933 4099 πότε
956 4038 1089 4111 πίνακες
1112 4036 1181 4101 δια-
1275 4039 1315 4100 de
1330 4038 1478 4101 bonorum
1493 4040 1683 4119 possessione
1698 4048 1729 4101 et
1743 4041 1866 4121 quendo
1881 4039 2006 4102 tabulae
2021 4048 2112 4101 teste
2148 4062 2167 4112 η,
2182 4063 2205 4112 1.

280 4142 391 4219 θήκης
413 4143 589 4227 ἐρρωνταιε
606 4178 648 4189 -
1209 4146 1302 4209 menti
1323 4146 1435 4209 valent

174 4332 194 4367 ι.
207 4313 241 4386 γ’.
345 4260 544 4383 Ιλάγαθῆς
566 4300 783 4378 διακατοχῆς·
806 4300 863 4365 καλ
887 4304 1121 4377 ἐναντιόσεωςι
1138 4340 1180 4350 -
1274 4305 1313 4367 de
1336 4305 1486 4366 bonorum
1508 4307 1697 4386 possessione
1719 4315 1750 4368 et
1772 4306 2008 4388 impugnatione.
2148 4328 2166 4378 ι,
2180 4328 2205 4378 3.

173 4493 195 4526 τ.
209 4471 241 4527 δ’.
346 4420 386 4525 Ιλ
413 4464 664 4545 συνεζευγμένον
694 4460 777 4545 μετά
814 4462 1031 4545 αὑτεξουσιόυ
1064 4461 1182 4538 παιδός
1275 4465 1313 4527 de
1336 4464 1542 4545 coniungendo
1558 4486 1628 4527 cum
1650 4466 1841 4548 emancipato
1864 4465 1925 4527 lilio
1948 4467 2011 4528 eius
2027 4473 2058 4527 et
2075 4466 2113 4527 de
2149 4487 2167 4537 ι,
2181 4487 2205 4535 4,

312 4623 318 4645 .
490 4582 502 4609 ⁸
933 4620 940 4642 .
995 4624 1001 4645 ,
1209 4580 1315 4635 ventre
1337 4573 1369 4633 in
1391 4573 1610 4654 possessionem
1633 4573 1789 4635 mittendo.

279 4630 384 4686 αυτοῦ
405 4620 463 4685 καλ
486 4644 509 4686 π
532 4624 681 4706 γαστρός
701 4627 745 4696 είς
760 4621 968 4700 διακατοχην
983 4623 1181 4687 αποστελλο-

129 4812 174 4880 γυ.
189 4816 242 4865 ιν.
277 4733 386 4811 peona
403 4764 445 4776 '-

177 4920 198 4954 ι.
212 4902 242 4955 ι’.
346 4887 430 4975 Περὶ
450 4890 679 4975 καρβωνιαοίει
699 4889 988 4975 παραγγέλματος·
1008 4890 1107 4966 ήνίκα
1122 4891 1181 4972 άμ·
1276 4893 1314 4954 de
1336 4892 1520 4954 carbonicno
1543 4892 1649 4968 edicto,
1672 4894 1794 4974 quondo
1816 4892 1910 4955 dubia
1932 4894 1972 4956 sit
1994 4892 2111 4974 pupillo
2148 4914 2165 4965 ι,
2180 4914 2204 4965 5,

279 4994 421 5083 φίβολός
443 5000 534 5059 ἐστιν
555 4998 575 5073 ή
598 5004 661 5059 τοῦ
682 4995 811 5082 άνήβου
834 4996 959 5081 σποράε
976 5033 1018 5043 -
1209 5000 1299 5080 origo.

171 5135 193 5169 ι.
207 5115 242 5180 ss·
344 5100 417 5166 Ἐάν
440 5099 535 5188 παρά
557 5106 680 5184 γονέων
702 5126 753 5176 τις
776 5102 989 5186 αὐτεξούσιος
1011 5106 1158 5185 γένηταιε
1275 5106 1301 5167 si
1324 5106 1543 5186 aparentibus
1566 5107 1633 5187 quis
1655 5107 1869 5187 emancipetur.
2106 5117 2108 5122 ‘
2148 5126 2165 5177 ι,
2180 5128 2204 5178 ς,

175 5244 197 5277 τ.
211 5224 241 5286 ζ’.
346 5210 437 5273 Πότε
460 5221 528 5273 τῶν
549 5207 592 5291 μή
609 5208 794 5273 αἰτούντων
809 5207 854 5274 tol
872 5213 953 5295 μέρη
969 5221 1036 5273 τῶν
1051 5208 1181 5273 αέτοὺν-
1274 5212 1408 5290 Quando
1431 5234 1492 5274 non
1514 5214 1680 5293 petentium
1707 5221 1810 5294 partes
1837 5212 2010 5294 petentibus
2033 5234 2111 5275 com·
2148 5235 2166 5285 χ,
2180 5235 2204 5285 η,

279 5338 346 5380 των
372 5317 563 5403 ἐφαρμόζου
595 5315 652 5380 καλ
681 5315 753 5402 περὶ
781 5328 839 5393 τῆς
866 5327 934 5380 τῶν
960 5317 1181 5400 ὑπαρχόντων
1207 5326 1317 5398 petunt
1338 5328 1370 5381 et
1391 5320 1429 5381 de
1451 5320 1598 5382 bonorum
1619 5321 1806 5400 possessione
1832 5320 1997 5382 secundum
2021 5328 2110 5382 teste·

277 5435 424 5502 κατοχῆς
446 5421 536 5487 κατὰ
563 5433 621 5499 τῆς
644 5422 826 5501 διαθήκης·
852 5422 909 5487 καὶ
933 5422 1005 5509 περὶ
1033 5434 1091 5500 τῆς
1114 5435 1181 5487 τῶν
1208 5436 1343 5488 mentum
1365 5435 1396 5487 et
1417 5427 1456 5487 de
1477 5426 1625 5488 bonorum
1647 5428 1836 5506 possessione
1859 5426 2043 5489 libertorum.

277 5531 498 5614 ὑπαρχόντων
519 5540 667 5608 κατοχῆς
690 5541 758 5594 τῶν
781 5530 1025 5616 όπελευθέρωνε
1043 5568 1085 5578 -

172 5672 193 5705 ι.
207 5653 239 5721 η’,
345 5636 428 5723 Περὶ
453 5636 683 5722 παραιτήσεως
706 5646 764 5714 τῆς
787 5648 855 5700 των
871 5637 1091 5720 ὑπαρχόντων
1110 5636 1179 5700 δια·
1272 5639 1311 5699 de
1347 5640 1514 5701 omittenda
1552 5639 1700 5701 bonorum
1736 5641 1924 5720 possessione
1961 5649 1993 5702 et
2028 5642 2109 5703 unde
2146 5661 2163 5711 t,
2178 5661 2202 5710 ε,

276 5756 424 5821 κατοχῆς
446 5743 503 5808 καὶ
527 5741 612 5807 ὅθεν
635 5746 668 5806 ol
690 5745 821 5826 νόμιμοι
841 5753 1017 5826 συγγενεῑςι
1038 5780 1080 5790 —-
1205 5744 1340 5825 legitimi.

166 5866 239 5920 ιε’,
344 5848 428 5936 Περὶ
457 5860 514 5927 τῆς
542 5861 609 5913 τῶν
638 5852 844 5936 πραγμάτων
876 5850 1093 5928 διακατονῆς·
1120 5848 1178 5912 καλ
1272 5852 1311 5913 de
1336 5872 1436 5913 rerum
1462 5853 1652 5934 possessione
1679 5862 1710 5914 et
1736 5853 1774 5915 de
1795 5852 1999 5916 vindicatione
2026 5854 2108 5916 here·
2145 5873 2162 5923 ι,
2176 5875 2201 5924 9.

277 5955 349 6039 περὶ
372 5956 565 6035 ἐκδικήσεως
587 5956 819 6043 κληρονομίαςε
838 5994 880 6004 -
1207 5958 1318 6022 ditatis.
