4842 7018
437 390 497 452 122
1092 383 1245 448 LIBER
1266 380 1352 448 LIV.
1396 382 1486 448 TIT.
1509 382 1535 449 Ι.
1559 385 1603 450 Π.

350 574 395 639 ις.
505 564 550 631 Τὸ
585 568 786 651 [γεν]όμενον
817 565 911 651 παρά
941 575 1004 631 τοῦ
1039 569 1187 642 πλειόνος
1218 571 1336 652 μέρους
1429 567 1522 646 Quod
1553 588 1573 629 a
1603 568 1717 629 maiore
1747 576 1834 648 parte
1865 566 1995 629 civitatis
2021 567 2126 629 laetum
2153 581 2230 634 esta

432 686 491 753 τῆς
514 676 638 749 πόλιας
660 671 755 760 παρά
771 676 879 752 πάσης
903 673 995 740 δοκεῖ
1006 676 1176 757 γενέσθαι.
1202 674 1333 759 [fr.19.]
1364 684 1430 738 tota
1456 675 1571 737 fantum
1599 695 1664 737 esee
1692 674 1820 738 videtur.
1849 673 1899 758 [fr.
1917 673 1980 754 19.]
2026 674 2190 741 domioilium
2207 690 2231 742 et

432 784 451 859 ίγ
480 786 607 859 οῖ’κησις
634 780 690 845 καὶ
718 785 802 864 έργῳ
829 780 886 845 καὶ
915 783 1087 868 πράγματι
1114 784 1334 870 μεταφέρεται
1363 783 1443 845 faoto
1465 790 1496 844 et
1517 802 1550 843 re
1564 782 1753 856 transfertur,
1775 802 1836 844 non
1851 802 1922 845 vero
1937 780 2020 842 nuda
2038 785 2230 849 contestatione

432 889 472 952 οὐ
494 886 558 970 μην
580 888 665 975 ψιλῇ
689 888 926 973 διαμαρτυρίαι
944 926 986 937 -
1231 890 1266 952 fr.
1284 892 1334 952 20.
2148 891 2179 954 ir.
2192 895 2231 955 20.

499 994 756 1076 Συνισταμένου
771 1004 832 1059 τοῦ
846 997 964 1078 γάμου,
987 995 1122 1081 ηπροέξ
1137 1006 1199 1060 τοῦ
1213 996 1335 1079 ἀνδρός
1429 997 1570 1061 Duuante
1596 996 1795 1072 matrimonio,
1823 996 1878 1057 doe
1902 995 2003 1057 mariti
2029 1005 2085 1069 est;
2110 1006 2139 1059 et
2161 998 2233 1062 eise

432 1107 536 1166 ἐστιν·
564 1100 622 1166 ἐὰν
650 1101 684 1164 δέ
712 1099 794 1184 πρὸς
822 1098 861 1166 τό
894 1106 1015 1185 μέτρον
1041 1114 1099 1181 της
1127 1104 1244 1178 οὐσίας
1271 1108 1335 1167 ἐπι·
1363 1106 1496 1168 eundum
1527 1125 1701 1167 mensuram
1731 1103 1906 1185 patrimonii
1941 1103 2109 1183 imponatur
2137 1125 2233 1181 munus,

432 1213 576 1297 φέρηται
596 1209 793 1290 λειτουργιά,
818 1210 858 1273 od
873 1211 1098 1292 συλλογίζεται
1122 1216 1166 1286 είς
1181 1208 1242 1288 τὴν
1257 1210 1334 1275 ὑπό·
1362 1233 1424 1275 non
1446 1220 1640 1293 eomputatur
1661 1212 1694 1273 in
1716 1210 1888 1273 substantia
1909 1209 1982 1272 eius.
2078 1210 2111 1270 tr.
2127 1213 2170 1272 21.
2185 1216 2233 1288 54.

432 1338 555 1380 στασιν
578 1316 691 1380 αὐτοῦ.
1150 1318 1185 1381 fr.
1203 1321 1253 1381 21.
1270 1324 1287 1395 ξ
1305 1322 1334 1380 4.

496 1423 543 1486 Ἡ
555 1424 649 1507 γήρα
670 1419 728 1488 καλ
751 1420 812 1499 τὴν
826 1425 1024 1501 κατοίκησιν
1043 1423 1100 1489 καί
1116 1423 1177 1502 τὴν
1192 1426 1336 1488 ἐνοικίαν
1429 1426 1535 1489 Vidua
1556 1423 1741 1488 domioilium
1771 1433 1802 1487 et
1827 1423 2046 1487 habitationem
2068 1423 2122 1486 viri
2141 1425 2236 1499 retinet,

431 1532 535 1608 ἐπέχει
557 1538 619 1593 τοῦ
641 1527 773 1614 ἀνδρὸς,
797 1536 823 1594 el
846 1530 888 1612 μὴ
913 1531 1190 1618 δεντερογαμήσηε
1207 1530 1269 1579 —1
1363 1534 1422 1596 nisi
1444 1533 1592 1597 secundae
1615 1532 1715 1594 inierit
1736 1532 1867 1612 nuptiae.
2080 1530 2114 1593 fr.
2129 1534 2173 1593 22.
2187 1537 2201 1607 ς
2216 1536 2237 1592 1.

1152 1640 1187 1701 fr.
1204 1642 1255 1701 22.
1272 1645 1288 1717 ς
1308 1643 1334 1702 1.

495 1740 528 1807 'O
551 1742 776 1828 ἀπελεύθερος
797 1743 855 1809 καὶ
878 1749 912 1807 ἐν
931 1748 971 1831 τῇ
987 1744 1057 1824 ίδίμ
1071 1746 1261 1822 κατοικήσει
1277 1743 1334 1808 καὶ
1429 1746 1571 1809 Libertus
1600 1756 1631 1808 et
1653 1746 1685 1807 in
1713 1746 1835 1827 proprio
1863 1744 2013 1808 domicilio
2037 1752 2069 1806 et
2093 1746 2123 1805 in
2146 1744 2238 1824 origine

432 1853 466 1912 ἐν
489 1852 529 1937 τῇ
552 1851 778 1931 άργαιογονίμ
799 1848 861 1915 τοι)
883 1853 1051 1935 πάτρονος
1073 1852 1261 1938 λειτουργεῖ.
1363 1855 1483 1935 patroni
1506 1874 1630 1917 munera
1653 1853 1806 1935 adimplet.
2081 1851 2115 1912 fr.
2130 1853 2175 1913 22.
2190 1857 2203 1927 ξ
2217 1854 2239 1913 2.

1151 1960 1187 2021 fr.
1204 1963 1254 2023 22.
1272 1967 1288 2037 ξ
1306 1963 1334 2022 2.

502 2061 542 2127 Οί
568 2064 753 2143 τοκίζοντες
779 2062 844 2128 κάν
870 2063 913 2146 μὴ
942 2064 1148 2151 [νίμων]τα[ι
1177 2067 1336 2151 ἀ]κίνητα
1429 2070 1531 2132 Fenus
1550 2074 1733 2141 exercentes,
1756 2066 1894 2146 quamvis
1909 2065 2077 2127 immobilia
2091 2086 2148 2126 non
2167 2065 2241 2145 poed-

431 2166 476 2233 τά
491 2167 637 2233 οὐσιακά
652 2170 911 2251 λειτουργοῦσινε
929 2168 992 2219 -¹
1150 2173 1186 2235 fr.
1204 2177 1254 2236 22.
1272 2181 1288 2251 ξ
1307 2178 1335 2235 7.
1363 2178 1462 2251 deant,
1485 2174 1710 2258 patrimonialia
1732 2193 1858 2235 munera
1879 2181 2027 2235 εκεεοεοέ.
2083 2172 2117 2234 fr.
2133 2173 2177 2233 22.
2192 2176 2205 2247 ξ
2219 2172 2241 2231 l.

343 2281 395 2334 κοί.
504 2277 578 2339 Τῶν
613 2274 680 2341 ἀπὸ
713 2279 828 2359 ζημίας
859 2278 1120 2366 ἐποφειλομένων
1152 2281 1336 2363 χρημάτων
1429 2284 1639 2355 Peounisrum,
1662 2300 1739 2362 quae
1754 2300 1793 2342 ex
1807 2280 1919 2342 damno
1934 2279 2006 2341 dato
2025 2278 2175 2351 debentur,
2194 2298 2242 2338 non

432 2383 494 2446 οὐκ
516 2385 737 2447 ἀπαιτοῦνται
761 2385 855 2447 τόκοι
872 2385 947 2449 οὔτε
963 2384 1057 2471 παρὰ
1072 2395 1133 2450 τοῦ
1147 2386 1335 2465 διοικήσαν-
1362 2400 1507 2472 petuntur
1541 2409 1651 2452 usurae
1682 2407 1779 2468 neque
1812 2386 1851 2448 sb
1883 2406 1919 2448 eo
1950 2386 2002 2466 qui
2035 2385 2243 2455 administravit

432 2511 490 2563 τος
513 2489 533 2566 ὴ
556 2500 623 2553 τῶν
646 2490 752 2553 αὐτοῦ
773 2495 957 2572 ἐγγυητῦνε
977 2530 1018 2542 --
1231 2494 1266 2556 fr.
1283 2498 1334 2557 24.
1362 2518 1459 2579 neque
1481 2518 1501 2559 a
1522 2494 1747 2558 fideiussoribus
1769 2493 1842 2556 eius
2159 2492 2190 2553 fr.
2204 2493 2243 2551 24

347 2603 396 2670 κη’.
495 2595 529 2659 ‘0
555 2592 623 2660 ἀπό
651 2598 761 2678 κώμης
788 2599 975 2680 ὁρμώμενος
1002 2601 1125 2676 ἐκείνην
1152 2598 1212 2677 τὴν
1240 2601 1335 2665 πόλιν
1428 2604 1491 2683 Qui
1523 2623 1561 2664 ex
1592 2604 1658 2666 vioo
1690 2601 1785 2662 oritur
1812 2600 1895 2661 illam
1926 2598 2082 2662 civitatem
2112 2597 2198 2661 habet
2218 2606 2246 2658 ut

432 2705 495 2781 ἐγει
519 2702 676 2786 πατρίδα,
700 2704 757 2790 ὑφ’
784 2701 824 2780 ἣν
847 2707 866 2781 ίγ
888 2706 981 2787 κώμη
1004 2707 1091 2770 τελεῖ
1093 2732 1100 2770 :
1117 2745 1158 2755 -
1228 2708 1265 2770 fr.
1283 2711 1333 2770 30.
1362 2711 1503 2792 patriam,
1526 2709 1575 2772 oui
1597 2709 1650 2772 ille
1673 2710 1757 2773 vicus
1781 2707 1920 2770 subditus
1943 2715 1996 2768 est
2159 2704 2191 2766 fr.
2205 2703 2245 2764 30.

347 2812 395 2886 λβ.
495 2809 529 2874 Ὁ
545 2811 707 2891 πάροικος
721 2810 920 2894 λειτουργεῖν
936 2814 1121 2897 ἀρξάμενος
1139 2815 1179 2877 οὐ
1195 2813 1333 2879 δύναται
1428 2816 1535 2879 Inoola
1565 2818 1617 2899 qui
1649 2835 1776 2878 munera
1805 2834 1907 2895 gerere
1944 2812 2045 2893 eoepit
2075 2832 2136 2875 non
2164 2817 2247 2893 potest

432 2918 619 2993 ἀποστῆναι
644 2928 702 2993 τῆς
723 2920 891 2999 μετοικίας
915 2919 992 3003 πρίν
1015 2921 1172 3007 πληρώση
1191 2920 1251 2998 τὴν
1273 2923 1333 2985 λει-
1362 2923 1536 2986 renuntiare
1558 2921 1703 2986 incolatui
1721 2932 1885 3002 antequam
1903 2940 2030 2981 munera
2046 2918 2246 2999 adimpleverit

432 3020 621 3108 tovpya'uv.³
1231 3029 1266 3091 fr.
1283 3033 1334 3093 34.
2161 3023 2193 3085 fr.
2208 3025 2247 3085 34.

347 3135 394 3202 λη’.
499 3133 532 3194 Γ
527 3131 586 3207 ννή
614 3152 663 3205 τις
691 3132 725 3214 ἐξ
753 3134 915 3216 ἐπαρχίας
943 3133 1063 3211 δούλην
1091 3135 1180 3198 ίδίαν
1206 3138 1334 3220 έγραιμε
1429 3135 1541 3200 Mulier
1562 3135 1712 3218 quaedam
1740 3155 1779 3196 ex
1801 3135 1957 3215 provincia
1979 3133 2102 3215 scripsit
2124 3131 2248 3195 snoillan

432 3234 493 3300 σὺν
524 3238 700 3321 ἐλευθερία
729 3238 948 3320 κληρονόμον,
985 3240 1123 3322 ἠξίωσεν
1160 3242 1194 3305 δέ
1232 3242 1335 3320 αὐτὴν
1362 3265 1449 3307 suam
1472 3265 1541 3305 oum
1563 3243 1703 3305 libertate
1724 3241 1878 3316 heredem,
1900 3240 2020 3321 rogavit
2042 3249 2147 3302 autem
2166 3238 2248 3320 ipsam

432 3342 552 3407 δοῦλον
574 3356 632 3421 τῆς
650 3345 871 3427 κληρονομίας
893 3346 1126 3431 ἐλευθερῶσαι,
1149 3351 1169 3426 ἡ
1193 3349 1227 3412 δέ
1247 3350 1335 3427 bleo-
1362 3372 1482 3414 servum
1490 3351 1666 3412 hereditatis
1675 3348 1897 3422 manumittere,
1912 3349 1980 3429 ipsa
1991 3368 2064 3409 vero
2081 3345 2249 3407 manumisit:

433 3451 598 3536 θέρωσεν·
627 3450 707 3531 λέγει
736 3455 755 3529 ἡ
783 3451 935 3536 διάταξις
962 3451 1014 3517 ότι
1043 3456 1062 3517 ό
1093 3456 1335 3541 ἐλευθερωθεὶς
1362 3458 1535 3520 constitutio
1563 3458 1607 3519 ait
1633 3478 1701 3520 eum
1729 3457 1780 3538 qui
1802 3454 2007 3517 manumissus
2029 3464 2079 3517 eet
2100 3452 2250 3535 negendam

432 3563 532 3622 ἐκεῖσε
554 3558 776 3639 ἀναγκάζεται
800 3560 1011 3644 λειτουργεῖν,
1040 3560 1126 3625 ὅθεν
1148 3559 1188 3641 ἦν
1211 3566 1230 3640 ὴ
1254 3565 1328 3628 tiso·
1362 3586 1427 3628 esse
1453 3566 1628 3628 muneribus
1655 3564 1741 3642 fungi
1767 3563 1823 3637 ibi,
1855 3562 1937 3624 uude
1964 3569 2011 3623 est
2032 3580 2073 3623 ea
2094 3581 2170 3642 quae
2194 3579 2251 3620 eun

432 3666 621 3747 θερώσασα
644 3664 759 3727 αὐτόν·
783 3666 875 3730 δοκεῖ
894 3668 928 3730 δέ
944 3667 1048 3732 αὐτὸν
1062 3670 1259 3754 ἐλευθεροῦν
1274 3672 1334 3748 οὐχ
1362 3671 1516 3735 liberavit:
1540 3672 1658 3735 videtur
1680 3692 1751 3734 vero
1773 3670 1902 3733 liberare
1922 3689 1991 3731 eum
2010 3688 2073 3728 non
2088 3688 2125 3729 ea
2146 3664 2252 3747 quaeai

432 3773 452 3848 η
474 3770 713 3855 καταλείψασα
736 3774 826 3854 αὐτῷ
843 3772 903 3851 τὴν
919 3775 1112 3857 ἐλευθερίαν
1127 3778 1198 3841 ἀλλ’
1218 3779 1237 3854 ί]
1253 3777 1335 3842 ἐλευ-
1362 3778 1534 3842 libertatem
1556 3778 1686 3859 reliquit.
1710 3778 1764 3839 sed
1787 3797 1865 3858 quae
1887 3796 1956 3838 eum
1978 3774 2163 3836 manumisit

432 3877 638 3963 deputando:
655 3919 697 3928 -
1091 3906 1116 3946 o.
1133 3887 1161 3946 2.
1177 3883 1211 3947 O.
1226 3885 1268 3961 Χ,
1284 3889 1334 3950 39.
2007 3902 2033 3944 o
2051 3885 2080 3944 2.
2097 3882 2131 3943 C.
2149 3882 2196 3955 10,
2210 3880 2252 3940 30.

680 4110 800 4165 ΤΙΤΛΟ(
819 4111 857 4179 B‘,
877 4113 1009 4166 ΒΙΒΛΙΟΥ
1028 4113 1086 4167 ΝΔ’
1409 4186 1415 4197 ¹
1595 4111 1762 4171 TITULUS
1780 4112 1818 4181 11,
1837 4111 1943 4168 LIBRI
1960 4111 2026 4167 LIV

431 4251 494 4321 περὶ
510 4252 643 4318 μετοίκων
660 4255 703 4304 καὶ
722 4249 791 4306 ὅπου
808 4272 848 4315 τις
870 4254 916 4322 την
938 4257 1092 4322 κατοίκησιν
1114 4257 1182 4324 ἔχειν
1200 4254 1278 4311 δοκεῖ
1291 4262 1333 4311 καί
1361 4257 1397 4312 de
1415 4256 1514 4312 ineolis
1536 4261 1565 4311 ot
1582 4257 1631 4311 ubi
1649 4257 1713 4328 quis
1731 4254 1903 4311 domicilium
1925 4251 2029 4309 babere
2047 4253 2163 4309 videtur
2183 4256 2210 4308 ot
2224 4249 2254 4304 do

444 4340 505 4410 νιν
524 4339 576 4393 τῶν
594 4336 631 4392 δι’
652 4340 741 4403 attus
756 4343 928 4415 μιειμειωι
947 4341 975 4397 e
993 4342 1058 4415 ειη
1075 4342 1153 4398 nus.
1165 4342 1320 4419 ειεηιιιωι.
1426 4348 1461 4401 su
1479 4347 1528 4418 qui
1545 4346 1700 4401 seuerum
1719 4361 1806 4400 ιιιιει
1822 4345 1852 4398 u
1870 4343 1927 4399 usa
1944 4343 2061 4398 arvinae
2079 4342 2193 4414 ειςειι.

360 4485 396 4540 α’.
498 4479 572 4544 ’Boio
594 4483 615 4545 ό
637 4483 809 4563 γενόμενος
830 4487 982 4565 μέτοικος
1009 4491 1043 4548 ἐν
1069 4489 1161 4569 τόπῳ
1190 4488 1254 4552 τινί
1277 4488 1333 4553 καλ
1428 4489 1462 4552 Si
1498 4491 1524 4552 is
1562 4491 1614 4571 qui
1651 4490 1750 4552 faetus
1781 4482 1834 4551 'est
1870 4488 1972 4549 inoola
2001 4486 2034 4548 in
2064 4488 2168 4568 aliquo
2197 4485 2255 4546 loeo

432 4587 669 4672 λειτουργήσας
693 4588 770 4672 πρὶν
793 4589 872 4666 δεῖς
888 4594 1003 4675 έτέραν
1018 4593 1168 4680 ἑλκυσθῇ
1190 4596 1333 4679 λειτουρ-
1362 4597 1594 4677 muneribusque
1625 4597 1759 4671 innotus,
1792 4605 1958 4676 antequam
1985 4593 2024 4654 ad
2052 4593 2117 4655 alia
2144 4611 2255 4655 vooaro

432 4694 510 4774 γιάν
537 4696 710 4776 μετήνεγκε
741 4694 803 4773 τὴν
832 4699 1029 4774 κατοίκησιν
1060 4701 1192 4779 ἐαυτοῦ,
1225 4702 1332 4766 οὐκέτι
1362 4712 1412 4765 tur
1433 4723 1559 4765 munere
1581 4703 1765 4766 domicilium
1787 4722 1876 4765 suum
1892 4700 2031 4773 mutavit,
2053 4720 2118 4763 non
2134 4698 2255 4780 amplius

432 4800 654 4880 ἀναγκάζεται
688 4805 722 4865 ἐν
753 4804 862 4884 ἐκείνῳ
894 4807 942 4886 τῷ
974 4806 1065 4887 τόπῳ
1092 4807 1333 4891 λειτουργῆσαι.
1362 4810 1480 4890 cogitur
1505 4809 1537 4870 in
1559 4831 1595 4872 eo
1622 4810 1688 4873 looo
1716 4829 1840 4872 munera
1867 4828 1976 4889 gerere.
2021 4827 2094 4869 nam
2123 4805 2255 4886 eoquod

432 4902 473 4968 τό
504 4903 570 4989 γάρ
602 4912 812 4988 μεταστῆσαί
840 4932 916 4973 τινα
943 4909 1004 4987 τὴν
1031 4916 1161 4989 οίκησιν
1187 4914 1248 4991 τὴν
1276 4916 1334 4996 μέν
1361 4917 1548 4978 nanetulerit
1579 4916 1688 4997 aliquis
1716 4915 1900 4979 domicilium
1933 4914 2015 4995 origo
2045 4915 2169 4995 quidem
2200 4914 2256 4974 eius

433 5013 676 5093 ἀρχαιογονίακ
691 5016 797 5079 αὐτοῦ
812 5018 873 5080 οὐκ
887 5019 1095 5083 ἐναλλάσσει·
1118 5018 1157 5084 τό
1174 5020 1209 5084 δέ
1228 5024 1333 5102 μετοί-
1360 5042 1421 5084 non
1437 5032 1579 5097 mutatur,
1595 5023 1744 5086 inoolatus
1759 5043 1832 5086 vero
1846 5030 1990 5084 mutatur.
2026 5042 2051 5084 ο.
2063 5026 2092 5084 2.
2103 5022 2139 5083 0.
2152 5023 2200 5095 10,
2210 5022 2255 5081 40.

432 5139 506 5182 κιον
529 5120 797 5186 ἐναλλάσσεται.4
1075 5147 1100 5189 ο.
1118 5130 1145 5189 2.
1162 5127 1196 5190 G.
1214 5131 1264 5202 10,
1281 5130 1332 5191 40.

363 5230 397 5304 γί.
502 5224 642 5303 Ἀληθές
672 5233 763 5292 ἐστιν
794 5226 847 5292 ότι
878 5232 912 5294 ol
949 5235 1115 5306 οἰκοῦντες
1151 5237 1184 5296 ἐν
1220 5235 1320 5316 ἐνορί,
1427 5236 1544 5300 Verum
1566 5246 1613 5299 est
1633 5237 1753 5317 eosqui
1775 5236 1808 5298 in
1830 5236 1941 5298 linibus
1956 5235 2115 5298 cuiusdam
2131 5232 2257 5298 civitatis

433 5331 556 5406 πόλεώς
578 5355 667 5408 τινος
690 5337 734 5408 ὡς
755 5338 901 5417 μέτοικοι
921 5337 1147 5422 λειτουργοῦσι
1162 5339 1220 5404 καὶ
1236 5341 1334 5422 τιμάς
1360 5343 1502 5406 habitant
1522 5344 1612 5406 siouti
1634 5344 1749 5406 inoolae
1771 5343 1947 5406 muneribus
1970 5342 2057 5423 liungi
2080 5352 2112 5405 et
2134 5342 2258 5404 bonores

432 5438 646 5520 πράττουσιν.
693 5443 763 5526 ἀρα
786 5435 923 5508 οὖνκαὶ
947 5447 966 5508 ό
989 5444 1032 5527 μὴ
1061 5451 1160 5509 οἰκῶν
1187 5452 1221 5510 ἐν
1248 5449 1333 5535 αὐτῇ
1360 5469 1470 5530 gerere.
1515 5451 1620 5531 itaque
1642 5460 1672 5513 et
1693 5451 1719 5512 is
1742 5452 1794 5530 qui
1815 5451 1936 5513 habitat
1957 5472 2018 5513 nou
2040 5451 2070 5512 in
2095 5450 2165 5530 ipsa
2179 5449 2257 5523 urbe,

503 5650 513 5684 ¹
531 5650 627 5707 Habet
643 5652 719 5723 Syn,
738 5653 787 5708 nbi
799 5653 929 5710 laudatur
939 5662 1082 5728 tamquam
1095 5676 1156 5731 esp.
1169 5660 1238 5715 xvi
1250 5661 1333 5715 buius

431 5740 514 5794 tituli.
542 5741 639 5813 Longe
657 5750 820 5797 erraverunt
837 5745 866 5798 in
885 5744 951 5816 Syn.
970 5745 1062 5801 looum
1081 5748 1230 5804 iudicando
1248 5751 1332 5805 Febr.

431 5833 460 5883 et
477 5829 589 5885 Heimb.
666 5830 800 5887 'habent
817 5833 903 5889 schol.
922 5834 985 5889 Bae.
1063 5835 1177 5892 ⁸habet
1195 5838 1260 5909 Syn.
1345 5870 1347 5917 Ι

431 5915 443 5947 ⁴
459 5920 557 5987 paucis
573 5921 686 5974 mutetis
703 5919 790 5976 babet
811 5921 878 5993 Syn.
1345 5926 1348 5983 l
