4680 7114
228 431 476 504 COLLA'HO
500 437 642 504 LIBRI
664 435 977 505 AMBROSIANI
1000 433 1100 502 CUM
1122 435 1366 502 EDITIONE
1389 436 1791 530 HEIMBACHJANA.
1860 443 1923 506 229

210 611 267 677 διὰ
298 613 338 679 τὸ
369 613 448 693 τοὺς
478 614 561 701 μετά
591 628 701 684 ταῦτα
725 650 756 675 =
782 617 840 684 καὶ
872 617 928 684 διά
955 616 995 683 τὸ

137 746 140 751 ’
253 719 297 803 μὴ
319 746 348 787 τ.
371 746 403 806 μ
426 748 454 789 τ.
476 727 516 789 A.
540 724 688 812 (optimo).

210 826 260 891 ἐπὶ
283 835 474 919 περιγραφῇ
495 863 527 887 =
548 830 599 897 ἐπὶ
621 837 738 921 γραφῇ
759 835 798 897 A.

102 954 124 996 ο.
161 937 179 996 6
211 932 264 1020 (ιζ
273 934 334 1024 Α.).
358 938 466 1013 καλῶς
481 941 506 1019 ζ.
526 971 558 995 =
578 941 778 1022 ούκαλῶςζ.
796 942 831 1003 A.
846 939 993 1027 (optime).

210 1042 284 1105 Post
320 1066 370 1108 vv.
405 1047 597 1134 ἀνατρέψαι
629 1045 690 1125 τὴν
727 1047 856 1133 δωρεάν
886 1049 996 1112 desinit

253 1150 356 1213 thema
389 1153 422 1215 in
452 1154 505 1230 A,
537 1156 589 1237 qui
621 1157 658 1218 de
685 1176 781 1218 more:
809 1191 852 1203 -
901 1156 994 1218 addit.

253 1255 377 1321 Novum
403 1260 505 1324 thoma
535 1262 578 1325 sic
609 1283 642 1325 se
673 1262 777 1326 habet:
811 1258 912 1327 Κατά
938 1274 996 1340 της

253 1360 337 1449 πρὸς
367 1363 428 1430 τὸν
455 1366 603 1455 ἀδελφόν
631 1390 694 1432 σου
726 1366 820 1455 παρὰ
846 1378 908 1434 τοῦ
933 1354 997 1457 π’ρς

254 1469 379 1556 δωρεᾶς
406 1471 466 1550 τὴν
492 1476 596 1556 μόνην
622 1486 680 1552 τῆς
707 1475 876 1555 διαθήκης
903 1475 997 1563 παρὰ

253 1585 315 1641 τοῦ
332 1581 499 1663 ἄρχοντος
520 1581 699 1664 γύμνασον,
723 1582 807 1665 ελμὴ
830 1581 870 1648 τὸ
892 1606 995 1648 κατα·

253 1684 454 1768 λελειμμένον
481 1710 535 1752 σοι
557 1711 587 1752 κ.
607 1713 635 1753 τ.
660 1690 687 1752 λ.
716 1688 845 1776 (corrige
872 1694 996 1776 μέμψιν

253 1812 308 1873 pro
335 1793 439 1874 μένην
467 1805 498 1858 et
524 1796 568 1858 sic
593 1806 690 1860 verte:
722 1796 836 1860 Contra
862 1798 996 1861 donatia

253 1919 322 1961 nem
353 1921 373 1962 α
403 1910 490 1983 patre
516 1903 549 1965 in
579 1903 702 1966 fratrem
733 1913 821 1966 tuum
852 1905 994 1968 collatam

253 2005 291 2067 de
323 2006 456 2069 officioso
487 2009 640 2089 querelam
672 2012 755 2092 apud
786 2013 995 2093 magistratum

253 2133 367 2187 exerce,
389 2114 448 2177 nisi
470 2116 502 2177 id
523 2117 604 2198 quod
623 2117 678 2180 tibi
696 2128 743 2179 est
761 2118 898 2182 reliotum
916 2123 993 2199 σεε).

31 2233 61 2281 1'.
97 2236 120 2277 ο.
161 2220 268 2281 7-10
292 2217 358 2305 (ιθ’
382 2218 443 2306 Α.).

96 2344 121 2403 ο.
160 2329 187 2387 7.
212 2328 256 2398 είς
278 2328 395 2409 τρίτον
415 2358 447 2383 =
469 2331 513 2403 είς
535 2325 575 2392 τὸ
598 2329 714 2413 τρίτον
736 2332 776 2394 A

95 2451 120 2492 ο.
159 2434 187 2493 8.
212 2428 268 2494 ὅτε
291 2431 325 2496 δὲ
347 2435 368 2510 ἡ
390 2434 497 2521 μήτηρ
519 2466 551 2490 =
572 2434 627 2500 ὅτε
650 2436 684 2500 δὲ
707 2436 764 2501 καί
786 2440 807 2514 η
829 2461 861 2521 μ
884 2440 923 2502 A.

205 2549 440 2616 συναινοῦντος
461 2571 493 2596 =
515 2545 670 2607 συνένουν
693 2545 736 2606 sie
758 2543 797 2607 A.

95 2666 118 2707 ο.
138 2646 187 2708 10.
211 2643 272 2723 τὴν
303 2647 422 2712 οὐσίαν
453 2657 567 2714 πᾶσαν
597 2681 628 2705 =
659 2659 773 2715 πᾶσαν
805 2651 906 2730 αὐτῆς
936 2652 996 2731 τὴν

253 2753 372 2817 ούσίαν
393 2754 433 2818 A

208 2857 298 2924 κατὰ
319 2861 455 2943 μίμησιν
473 2873 532 2939 τῆς
555 2862 627 2949 περὶ
648 2863 817 2943 διαθήκης
843 2868 995 2953 μέμψεως

257 2996 289 3021 =
317 2990 347 3031 κ.
370 2990 402 3051 μ.
425 2979 484 3046 της
507 2969 733 3059 δεινοφικιοσο
755 2973 794 3035 A.

207 3071 268 3150 τὴν
285 3077 410 3161 μέμψιν
425 3074 485 3153 τὴν
502 3074 592 3141 κατὰ
605 3087 673 3141 τῶν
694 3077 846 3165 ἀμέτρων
864 3078 995 3165 δωρεῶν

256 3208 288 3234 =
317 3179 378 3258 την
400 3180 438 3245 δε
460 3183 645 3247 inomclosm
667 3186 879 3262 d⁰nau⁰n1bus
901 3188 941 3249 A.

332 3340 452 3395 ΤΙΤΛΟ(
471 3341 510 3409 ξ’,
531 3342 664 3397 ΒΙΒΛΙΟΥ
682 3344 755 3398 MA'.

397 3447 432 3502 In
450 3464 549 3520 marga
569 3446 610 3503 Ne
630 3447 689 3521 Ηβ.

90 3573 116 3616 ο.
157 3556 184 3614 1.
208 3556 387 3617 omittuntur
402 3556 432 3617 in
449 3556 488 3618 A
503 3563 545 3622 v⁸.
562 3558 602 3620 ού
621 3557 810 3641 δυναμένων
828 3596 870 3607 -
890 3597 932 3607 -
952 3598 993 3609 -

251 3661 443 3747 παραβῆναι
475 3665 603 3728 σκοπόν
633 3675 725 3747 atquo
747 3669 775 3729 ελ
796 3663 862 3752 γὰρ
893 3676 994 3731 τοῦτο

250 3768 492 3850 έλαττούμεθα.

28 3888 52 3937 1¹.
89 3895 115 3937 ο.
157 3877 176 3937 2
209 3872 277 3962 (θ).
299 3878 320 3953 ἡ
343 3876 484 3965 φροντὶς
504 3905 536 3931 =
558 3876 699 3963 φροντὶς
720 3877 760 3941 A.

89 4002 116 4044 ο.
158 3987 177 4045 3
210 3980 275 4069 (ys).
299 3982 450 4070 θυγατρὶ
473 3984 493 4061 δ
516 3985 640 4067 έμγόνηι
661 4014 694 4039 =
715 3986 754 4049 θ.
777 3989 842 4068 έγη.
865 3987 904 4050 A.

206 4088 257 4152 έπλ
280 4090 389 4173 τούτῳ
413 4088 481 4176 ὅρη)
502 4121 534 4146 =
555 4088 606 4155 ἐπὶ
629 4095 678 4174 τῷ
699 4091 841 4174 τοιούτῳ
865 4090 914 4178 ύρ.
937 4095 977 4157 A.

205 4198 384 4277 μετουσίαν
406 4200 490 4276 ἔχειν
511 4228 543 4252 =
564 4200 587 4262 1.
610 4221 642 4281 μ.
665 4199 705 4262 A.

206 4307 420 4388 προσεγένετο
441 4334 473 4360 =
495 4305 625 4369 -ίνετο
648 4306 688 4368 A.

206 4412 389 4495 πράγματα
412 4408 499 4476 ούτω
521 4435 598 4478 κατ.
617 4442 650 4468 =
671 4434 724 4497 πρ.
741 4410 786 4477 τά
801 4408 888 4476 ούτοι
906 4435 935 4476 ιι.
951 4414 991 4477 A.

206 4517 249 4581 δι’
268 4512 367 4604 οὗπερ
385 4519 558 4608 συνῄδεις
569 4519 610 4584 δι’
629 4512 729 4604 οὗπερ
745 4517 788 4583 ἀν
806 4519 935 4597 συνείδη
951 4520 990 4582 A.

206 4628 320 4712 μέχρις
342 4623 424 4691 ὅτου
444 4657 476 4683 =
496 4651 528 4710 μ.
552 4625 636 4691 ὅταν
658 4627 698 4690 A.

205 4736 251 4811 έχ.
267 4742 329 4797 τοῦ
343 4733 578 4818 διατιθεμένου
599 4763 631 4789 =
652 4736 675 4797 έ.
690 4756 719 4797 τ.
735 4731 936 4817 διαθεμένου
953 4739 991 4797 A

207 4843 234 4904 εί
256 4840 300 4923 δὲ,
324 4842 368 4915 ὡς
390 4838 476 4916 εἰκὸς
497 4871 529 4896 =
551 4844 613 4905 εἴτε
636 4842 671 4904 ιδ.
694 4862 717 4904 ε.
745 4840 780 4904 A.

205 4946 413 5012 ύπεισελθεῑν
435 4948 455 5025 ἢ
476 4947 520 5030 μὴ
544 4978 576 5003 =
597 4947 755 5012 ὑπελθεῖν
777 4950 804 5011 εί
824 4970 856 5030 μ.
879 4948 919 5010 A

205 5053 226 5132 δ
248 5054 409 5132 δυνηθείη
432 5053 647 5132 ἣτελευτήσει
675 5086 707 5111 =
732 5052 815 5136 ἡμὴ
831 5052 991 5131 δυνηθειή

249 5161 368 5226 τελευτ.
391 5163 430 5226 A.

206 5272 319 5354 μέχρις
341 5266 422 5333 δτου
443 5298 475 5324 =
495 5271 609 5354 μέχρις
631 5266 715 5333 ὅταν
736 5270 776 5332 A.

206 5380 241 5440 έν
263 5377 396 5450 έκείυοις
419 5380 459 5459 (p.
479 5379 551 5451 161,
574 5375 594 5438 l.
613 5379 644 5459 6)
665 5405 697 5431 =
718 5376 851 5448 ἐκείνοις
873 5374 913 5437 A.

205 5482 344 5561 τοιαύτη
366 5481 493 5568 αἵρεσις
514 5512 546 5537 =
568 5505 596 5546 τ.
619 5484 639 5559 η
662 5480 728 5568 αίρ.
750 5481 791 5545 A.

339 5641 459 5696 ητΛο(
477 5644 513 5711 η,
532 5641 664 5695 emmo*
682 5642 749 5696 Μυ.

383 5749 428 5819 (1¹1
446 5766 546 5821 marga
567 5746 608 5803 Ne
626 5748 692 5820 ντί)

84 5879 112 5921 ο.
156 5862 185 5921 1.
208 5858 310 5939 μένης
325 5859 539 5944 φιλονεικίας,
556 5859 668 5939 ἐτέρου
681 5859 722 5939 (p.
742 5859 813 5930 162,
830 5852 931 5940 2-3)
952 5883 984 5909 --

205 5967 308 6049 μόνης
330 5969 421 6029 ἐστιν
443 5966 523 6053 φιλ,
547 5968 659 6052 ἐτέρου
682 5962 716 6027 δὲ
739 5965 776 6025 A.

1139 625 1209 691 τοῖς
1225 616 1397 681 τελευτῶσι
1414 617 1572 683 δοκοῦσιν
1592 649 1624 674 =
1646 619 1782 684 δοκοῦσι
1799 643 1827 684 τ.
1843 644 1871 684 τ.
1887 623 1924 684 A.

1138 721 1220 808 πρὸς
1243 704 1418 799 δανειστὰς
1439 756 1471 780 =
1492 723 1576 812 πρὸς
1591 723 1669 802 τούς
1684 726 1712 791 δ.
1727 732 1764 792 A.

1137 834 1271 915 ἐρευνᾶν
1291 862 1323 885 =
1345 833 1522 917 ἀνερευνᾶν
1543 835 1581 894 A.

1137 945 1200 1000 τοῦ
1221 937 1456 1021 διατιθεμένου
1480 939 1563 1023 ῥηθ.
1584 971 1615 995 --
1642 949 1703 1004 τοῦ
1725 939 1925 1025 διαθεμένου
1959 951 2006 1021 sol.
2021 956 2071 1005 18¹.

1068 1042 1072 1055 '
1182 1043 1271 1128 (1.4.

1138 1146 1178 1214 τὸ
1201 1148 1261 1214 τδν
1283 1150 1532 1234 ἐναντιούμενον
1552 1183 1584 1207 =
1606 1150 1666 1217 τὸν
1684 1158 1725 1217 έν.
1748 1157 1786 1218 A.

1139 1266 1201 1320 τοῦ
1222 1258 1478 1336 τελευτησαντος
1499 1290 1531 1314 =
1552 1283 1580 1324 τ.
1604 1261 1820 1337 τελευτῶντος
1842 1265 1879 1326 A.

1260 1435 1380 1490 ΤΙΤΛΟ(
1398 1436 1443 1504 Z‘,
1463 1436 1595 1491 ΒΙΒΛΙΟΥ
1613 1438 1686 1492 ΜΑ’.

1296 1559 1330 1614 In
1348 1577 1447 1633 marga
1466 1558 1491 1632 β.
1510 1561 1554 1629 λζ’,
1574 1545 1596 1617 τ’.
1615 1562 1651 1627 ζ.

1023 1704 1047 1746 ο.
1089 1685 1105 1744 1
1130 1705 1175 1765 pr.
1200 1682 1265 1771 (α’).
1291 1692 1307 1763 ξ
1326 1690 1354 1748 1.

1022 1810 1048 1853 ο.
1090 1792 1116 1853 1.
1142 1797 1158 1868 ξ
1176 1795 1205 1853 2.
1230 1791 1354 1878 ἀφῆλιξ
1377 1791 1397 1870 ἣ
1420 1793 1520 1868 ἀλλος
1541 1823 1572 1849 =
1593 1796 1654 1882 ἀφ.
1677 1795 1777 1870 ἀλλος
1800 1799 1836 1859 A.

1022 1918 1048 1958 ε.
1090 1901 1118 1959 1.
1142 1902 1205 1974 53.
1227 1895 1302 1961 Ἐάν
1325 1936 1366 1947 -
1390 1900 1514 1988 μράφω
1535 1930 1567 1955 --
1587 1898 1661 1964 Ἐἀν
1677 1939 1719 1949 -
1739 1904 1865 1988 γράφοι
1888 1908 1926 1967 A.

1023 2023 1049 2064 ε.
1090 2008 1117 2066 1.
1143 2008 1227 2081 515.
1253 2011 1270 2083 ξ
1289 2008 1338 2069 16.
1363 2006 1403 2069 ού
1424 2007 1527 2089 μόνον
1547 2037 1579 2062 =
1601 2009 1641 2071 ού
1662 2011 1763 2091 μόνος
1784 2014 1821 2073 A.

1182 2108 1268 2174 ἀλλά
1290 2113 1411 2187 πάντες
1431 2143 1463 2168 =
1485 2112 1571 2179 ἀλλά
1593 2116 1650 2179 καὶ
1674 2138 1705 2180 π.
1728 2120 1765 2180 A.

1023 2238 1048 2280 ε.
1089 2220 1116 2279 1.
1142 2224 1158 2296 ξ
1178 2222 1227 2281 17.
1250 2219 1434 2294 ἀπολυθεὶς
1456 2231 1515 2298 της
1536 2252 1567 2277 =
1589 2222 1774 2299 ἀπολυθείς
1797 2222 1864 2289 ἀπὸ
1887 2228 1925 2289 A.

1181 2328 1216 2388 έν
1230 2329 1279 2409 τη·
1295 2326 1448 2391 τελευτᾶν
1468 2358 1500 2382 --
1520 2326 1604 2410 μετὰ
1618 2328 1658 2393 τὸ
1674 2331 1737 2395 τε).
1753 2334 1790 2394 A.
1838 2340 1854 2410 5
1872 2335 1923 2395 20.

1022 2452 1047 2495 ο
1089 2433 1116 2494 1.
1140 2439 1157 2510 §
1177 2436 1227 2496 23.
1251 2431 1350 2497 δόλον
1373 2434 1435 2497 ούκ
1456 2436 1565 2513 ἐκτήσ.
1586 2465 1618 2490 =
1640 2435 1707 2500 δόλ.
1731 2443 1795 2502 ἐκτ.
1819 2441 1856 2501 A.

1024 2559 1049 2600 ο.
1091 2542 1118 2602 1.
1143 2546 1159 2617 ξ
1178 2542 1228 2603 24.
1252 2549 1313 2605 τοῦ
1327 2539 1455 2625 πατρὸς
1475 2543 1650 2623 μείναντας
1664 2553 1769 2608 ετού
1782 2530 1846 2631 π-ρς
1861 2547 1924 2627 μεί·

1182 2668 1303 2722 ναντος
1324 2652 1361 2712 A.

1137 2761 1257 2837 κρατεῖ
1275 2751 1320 2818 τὰ
1342 2757 1386 2818 έκ.
1415 2785 1447 2810 =
1475 2777 1526 2842 κρ.
1549 2758 1593 2821 ἐκ.
1614 2761 1652 2821 A.
1675 2756 1741 2844 (qui
1763 2758 1924 2822 lectionem

1181 2858 1248 2924 ἀπὸ
1273 2882 1380 2946 τριακ.
1403 2884 1484 2944 νομ,
1507 2873 1543 2926 ut
1563 2865 1690 2940 videtur,
1714 2864 1891 2946 confirmat).

1022 2986 1046 3028 ε.
1087 2968 1115 3027 1.
1140 2964 1256 3044 62411.
1280 2970 1460 3054 πρόσωπον
1481 2998 1513 3024 --
1535 2966 1574 3033 τὸ
1598 2990 1694 3056 προσ.
1718 2969 1756 3034 A

1021 3091 1046 3134 ο
1086 3074 1105 3134 2
1137 3070 1195 3159 (β)
1210 3096 1255 3156 pr.
1277 3073 1548 3161 κυοφορούμενον
1568 3105 1600 3131 ==
1620 3099 1720 3164 κυοφ.
1743 3075 1815 3142 υἱὸν
1837 3081 1874 3142 A.

1138 3176 1218 3266 ὅπερ
1242 3180 1359 3264 δικαίῳ
1380 3212 1413 3237 --
1435 3179 1515 3268 δπερ
1539 3182 1573 3246 δὲ
1597 3182 1658 3247 δικ.
1681 3187 1718 3247 A

1136 3286 1313 3353 κατέλιπον
1333 3319 1365 3344 =
1386 3289 1580 3353 καταλιπων
1601 3293 1638 3353 A.
1684 3298 1701 3368 5
1720 3295 1747 3354 1.
1766 3296 1794 3355 2.

1021 3412 1046 3454 c.
1085 3396 1114 3456 3.
1139 3399 1155 3470 ξ
1173 3398 1267 3457 2-4.
1293 3402 1309 3472 5
1327 3400 1346 3458 6
1367 3394 1409 3482 (δ
1424 3394 1486 3483 A).
1509 3396 1738 3475 ύποθετηθελς
1759 3429 1790 3454 =
1812 3401 1923 3463 υίοθε·

1181 3499 1299 3576 τηθελς
1313 3504 1350 3566 A.

1021 3627 1046 3669 ε.
1086 3610 1114 3670 6.
1137 3610 1270 3688 γένηται
1291 3638 1323 3662 =
1344 3611 1468 3691 γίνεται
1491 3613 1528 3673 A
1573 3633 1597 3674 o.
1616 3617 1644 3676 7.

1017 3730 1047 3776 ἐ.
1087 3717 1106 3776 6
1139 3713 1212 3801 (θ).
1234 3712 1318 3798 μετὰ
1341 3716 1376 3780 δὲ
1396 3748 1429 3773 =
1450 3714 1532 3801 μετὰ
1554 3727 1663 3783 ταῦτα
1686 3718 1720 3783 δὲ
1743 3722 1779 3782 A

1138 3820 1309 3905 δεχόμεθα
1331 3822 1391 3888 τὸν
1412 3846 1480 3907 μετ.
1501 3853 1533 3881 =
1554 3824 1621 3904 δεχ.
1645 3847 1712 3908 μετ.
1739 3829 1773 3889 A.

1021 3930 1105 3990 610
1137 3926 1218 4014 (ιοί).
1263 3951 1289 3993 ο.
1307 3934 1345 3992 11
1364 3929 1441 4017 (ιβ’).

1020 4055 1045 4095 ο.
1064 4039 1103 4098 12
1126 4057 1171 4117 pr.
1188 4034 1245 4118 (ιβ’
1254 4043 1380 4119 rursus).
1404 4042 1438 4101 έν
1453 4041 1500 4120 τῷ
1516 4037 1725 4124 διαιρεῖσθαι
1736 4038 1922 4128 τὴνκληρο-

1178 4144 1297 4225 νομίαν
1321 4174 1354 4199 =
1379 4150 1413 4208 έν
1434 4147 1482 4227 τῷ
1505 4143 1577 4232 περὶ
1601 4144 1791 4230 διαιρέσεως
1813 4169 1922 4234 φαμη·

1179 4248 1252 4325 λίας
1272 4250 1474 4336 δικαστηρίῳ
1497 4255 1534 4315 A.

1020 4376 1045 4418 ο.
1064 4358 1113 4419 12.
1137 4362 1154 4433 6
1173 4360 1200 4419 1.
1224 4357 1263 4420 ού
1272 4356 1335 4439 μὴν
1344 4355 1401 4422 ἑάν
1416 4360 1523 4440 ἑαυτῷ
1539 4360 1557 4421 δ
1572 4359 1781 4445 ἐπερωτήσας
1791 4382 1922 4446 προςεπ.
1957 4367 2004 4435 soL
2018 4372 2069 4422 έν.

1142 4492 1174 4517 --
1195 4463 1235 4526 ού
1256 4461 1321 4545 μὴν
1343 4461 1402 4528 έάν
1425 4464 1516 4547 αύτῷ
1539 4486 1637 4551 προσ.
1661 4469 1695 4530 A.

1020 4590 1044 4632 ε.
1063 4573 1112 4631 12.
1136 4571 1199 4648 65.
1222 4573 1586 4653 γενόμεναι-γινόμενα
1594 4576 1631 4635 A.
1664 4577 1721 4650 §1
1744 4595 1769 4637 υ.
1788 4579 1827 4637 13
1843 4573 1857 4661 (
1871 4572 1920 4661 δ’).

1020 4698 1044 4739 ε.
1064 4680 1104 4738 14
1136 4674 1186 4762 (ιε’
1201 4674 1260 4762 A).
1284 4677 1506 4763 ἐπερωτηθεὶς
1527 4708 1559 4733 =
1580 4681 1682 4743 -θῶ
1705 4683 1755 4744 A:
1778 4682 1862 4745 bene.

1137 4785 1383 4867 ἀμνημόνευτον
1404 4814 1436 4840 =
1458 4788 1532 4867 ἀμν.
1555 4783 1661 4863 αὐτὴν
1679 4788 1718 4850 A.

1019 4912 1044 4954 ο
1063 4893 1103 4955 16
1126 4889 1205 4978 (ιη’).
1228 4890 1320 4956 θέλει
1341 4920 1373 4947 =
1396 4893 1480 4979 θέλη
1503 4894 1539 4955 A.

1133 4996 1337 5084 τοῦπατρὸς
1357 5028 1390 5054 --
1411 5007 1473 5063 τοῦ
1486 4984 1550 5082 {esc
1569 4998 1630 5077 τὴν
1645 5001 1870 5087 κληρονομίαν
1884 5006 1921 5065 A.

1136 5102 1225 5191 (xa).
1249 5105 1371 5183 ἔθηκεν
1391 5136 1424 5162 =
1444 5108 1602 5185 ἐνέθηκεν
1623 5112 1659 5172 A.

1135 5211 1325 5277 ἀδιαθέτου
1341 5250 1382 5261 -
1399 5212 1505 5277 αύτού
1525 5243 1557 5269 ·--·
1578 5236 1635 5278 om.
1659 5216 1695 5277 A.

1019 5340 1043 5382 ο.
1060 5321 1102 5382 22
1134 5317 1218 5404 (κθ).
1240 5341 1291 5393 τις
1313 5321 1374 5402 υίῷ
1394 5349 1427 5375 =
1448 5343 1499 5395 τις
1521 5319 1572 5385 έπλ
1595 5320 1688 5386 παιδί
1711 5326 1747 5385 A

1133 5423 1191 5489 καὶ
1214 5426 1233 5489 δ
1255 5428 1326 5501 υίὸς
1348 5428 1466 5515 ἀπῄτει
1487 5458 1518 5483 =
1539 5451 1569 5492 κ.
1592 5429 1611 5492 ὀ
1635 5437 1713 5503 παῖς
1735 5431 1873 5494 ἀπαιτεῖ
1883 5433 1920 5496 A.

1019 5553 1043 5595 ε.
1061 5535 1102 5594 23
1135 5530 1221 5619 (καί).

1018 5660 1043 5702 ε.
1060 5642 1101 5703 24
1136 5637 1221 5726 (κδ)
1244 5638 1301 5703 καλ
1325 5640 1459 5723 οὐδεμία
1476 5678 1517 5689 -
1534 5639 1661 5728 πατρὸς
1682 5672 1714 5698 =
1735 5665 1792 5707 om.
1807 5646 1844 5707 A.

1018 5767 1042 5809 c.
1060 5750 1100 5809 25
1133 5745 1213 5833 (xe).
1244 5746 1296 5810 Ἐκ
1322 5757 1390 5810 τῶν
1409 5783 1451 5795 -
1472 5748 1629 5833 ῥημάτων
1655 5779 1687 5803 --
1711 5749 1763 5813 'Ex
1782 5760 1852 5825 τοῖς
1878 5786 1915 5798 -

1176 5853 1300 5937 ῥήμασι
1324 5856 1371 5937 (ιιι
1393 5855 1466 5918 Alibi
1488 5860 1524 5920 ἐκ
1545 5877 1615 5919 cum
1637 5853 1713 5941 dat.)
1735 5859 1772 5919 A.

1018 5981 1043 6023 e.
1060 5962 1100 6024 26
1133 5957 1218 6047 (κς).
1251 5962 1289 6024 In
1315 5982 1423 6043 marga
1453 5959 1537 6040 02⁰²:
1564 5960 1655 6026 κατὰ
1682 5960 1742 6039 τὴν
1764 5965 1920 6027 ἔνστασιν

1959 2982 2006 3050 sol.
2021 2986 2073 3035 18'.

1019 5126 1045 5168 ο.
1062 5106 1102 5168 21
