4842 7018
454 441 516 504 140
1119 432 1272 499 LIBER
1295 432 1412 497 LVIII.
1456 433 1546 499 TIT.
1569 433 1613 499 II.

370 630 415 682 ια’.
517 617 549 682 ’0
572 617 722 681 δουλείαν
745 616 872 691 ἐπιθείς
895 625 955 679 τοῦ
976 614 1019 696 μὴ
1050 616 1184 701 ύψῶσαι
1212 613 1350 677 δύναται
1446 616 1509 693 Qui
1531 617 1704 678 servitutem
1721 615 1811 677 ultius
1827 636 1887 676 non
1902 616 2028 677 tollendi
2049 617 2160 697 petitur
2173 630 2254 697 potest

454 724 575 809 δένδρα
602 727 688 802 έγειν
711 723 789 807 ύπὲρ
813 721 852 787 τὸ
875 719 978 809 ύψος·
1007 726 1034 785 sl
1060 725 1170 804 μέντοι
1195 722 1352 808 ἀπόψεως
1381 723 1518 785 arborem
1540 722 1651 785 hebere
1673 743 1766 803 supra
1781 722 1983 796 altitudinem
2007 724 2116 784 sivero
2137 744 2254 805 prospw

454 836 594 909 συνέστη
611 831 742 895 δουλεία
750 825 1354 910 καὶέμποδίζουσιν,1ούδύναται;-’
1381 843 1430 892 tus
1457 830 1585 892 servitus
1612 831 1651 891 sit
1677 830 1841 892 constitute
1869 829 2079 913 [arbores]que
2104 833 2255 912 impedient,

1250 936 1286 998 fr.
1305 939 1353 997 12.
1381 958 1442 1001 non
1465 946 1564 1018 potest
1585 934 1666 1018 [quis
1689 957 1741 998 eus
1763 936 1896 1017 hebere}
2171 938 2202 998 ir.
2216 941 2255 1002 12.

374 1053 416 1110 ιδ.
517 1046 563 1109 ‘H
581 1056 638 1121 τῆς
661 1045 820 1131 εἰπόψεως
843 1043 974 1107 δουλεία
997 1043 1186 1126 πλατυτέρα
1208 1039 1277 1106 ἐστὶ
1297 1052 1354 1117 τῆς
1447 1044 1630 1125 Prospectus
1645 1044 1773 1105 servitus
1787 1042 1877 1105 letior
1891 1052 1937 1104 est
1956 1044 2100 1106 servitute
2116 1043 2255 1108 luminum:

454 1163 522 1215 τῶν
544 1162 681 1238 φωτῶν·
703 1148 760 1214 καὶ
783 1153 802 1214 ό
826 1147 920 1235 παρὰ
943 1149 1002 1227 τὴν
1025 1149 1175 1213 δουλείαν
1195 1148 1355 1233 βλάπτων
1382 1159 1412 1211 et
1434 1151 1461 1211 ei
1484 1151 1534 1229 qui
1557 1160 1663 1211 oontrs
1685 1150 1859 1213 servitutem
1881 1150 2047 1212 luminibus
2065 1150 2156 1213 offioit
2175 1164 2257 1232 potest

455 1256 498 1323 τὰ
521 1255 622 1345 portel
645 1257 717 1340 περὶ
740 1259 956 1337 καινοτομίας
979 1255 1251 1338 παραγγέλλεταιε
1268 1292 1309 1301 -
1383 1278 1493 1319 novum
1516 1277 1592 1337 opus
1614 1257 1755 1319 nuntiari.
2173 1257 2204 1318 fr.
2219 1262 2256 1320 15.

1252 1362 1287 1423 fr.
1306 1366 1354 1423 15.

378 1483 419 1536 ιε’.
528 1468 573 1535 Τὸ
596 1472 654 1553 μὲν
676 1470 742 1556 γὰρ
766 1482 839 1557 φῶς
861 1476 930 1535 ἐστι
955 1467 1014 1533 τόν
1037 1467 1182 1554 οὐρανόν
1200 1470 1354 1551 θεωρεῖν·
1448 1471 1567 1532 Lumen
1590 1470 1670 1531 enim
1685 1479 1731 1531 est
1752 1469 1885 1543 „eoelum
1903 1470 2081 1550 inspicere“:
2105 1483 2258 1553 prospectus

286 1590 333 1656 sol.
347 1595 419 1644 251'.
456 1581 475 1656 ἡ
499 1578 533 1642 δέ
556 1581 686 1665 ἅποψις
708 1577 765 1642 καλ
789 1584 823 1641 έν
841 1587 911 1651 τοῖς
925 1580 1127 1661 κατωτέροις
1142 1577 1257 1649 τόποις
1273 1571 1353 1639 εἶναι
1383 1597 1454 1639 vero
1476 1587 1567 1638 etex
1582 1576 1772 1639 inferioribus
1787 1577 1861 1639 loeis
1876 1597 1942 1639 esse
1955 1586 2069 1658 potest:
2093 1578 2258 1641 lumenrero

456 1684 610 1749 δύναται·
647 1682 687 1748 τό
715 1684 749 1748 δὲ
776 1695 849 1773 φῶς
881 1684 915 1767 ἐξ
942 1684 1153 1765 ὑποκειμένου
1184 1683 1290 1745 τόπου
1317 1683 1355 1744 ού
1382 1705 1421 1746 ex
1443 1683 1576 1746 subiecto
1598 1683 1665 1745 looo
1688 1702 1754 1745 esse
1776 1704 1835 1744 non
1860 1692 1966 1764 potest
2174 1687 2205 1746 fr.
2219 1689 2258 1747 16.

457 1791 596 1855 δύναται
620 1788 714 1855 εἶναιε
731 1829 773 1840 -
1252 1790 1287 1851 fr.
1306 1792 1354 1851 16.

376 1909 420 1973 ις.
521 1894 595 1961 ’Ere
628 1897 763 1983 δένδρον
795 1898 965 1984 φυτευθὲν
992 1896 1146 1982 ἐμποδίζῃ
1178 1900 1225 1976 τῷ
1258 1894 1354 1980 φωτὶ,
1449 1897 1482 1959 si
1506 1897 1596 1958 arbor
1617 1895 1775 1978 plantatus
1797 1896 1911 1959 officiet
1932 1896 2047 1971 lumini
2072 1906 2174 1960 eontra
2187 1901 2259 1961 serri-

458 2001 550 2089 παρόι
580 2002 640 2082 τὴν
668 2004 819 2068 δουλείαν
841 2005 978 2085 γίνεται,
1003 2009 1028 2067 εί
1056 2003 1090 2067 δὲ
1118 2008 1165 2085 τῷ
1189 2002 1278 2089 φωτὶ
1300 2003 1356 2085 μὲν
1384 2014 1478 2066 tutem
1502 2003 1533 2064 id
1555 2003 1602 2076 fit;
1630 2004 1656 2065 si
1679 2024 1751 2065 vero
1772 2003 1880 2064 lumini
1896 2023 1956 2065 non
1979 2002 2085 2076 officit,
2108 2005 2159 2066 sed
2181 2006 2260 2066 eufert

457 2113 518 2175 οὐκ
540 2110 710 2192 ἐμποδίζει,
734 2112 929 2199 ἀφαιρεῖται
949 2110 983 2173 δὲ
998 2107 1058 2174 τόν
1073 2107 1173 2190 ἣλιον,
1196 2112 1258 2187 οὐχ
1281 2110 1356 2173 ὑπο
1384 2110 1486 2184 solem,
1513 2130 1573 2172 non
1596 2110 1712 2185 incidit,
1739 2111 1796 2171 nisi
1819 2110 1903 2172 loeus
1931 2109 2028 2172 subsit
2049 2110 2116 2172 sole
2136 2112 2259 2192 indigens

457 2220 579 2299 πίπτει,
612 2222 638 2281 εί
669 2216 713 2299 μὴ
746 2219 847 2291 τόπος
878 2217 1047 2281 ύπόκειται
1080 2217 1172 2293 ἡλίου
1199 2216 1356 2299 δεόμενος,
1384 2217 1460 2279 forte
1481 2215 1633 2279 solarium.
2128 2217 2162 2279 fr.
2178 2222 2211 2280 17
2225 2240 2259 2300 pr.

451 2323 561 2402 τυχόν
583 2324 733 2401 ἡλιακόνι
751 2361 792 2371 -
1201 2324 1237 2386 fr.
1255 2328 1294 2385 17
1311 2345 1355 2406 pr.

524 2429 671 2495 Σκόλαν
693 2431 860 2495 ἐπιθεῖναι
883 2436 929 2512 τῷ
952 2435 1052 2511 κοινῷ
1075 2432 1177 2512 τοίχῳ
1202 2428 1356 2511 δύναμαι·
1451 2430 1572 2492 Seslsm
1587 2450 1737 2511 apponere
1750 2432 1901 2493 eommuui
1913 2432 2021 2513 parieti
2035 2452 2171 2511 possum:
2185 2453 2261 2494 reno·

457 2537 696 2603 όπυκινεῖσθαι
719 2534 784 2623 γὰρ
809 2537 961 2602 δύναταιε
979 2534 1043 2584 —³
1175 2538 1209 2600 fr.
1229 2540 1277 2600 19.
1294 2545 1310 2614 ξ
1329 2542 1356 2599 3.
1385 2538 1449 2600 veri
1472 2537 1553 2598 enim
1576 2546 1683 2617 potest.
2101 2538 2135 2600 fr.
2153 2541 2197 2600 19.
2212 2545 2226 2615 ξ
2239 2544 2260 2599 3.

388 2655 420 2707 κ’.
524 2644 575 2709 Αἱ
596 2655 664 2708 τῶν
686 2648 786 2708 οἴκων
809 2644 950 2708 δουλεῖαι
979 2640 1035 2708 διὰ
1062 2655 1120 2720 τῆς
1142 2655 1243 2725 νομῆς
1264 2646 1355 2707 κατέ·
1451 2643 1583 2705 Aedium
1606 2645 1766 2706 servitutes
1783 2645 1971 2726 possessione
1988 2646 2156 2707 retinentur
2169 2655 2261 2707 eteor-

455 2773 578 2830 γονται
614 2749 671 2815 καλ
709 2754 728 2828 ἡ
761 2751 927 2828 συνήθεια
963 2754 1010 2833 τῷ
1042 2754 1201 2833 χρωμένῳ
1234 2751 1357 2836 poluit·
1386 2750 1513 2813 suetudo
1535 2771 1589 2831 pro
1612 2771 1648 2813 eo
1670 2753 1722 2832 qui
1746 2751 1840 2813 utitur
1863 2760 2008 2814 servatur.
2130 2751 2164 2814 fr.
2180 2755 2215 2813 20
2228 2774 2261 2831 pr.

459 2881 564 2922 retur:
580 2855 645 2905 -⁴
1203 2858 1239 2920 fr.
1256 2862 1297 2920 20
1314 2879 1356 2938 pr.

371 2974 421 3047 ιγ.
522 2962 1357 3051 Όλέγων·,ὥςείσιτολνιῖνφῶταέστωσανέέ
1452 2964 2261 3043 Quidixerit„utsuntluminsitssunto“rlefirtnris

459 3069 532 3152 περὶ
559 3081 626 3134 τῶν
652 3071 838 3152 μελλόντων
864 3069 959 3134 οὐδὲν
989 3071 1084 3152 λέγει·
1117 3073 1136 3134 ό
1164 3070 1198 3133 δὲ
1225 3081 1358 3151 γενικῶς
1385 3070 1460 3132 nihil
1484 3070 1568 3132 dicit:
1591 3071 1735 3150 quivero
1758 3071 1938 3150 generaliter
1959 3072 2070 3135 dixerit
2097 3094 2152 3147 „ne
2173 3073 2262 3134 efflue

460 3180 562 3258 λέγων
584 3176 627 3258 μὴ
649 3177 816 3263 βλαβῆναι
839 3175 884 3242 τὰ
906 3188 1007 3264 φῶτα
1028 3176 1085 3241 καλ
1109 3175 1180 3261 περὶ
1205 3187 1271 3240 τῶν
1288 3178 1357 3258 μελ-
1385 3186 1436 3240 tur
1462 3177 1645 3238 luminibus“
1672 3186 1704 3239 et
1729 3178 1767 3240 de
1794 3179 1902 3240 futuris
1929 3179 2027 3242 dioere
2053 3180 2180 3242 videtur.

460 3285 586 3348 λόντων
609 3284 702 3348 δοκεῖ
720 3284 835 3365 λέγεινι
852 3321 893 3331 -
1204 3284 1238 3345 fr.
1256 3287 1297 3346 23
1314 3306 1357 3365 pr.
2132 3287 2166 3347 fr.
2182 3291 2217 3348 23
2230 3308 2262 3367 pr,

532 3391 586 3472 Τῷ
613 3391 762 3473 μέλλοντι
789 3391 967 3470 κτίζεσθαι
994 3388 1052 3453 καὶ
1083 3392 1271 3454 ἐπιτίθεται
1301 3389 1357 3454 καί
1452 3389 1600 3452 Aedifioio
1615 3391 1718 3454 futuro
1728 3392 1857 3453 servitus
1871 3392 1983 3472 imponi
1998 3401 2029 3454 et
2044 3393 2163 3473 adquiri
2175 3401 2262 3474 potest

462 3499 714 3582 προςπορίζεται
739 3496 882 3560 δουλεῖαι
1175 3498 1210 3561 fr.
1228 3502 1279 3561 23.
1296 3505 1312 3576 §
1332 3502 1358 3560 1.
2105 3501 2140 3561 fr.
2156 3504 2202 3562 23.
2215 3505 2228 3575 5
2243 3503 2262 3557 1.

377 3611 424 3667 κδ’.
525 3602 557 3668 Ὸ
580 3606 664 3682 έχων
687 3601 731 3667 τὰ
753 3604 884 3684 ανῶγεοι
907 3612 978 3677 τοῖς
1000 3602 1096 3677 ἰδίοις
1111 3605 1261 3684 ἐπικτίζει
1278 3602 1359 3667 ὅσον
1454 3603 1516 3681 Qui
1539 3604 1708 3666 aedificium
1730 3605 1866 3685 superius
1888 3604 1981 3667 hebet
2003 3607 2032 3666 ei
2054 3605 2263 3688 superaedificet

462 3710 552 3774 θέλει
576 3708 619 3792 μὴ
641 3710 758 3796 βαρῶν
785 3713 895 3792 μέντοι
919 3707 963 3773 τὰ
985 3712 1139 3790 κατῶγεα
1163 3711 1241 3796 ὑπὲρ
1265 3709 1359 3774 δύνα-
1387 3721 1534 3791 quantum
1557 3711 1632 3784 vult,
1655 3711 1815 3773 dummodo
1838 3732 1899 3773 uon
1921 3721 2025 3774 oneret
2046 3713 2186 3775 inferiore
2201 3712 2264 3772 ulus

460 3838 529 3900 μινε
546 3818 608 3864 -⁵
1256 3818 1292 3881 fr.
1309 3821 1359 3880 24.
1388 3838 1480 3899 quem
1502 3817 1580 3879 ferre
1603 3818 1727 3898 possint.
2181 3820 2212 3881 fr.
2225 3821 2263 3879 24.

379 3935 425 3988 ιε’.
533 3924 642 4006 Τριῶν
657 3924 766 3986 οὐσῶν
781 3926 901 4002 οίκιῶν,
918 3925 1034 4004 ἡμέοη
1050 3927 1090 4010 τῇ
1106 3925 1258 4008 ἀνωτέρμ
1273 3923 1359 3988 λδού-
1456 3924 1534 3986 Cum
1561 3933 1621 3986 tres
1648 3935 1748 3986 essent
1775 3924 1895 3999 domus,
1922 3927 2022 3988 medin
2053 3928 2195 4008 superiori
2219 3945 2264 3986 ser·

462 4031 544 4093 λευε·
577 4030 717 4092 δύναται
750 4031 769 4091 ό
799 4029 960 4105 δεσπότης
993 4041 1052 4107 της
1082 4035 1275 4116 κατωτέρας
1303 4028 1362 4094 τόν
1390 4031 1503 4094 viebst:
1536 4041 1635 4111 potest
1666 4032 1805 4093 dominus
1831 4032 1980 4095 inferioris
2007 4054 2192 4096 eommunem
2215 4034 2264 4092 eius

462 4132 576 4200 κοινόν
603 4137 705 4212 αὐτῆς
731 4133 788 4199 καί
816 4147 874 4211 τῆς
900 4139 998 4216 μέσης
1021 4146 1136 4213 τοῖχον
1163 4138 1284 4223 ύψοῦνε
1300 4137 1362 4185 —l
1389 4138 1564 4218 mediaeque
1585 4139 1730 4218 parietem
1753 4138 1890 4201 ultiorem
1913 4139 2026 4200 tollere.
2105 4140 2140 4201 fr.
2156 4144 2229 4215 2505
2245 4140 2264 4197 l.

1181 4246 1215 4306 fr.
1232 4249 1282 4308 νο.
1300 4253 1316 4322 ς
1336 4249 1361 4307 1.

378 4381 393 4412 κ
412 4362 427 4415 ’.
535 4346 647 4422 Οὐδείς
663 4353 730 4412 τῶν
752 4348 949 4433 κοι[νω]νῶν
971 4353 1005 4412 έν
1027 4354 1074 4431 τῷ
1092 4352 1243 4433 ὲπικοίνῳ
1260 4352 1361 4435 πρόγ·
1456 4351 1553 4412 Nemo
1580 4372 1618 4413 ex
1644 4352 1732 4414 soniis
1754 4353 1786 4413 in
1812 4373 1845 4414 re
1871 4354 2022 4414 communi
2048 4356 2115 4415 iure
2136 4351 2264 4416 servitutis

464 4479 543 4537 ματι
568 4455 684 4537 δικαίῳ
709 4454 857 4530 δουλείας
872 4454 1015 4521 δύναταί
1028 4480 1059 4520 τι
1076 4466 1179 4521 ποιεῖν
1194 4457 1213 4534 λ
1229 4457 1362 4521 κωλύειν
1391 4468 1489 4539 potest
1511 4458 1625 4538 aliquid
1647 4458 1744 4520 fecere
1765 4458 1815 4521 vel
1838 4459 1965 4520 alterum
1987 4461 2152 4541 prohibere,
2174 4456 2265 4521 ueniri

465 4559 525 4625 τόν
548 4563 662 4626 ἄλλον·
687 4561 793 4625 οὐδενὶ
813 4560 878 4648 γὰρ
895 4561 1056 4626 δουλεύει7
1074 4561 1113 4626 τό
1133 4564 1231 4628 ίδιον·
1255 4562 1311 4629 διὰ
1329 4565 1362 4629 δέ
1391 4565 1470 4627 enim
1492 4564 1584 4627 servit
1605 4585 1653 4626 res
1675 4565 1809 4646 propriu;
1831 4565 1886 4627 sed
1905 4568 2122 4646 peractionem
2138 4563 2265 4629 eommuni
2334 4638 2335 4643 γ

465 4680 524 4746 της
555 4668 754 4749 διαιρετικῆς
786 4673 852 4732 τῶν
884 4671 1055 4733 ἐπικοίνων
1087 4672 1218 4751 ἀγωγῆς
1248 4670 1361 4735 κωλύει
1391 4671 1557 4734 dividundo
1579 4671 1718 4751 prohibet
1738 4672 1802 4733 fieri
1817 4682 1847 4735 et
1861 4672 1976 4734 sentum
1999 4674 2165 4737 tollendum
2188 4682 2264 4754 pust,
2334 4648 2335 4677 Τ

466 4776 626 4857 γενέσθαι
643 4775 706 4839 1καὶ
725 4773 764 4838 τὸ
780 4778 952 4857 γενόμενον
968 4778 1208 4860 παρασκευάζει
1223 4779 1364 4842 καταλν-
1393 4779 1418 4840 si
1440 4779 1535 4860 prosit
1557 4778 1702 4840 societati
2183 4781 2214 4841 fr.
2228 4781 2265 4839 26.

468 4883 585 4962 θῆναι,
604 4878 662 4945 έόιν
678 4885 828 4968 συμφέρῃ
844 4886 884 4968 τῇ
899 4884 1069 4962 κοινωνίαι
1085 4921 1127 4931 -
1261 4887 1297 4948 fr.
1314 4890 1363 4949 26.

403 5003 430 5055 “.
533 4989 612 5052 Είτε
639 4988 673 5051 δὲ
700 4993 735 5052 ὲκ
762 4998 823 5052 τοῦ
847 4998 962 5053 κοινοῦ
994 4994 1087 5054 οἴκου
1115 4992 1227 5077 βλαβῇ
1258 4994 1277 5056 ό
1306 5002 1364 5055 τοῦ
1457 4992 1528 5054 Sive
1552 5012 1591 5053 ex
1607 4993 1759 5054 eommuni
1773 4993 1863 5054 domo
1878 4993 2021 5055 damnum
2040 4996 2153 5057 sentiet
2166 4992 2265 5055 alterins

468 5093 539 5169 ἑνός
563 5091 662 5176 οἶκος,
685 5098 747 5158 εἴτε
770 5099 806 5158 ὲκ
820 5105 882 5159 τοῦ
897 5095 1082 5176 λδιιίζουτος
1097 5098 1116 5160 ό
1131 5097 1242 5173 κοινός
1258 5100 1364 5185 ύμφο·
1392 5099 1512 5173 domus,
1540 5099 1603 5161 sive
1625 5120 1664 5160 ex
1685 5100 1808 5179 propria
1830 5100 2002 5162 alterutrius
2024 5122 2062 5162 es
2084 5122 2163 5183 quse
2179 5098 2266 5161 utrius

468 5204 579 5286 τέρων,
599 5203 698 5286 χώρα
721 5206 761 5288 τῇ
783 5202 916 5278 κινήσει.
965 5201 1039 5265 Kale
1057 5207 1287 5289 παραγωρύση
1310 5228 1363 5286 μοι
1392 5227 1450 5285 que
1476 5205 1641 5267 eommunis
1669 5216 1726 5279 est,
1759 5204 1843 5267 loeus
1871 5206 1905 5268 fit
1932 5208 2050 5268 astioni
2102 5209 2144 5270 Et
2168 5208 2191 5268 si
2214 5224 2284 5265 oon·-

469 5311 487 5371 ό
511 5309 626 5388 γείτων
648 5310 770 5388 κτίσαι,
793 5310 902 5383 καλῶς
925 5312 944 5372 ό
966 5314 1124 5385 κοινωνός
1146 5333 1210 5393 μου
1228 5312 1363 5375 κωλύσει
1393 5312 1481 5374 oedot
1495 5312 1568 5372 mihi
1583 5313 1698 5375 vicinus
1713 5313 1878 5387 aedificare,
1900 5324 1980 5377 reete
2004 5316 2103 5376 socius
2120 5334 2198 5376 meus
2217 5329 2267 5391 pro

467 5436 518 5495 με·
541 5412 699 5488 κοινωνός
722 5413 897 5497 γὰρπαρὰ
920 5419 1050 5498 γνώμην
1069 5426 1129 5480 τοῦ
1150 5428 1311 5482 κοινωνοῦ
1333 5424 1366 5481 έν
1393 5418 1509 5480 hibebit
1530 5438 1589 5479 me:
1613 5439 1684 5480 narn
1707 5421 1805 5482 sooius
1827 5430 1933 5482 eontra
1954 5421 2029 5482 sooii
2051 5417 2267 5483 volunnumin

469 5525 516 5601 τῶ
538 5525 638 5601 κοινῷ
662 5522 702 5585 ού
723 5523 835 5600 κτίζειε
853 5559 892 5569 -
1133 5524 1168 5586 fr.
1186 5529 1225 5588 27
1242 5548 1286 5607 pr.
1305 5533 1320 5602 ξ
1340 5531 1366 5587 1,
1394 5526 1545 5587 communi
1568 5545 1629 5585 non
1653 5525 1778 5609 [potest]
1803 5526 1970 5588 aedificare.
2058 5528 2094 5589 fr.
2111 5531 2151 5589 27
2166 5547 2205 5607 pr.
2219 5529 2233 5599 ξ
2247 5524 2266 5579 l·

391 5622 435 5675 λό’
536 5624 610 5691 Ἐίιν
637 5630 655 5690 ό
683 5632 767 5705 ἔχων
794 5628 853 5692 δύο
881 5634 990 5704 οίκους
1018 5640 1088 5704 τοῖς
1115 5631 1229 5705 αὐτοῖς
1260 5632 1368 5714 ξύλοις
1463 5632 1496 5694 Si
1518 5631 1604 5693 binae
1620 5632 1709 5693 sedes
1731 5633 1846 5695 hebens
1864 5634 1932 5713 quis
1954 5634 2059 5695 iisdem
2082 5635 2172 5714 tignis
2193 5638 2267 5692 testes

473 5738 728 5816 ἑστεγαομίνους
751 5734 810 5800 δύο
834 5735 901 5799 τισλ
922 5737 1025 5819 χωρὶς
1041 5740 1195 5819 αἱρέσεως
1218 5738 1300 5817 λγτῶ
1323 5738 1367 5801 ἑνὶ
1396 5749 1427 5801 et
1448 5739 1566 5801 duobus
1596 5737 1729 5819 singulas
1757 5740 1821 5801 sine
1849 5740 2023 5802 condicione
2049 5741 2098 5805 vel
2125 5741 2207 5803 alteri
2225 5733 2267 5796 sub

544 5846 713 5947 ¹suppl-enu'1
727 5876 831 5950 δένδρα.
886 5876 1076 5948 ’hebetSyu
1130 5877 1321 5949 ⁸hubetSyn.
1382 5932 1384 5945 ,

472 5964 586 6019 ‘babet
597 5964 662 6037 Syn.
709 5966 821 6020 *habet
833 5965 900 6038 Syn
947 5966 1061 6021 ‘habet
1073 5966 1139 6038 Syn.
1189 5968 1291 6022 7-ειν
1308 5968 1384 6040 eod..
