4842 7018
773 389 926 455 LIBER
948 390 1032 455 LVI.
1078 392 1166 456 rlr.
1189 393 1280 467 VIII.
1303 394 1362 457 IX.
1384 393 1444 457 XI.
1991 397 2048 459 131

289 564 329 628 Οἱ
351 567 512 649 ἄρχοντες
540 563 698 642 οὕστινας
724 568 956 652 δι[οικοῦντας]
985 567 1029 634 τά
1056 582 1123 634 τῶν
1216 573 1426 653 Magistratus,
1448 594 1523 654 quos
1546 574 1579 634 in
1602 574 1861 635 administratione
1883 583 2051 636 nostrorum

224 674 386 753 ἡμετέρων
410 673 597 755 θησαυρῶν
618 674 718 759 κέρδη
740 685 1043 764 καταφρονοῦντας
1065 677 1122 742 καὶ
1151 681 1359 742 thesaurorum
1382 681 1559 761 compendia
1580 679 1771 759 neglegentes
1789 690 1820 742 et
1834 682 1973 743 socordes
1988 701 2053 742 esse

223 777 446 860 ἀπροθύμους
478 776 558 843 εἶναι
596 781 815 859 ἀποδειχθείη
851 784 963 847 πάντα
992 780 1060 847 ὅσα
1089 788 1123 847 ἐν
1151 796 1304 848 ostensum
1320 787 1417 860 fuerit,
1434 788 1535 848 omnia
1557 806 1636 867 quae
1663 786 1695 846 in
1721 785 1980 850 administratione
2003 787 2053 848 de·

227 889 267 970 τῇ
284 885 440 962 διοικήσει
464 886 633 968 διάγοντες
660 888 781 973 ἔλαβον
803 888 902 971 κέρδη
926 889 1120 969 ἀναδιδόναι
1150 902 1254 971 gentes
1279 893 1364 955 lucra
1385 901 1593 973 perceperunt,
1614 892 1741 954 reddere
1763 903 1918 973 cogantur.
1959 915 1984 957 c.
2003 897 2052 955 11.

222 992 544 1071 ἀναγκαζέσθωσαν.
928 980 934 997 i
1029 1020 1054 1060 c.
1073 1002 1122 1063 11.

289 1097 416 1174 Μηδεὶς
453 1100 695 1182 ἀπαιτούμενος
732 1102 876 1183 δημόσια
912 1110 946 1165 ἐν
988 1105 1121 1191 φυλακῇ
1216 1107 1313 1168 Nemo
1341 1129 1360 1168 a
1382 1127 1442 1187 quo
1469 1106 1585 1168 tributa
1610 1115 1755 1186 petuntur
1780 1107 1812 1165 in
1834 1106 1958 1167 vincula
1981 1128 2051 1168 oon·

220 1205 403 1290 βαλλέσθω
434 1206 453 1282 ip
485 1207 658 1293 βασάνους
685 1206 778 1283 τινάς
811 1209 1003 1290 ὑπομενέτω,
1036 1210 1122 1276 ἀλλά
1149 1214 1269 1275 iioiatur
1295 1224 1349 1276 aut
1372 1214 1525 1274 tormentis
1548 1212 1705 1286 subdatur,
1733 1212 1785 1274 sed
1814 1211 1910 1273 solum
1938 1212 2051 1275 liberae

220 1312 323 1392 μόνον
339 1317 378 1399 τῇ
395 1312 569 1397 ἐλευθερία
585 1315 812 1401 παραφυλακῇ
828 1326 894 1379 τῶν
904 1324 1122 1400 στρατιωτῶν
1150 1320 1303 1382 cusmdiae
1326 1319 1456 1381 militum
1472 1319 1620 1391 tradatur;
1644 1328 1675 1379 et
1689 1320 1715 1379 si
1730 1327 1907 1398 permaneat
1922 1319 1953 1380 in
1968 1319 2052 1381 mala

221 1418 484 1502 παραδιδόσθω·
507 1419 565 1485 καὶ
581 1418 638 1483 ἐάν
653 1423 795 1508 ἐπιμείνη
812 1425 1021 1506 ἀγνωμονῶν,
1045 1427 1121 1489 τότε
1149 1427 1314 1501 voluntate,
1338 1438 1410 1489 tunc
1428 1427 1459 1487 in
1481 1425 1698 1506 possessionem
1716 1423 1864 1486 bonorum
1879 1426 1943 1487 eius
1958 1425 2050 1487 fiscus

219 1524 276 1589 καὶ
304 1530 348 1600 είς
375 1524 477 1608 νομὶγν
506 1539 563 1603 τῆς
591 1529 707 1602 οὐσίας
732 1526 844 1618 [αὐτοῦ
870 1535 1052 1599 πενπέσθω
1081 1532 1120 1598 τὸ
1149 1534 1293 1594 mittatur.
1792 1532 2049 1605 0201010·

220 1632 406 1716 δημόσιον.ι
875 1661 899 1701 c.
917 1644 945 1702 2.
960 1640 994 1703 C.
1009 1643 1051 1718 X,
1072 1645 1119 1705 19.

167 1752 181 1802 '.
282 1739 315 1805 '0
337 1744 682 1826 περισσοπρακτὴσιις,
706 1749 768 1809 εἴτε
788 1748 923 1823 πολίτης
945 1747 1038 1811 ἐστὶν
1057 1754 1119 1812 είτε
1214 1750 1276 1827 Qui
1299 1771 1392 1829 supra
1407 1749 1529 1809 modum
1545 1746 1646 1825 exegit
1661 1765 1714 1806 seu
1729 1745 1804 1807 civis
1824 1745 1864 1805 sit
1878 1765 1932 1807 seu
1947 1744 2049 1807 cohor·

219 1848 393 1930 ταξεώτης,
422 1851 644 1931 ἀναγκάζεται
674 1850 713 1916 τὸ
742 1852 918 1918 διπλάσιον
947 1858 1118 1921 ἀποκατα-
1147 1856 1216 1918 talis
1244 1857 1362 1936 cogitur
1388 1855 1514 1936 duplum
1544 1855 1579 1927 ei,
1607 1874 1626 1914 a
1653 1873 1712 1933 quo
1739 1852 1851 1931 exegit,
1879 1852 2047 1912 restituere.

218 1968 339 2034 στῆσαι
369 1962 416 2040 τῷ
439 1962 826 2044 περισσοπρακτηθέντι·
858 1968 885 2026 εὶ
913 1964 946 2027 δέ
975 1968 1117 2052 έπιμείνη
1146 1968 1171 2027 si
1198 1986 1270 2028 vero
1291 1972 1465 2046 perseveret
1490 1962 1523 2022 in
1546 1959 1853 2042 superexactionibus,
1880 1957 2050 2038 capitaliter

218 2076 526 2149 περισσοπρακτων,
550 2067 737 2154 κεφαλικῶς
759 2069 980 2153 τιμωρεῖται.3
1146 2075 1277 2156 punitur.
1770 2086 1795 2127 c.
1810 2085 1861 2126 un.
1878 2064 1911 2126 0.
1931 2067 1979 2139 10,
1997 2067 2047 2126 2⁰·

286 2160 295 2177 ⁶
851 2199 876 2240 c.
892 2200 942 2240 un.
959 2179 992 2242 0.
1008 2181 1049 2254 X,
1066 2183 1116 2242 20.

133 2287 178 2339 ιε’.
281 2280 355 2344 Ἐάν
383 2304 467 2356 τινες
500 2283 734 2368 ὑπερτίθενται
764 2282 808 2348 τά
840 2284 984 2368 δημόσια
1015 2309 1117 2352 κατα·
1211 2288 1244 2350 Si
1267 2287 1390 2368 quidam
1412 2285 1554 2346 differant
1571 2282 1751 2343 tributorum
1767 2278 1955 2353 solutionem,
1977 2297 2047 2339 ven·

214 2387 357 2473 βάλλειν,
381 2391 626 2470 πιπράσκονται
651 2389 696 2454 roi
718 2393 901 2476 πράγματα
916 2394 1036 2474 αὐτῶν,
1059 2396 1113 2481 ἐφ’
1144 2396 1259 2457 duntur
1289 2414 1337 2455 res
1364 2413 1477 2465 eorum,
1504 2391 1548 2451 ita
1575 2397 1610 2449 ut
1636 2395 1786 2467 emptores
1813 2406 1917 2447 secure
1944 2385 2047 2466 adqui·

215 2486 241 2577 ᾧ
268 2492 347 2569 τοὺς
374 2494 570 2577 άγοραστάς
597 2499 760 2583 ἀσφαλῶς
786 2500 975 2577 κεκτῆσθαι
1000 2500 1117 2565 αὐτά.3
1144 2510 1213 2564 rant
1236 2522 1295 2563 eas.
1787 2513 1812 2554 c
1831 2496 1859 2559 1.
1876 2492 1910 2554 C.
1929 2493 1977 2566 10,
1995 2495 2046 2556 21·

51 2646 97 2717 sol·
112 2651 178 2700 25⁰,
871 2631 895 2671 c.
915 2612 941 2670 1.
958 2610 992 2672 Ο.
1007 2612 1048 2684 X,
1066 2615 1116 2672 21.

129 2720 179 2783 ις’.
279 2708 407 2775 Ἱκανὸν
433 2715 518 2775 έστω
545 2708 606 2775 τόν
629 2716 803 2796 χρεώστην
829 2720 895 2779 τῶν
926 2717 1118 2781 συντελειῶν
1211 2715 1292 2777 Satis
1314 2713 1355 2775 sit
1376 2712 1541 2774 debitorem
1563 2709 1745 2771 tributorum
1771 2705 1811 2767 ad
1838 2704 1975 2767 solvendi
1997 2725 2046 2767 ne-

216 2824 260 2893 είς
282 2816 342 2896 τὶγν
365 2827 426 2882 τοῦ
447 2818 671 2902 καταβάλλειν
693 2822 843 2902 ἀνάγκην
865 2828 905 2910 τῇ
929 2825 1026 2911 λήψει
1051 2835 1117 2888 των
1145 2823 1314 2885 cessitatem
1337 2819 1479 2900 captione
1500 2818 1659 2899 pignerum
1682 2813 1843 2875 conveniri.
1869 2911 1872 2915 ἵ
1974 2831 1999 2872 c.
2016 2814 2045 2871 2.

215 2925 375 3010 ἐνεχύρων
398 2925 592 3003 όχλεῖσθαιε
609 2964 650 2974 -
1046 2955 1070 2995 o.
1088 2938 1116 2996 2.

470 3102 589 3157 ΤΙΤΛΟ(
608 3104 649 3173 Θ’,
669 3105 801 3159 ΒΙΒΛΙΟΥ
819 3107 864 3171 λς’
1373 3097 1539 3156 TITULUS
1556 3098 1609 3165 IX,
1626 3094 1732 3150 LIBRI
1750 3094 1816 3148 LVI

267 3190 287 3282 ri
306 3230 358 3282 τῶν
375 3230 588 3303 πεφυλαγμένον
606 3228 634 3282 έν
653 3236 709 3292 τοῖς
727 3229 865 3301 δημοσίοις
884 3230 1017 3304 doricam
1029 3264 1063 3273 —
1242 3229 1277 3284 de
1296 3230 1331 3284 iis
1348 3244 1421 3299 quae
1439 3225 1632 3282 custodiuntur
1649 3224 1679 3276 in
1696 3220 1817 3292 publicis
1834 3219 1947 3273 horreIs.

143 3360 177 3414 α’.
281 3355 405 3418 Πάντα
442 3359 476 3419 έν
514 3365 584 3430 τοῖς
622 3358 750 3440 όιρειόις
792 3359 991 3439 ἀποκείμενα
1029 3357 1116 3422 οὕτω
1210 3357 1323 3420 Omnia
1345 3358 1375 3417 in
1393 3356 1506 3418 horreis
1528 3352 1682 3416 recondita
1703 3352 1747 3412 ita
1761 3348 1984 3429 impendantur,
2006 3369 2046 3410 ue

215 3461 503 3542 δαπανήσθωσαν,
542 3464 598 3526 ἵνα
628 3461 671 3545 μὶγ
704 3464 868 3547 πρότερον
900 3462 944 3528 τά
981 3470 1015 3528 έν
1047 3475 1116 3540 τοῖς
1143 3464 1226 3544 prius
1248 3485 1385 3545 eaquae
1407 3465 1437 3524 in
1460 3462 1573 3524 horreis
1595 3458 1737 3541 praefecti
1765 3456 1833 3519 urbi
1855 3456 1951 3518 inlata
1974 3466 2045 3518 sunt

215 3569 341 3652 ὡρείοις
373 3576 435 3631 τοῦ
466 3570 614 3653 ἐπάρχου
650 3581 708 3647 τῆς
745 3570 867 3644 πόλεως
903 3573 1116 3655 εὶςφερόμενα
1143 3582 1367 3646 consumantur,
1397 3591 1488 3652 quam
1510 3579 1616 3632 vetera
1637 3569 1775 3650 deposita
1800 3568 1949 3631 exhausta
1976 3568 2043 3632 sint.

214 3674 439 3755 δαπανῶνται,
469 3674 545 3759 πρὶν
568 3676 788 3754 ἀναλωθῆναι
817 3675 861 3740 τά
884 3676 1011 3741 παλαιά
1034 3680 1114 3743 ἀπό·
1142 3679 1223 3759 quod
1247 3680 1272 3740 si
1299 3679 1375 3741 haec
1398 3690 1549 3760 nequeant
1571 3681 1741 3742 consumari
1763 3687 1869 3760 utpote
1892 3691 2043 3763 corrupta,

216 3783 311 3845 θετα.
361 3779 419 3846 ἐάν
447 3782 481 3846 δέ
508 3781 564 3846 καὶ
593 3779 680 3847 αὐτοὶ
706 3782 750 3866 μὴ
778 3783 936 3848 δύνανται
970 3784 1113 3862 δάπανη·
1142 3787 1301 3848 misceatur
1323 3788 1359 3848 iis
1386 3809 1457 3869 pars
1485 3824 1888 3835 ——————
1920 3810 1958 3851 ne
1989 3790 2044 3851 fiat

216 3892 320 3967 θῆναι
338 3893 381 3963 ὼς
396 3892 608 3976 ἐφθαρμένα,
631 3889 810 3973 μιγνέισθω
830 3892 944 3965 αὐτοῖς
958 3895 1057 3975 μέρος
1079 3898 1115 3956 ἐκ
1141 3895 1286 3956 damnum
1313 3895 1393 3969 fisco,
1421 3896 1591 3976 praeposito
1621 3896 1723 3976 aliquo
1751 3917 1770 3957 a
1792 3896 1943 3977 praefecto
1966 3898 2042 3970 urbi,

214 4034 652 4045 -------
673 3996 728 4060 ἵνα
742 3995 785 4078 μὴ
801 4001 932 4078 γένηται
950 3999 1048 4079 ζημία
1066 4004 1113 4081 τῷ
1140 4001 1192 4081 qui
1215 4011 1246 4063 et
1267 4001 1419 4063 custodiat
1440 4012 1471 4063 et
1492 4005 1634 4064 metiatur
1656 4022 1693 4064 ea
1715 4024 1792 4084 quae
1814 4006 1845 4065 in
1865 4005 1978 4067 horreis
1994 4006 2042 4067 de

214 4104 369 4187 δημοσίῳ,
391 4105 662 4190 προβαλλομένου
677 4103 767 4179 τινός
781 4103 874 4189 παρά
890 4114 951 4169 τοῦ
965 4108 1114 4189 ἐπάρχου
1140 4109 1239 4188 posita
1261 4119 1339 4170 sunt
1786 4132 1810 4172 e.
1829 4113 1856 4173 1.
1872 4110 1906 4173 (l.
1925 4114 1974 4186 10,
1991 4116 2041 4174 26.

213 4222 272 4288 τῆς
295 4212 417 4285 πόλεως
440 4211 490 4276 έπὶ
513 4210 552 4276 τό
575 4211 632 4276 καὶ
656 4214 836 4301 φυλάττειν
850 4212 908 4277 καὶ
923 4223 1051 4296 μετρεῖν
1069 4211 1113 4277 τά

214 4323 247 4382 ἐν
270 4329 340 4394 τοῖς
363 4321 490 4403 ὡρειόις
513 4322 725 4403 ἀποκείμεναι
742 4358 784 4369 -
867 4343 892 4383 c.
911 4326 937 4384 1.
954 4322 987 4384 (λ
1003 4322 1043 4395 X,
1062 4326 1112 4384 26.

161 4438 176 4492 '.
281 4427 407 4504 Μηδενὶ
430 4428 549 4510 ἐξέστω
573 4426 745 4492 άπτεσθαι
763 4439 829 4491 τῶν
848 4433 882 4492 ἐν
902 4438 972 4502 τοῖς
986 4430 1113 4512 ιὶιρείοις
1206 4429 1327 4490 Nemini
1350 4429 1441 4490 liceat
1462 4431 1608 4510 attingere
1632 4451 1762 4511 eaquae
1783 4432 1814 4493 in
1836 4432 1950 4495 horreis
1972 4455 2041 4496 con·

213 4537 447 4617 ἀποκειμένων·
485 4537 504 4597 ό
532 4535 757 4621 φθειρόμενος
786 4537 1028 4620 περιοριζέσθω
1055 4534 1112 4599 καὶ
1141 4535 1205 4597 dita
1232 4545 1315 4597 sunt:
1347 4536 1372 4596 is
1404 4538 1456 4617 qui
1483 4557 1520 4597 ea
1546 4539 1711 4618 corrumpit
1741 4537 1979 4619 deportationem
2012 4551 2042 4604 et

213 4642 424 4721 δημευέσθωι
440 4678 482 4691 -
995 4664 1020 4704 ο.
1038 4647 1056 4704 3
1072 4642 1111 4704 ib.
1140 4643 1286 4703 bonorum
1310 4643 1531 4724 ademptionem
1553 4645 1709 4706 sustineat
1970 4669 1995 4709 c.
2012 4653 2040 4711 3.

169 4801 175 4813 .
277 4745 352 4811 Ἐἀν
379 4746 435 4828 οἵα
462 4749 582 4825 δήποτε
609 4749 754 4832 ἐπαρχίᾳ
784 4749 952 4836 ἐπιβληθῇ
984 4748 1112 4826 συνωνὶγ
1207 4749 1240 4811 si
1262 4750 1357 4811 cuivis
1380 4750 1553 4830 provinciae
1579 4750 1753 4831 imponatur
1780 4752 1907 4815 alicuius
1930 4756 2040 4835 speciei

213 4865 280 4918 τῶν
307 4854 413 4934 aldrov,
445 4853 555 4936 μηδεὶς
582 4855 843 4938 ἐξκουσατευέτω
871 4857 1001 4919 ἑαυτόν·
1038 4848 1333 4938 οὐδέὶοοωροτεέίο,
1362 4877 1450 4918 nemo
1477 4877 1508 4918 se
1537 4866 1671 4919 excuset:
1699 4877 1796 4938 neque
1830 4861 1910 4921 enirn
1938 4861 2042 4923 divina

213 4959 279 5048 γάρ
295 4963 314 5025 ό
333 4963 427 5037 θεῖος
443 4958 533 5036 οἶκος
549 4974 606 5039 τῆς
621 4962 778 5039 τοιαύτης
793 4963 997 5047 λειτουργίας
1013 4963 1112 5040 ἀπήλ-
1140 4965 1246 5026 domus
1277 4964 1317 5025 ab
1349 4963 1496 5025 eiusmodi
1527 4984 1650 5026 munere
1676 4964 1829 5028 liberatur.

212 5067 422 5133 leuton-⁶
867 5092 891 5133 c.
911 5073 938 5134 1.
954 5071 988 5133 (l.
1003 5072 1045 5144 X,
1062 5074 1112 5133 27.
1785 5093 1809 5136 o.
1829 5077 1855 5135 1.
1871 5072 1905 5136 (l.
1923 5076 1973 5148 10,
1990 5078 2041 5137 27.
2103 5107 2105 5110 ·

454 5246 576 5302 ΤΙΤΛΟ(
595 5247 646 5315 tlt',
666 5245 801 5301 ΒΙΒΛΙΟΥ
819 5246 872 5311 Νς’
1369 5244 1535 5303 TITULUS
1552 5246 1609 5314 XI,
1626 5246 1732 5301 LIBRI
1750 5246 1816 5303 LVI

372 5333 539 5426 ritindmmv
555 5374 726 5444 πρεποσίτων
743 5375 788 5425 καὶ
807 5372 949 5445 όρκορίων.
1312 5371 1347 5425 de
1365 5372 1501 5441 suspeotIs
1518 5372 1685 5443 praepositIs
1703 5377 1731 5426 et
1749 5372 1872 5427 aresriita

129 5510 176 5573 ις’.
282 5497 408 5576 Μηδεὶς
422 5492 599 5583 ἀρχόντων
621 5497 681 5575 τὴν
703 5499 954 5574 ἀπαιτηθεῖσαν
977 5494 1044 5560 ἀπὸ
1060 5495 1114 5574 δη·
1206 5500 1304 5562 Nemo
1327 5519 1365 5560 ex
1389 5498 1614 5578 magistratibus
1641 5508 1813 5580 susceptam
1842 5520 1862 5560 a
1885 5499 2041 5580 republica

213 5605 334 5686 μοσιόυ
356 5607 531 5683 ποσότητα
553 5605 722 5692 ἐκδανείση
745 5607 818 5682 ἤτοι
841 5608 958 5685 ἑτέρως
980 5602 1037 5668 διά
1056 5615 1114 5681 τῆς
1141 5607 1341 5686 quantitatem
1364 5616 1518 5668 mutuetur
1539 5605 1588 5666 vol
1612 5606 1700 5667 aliter
1721 5624 1776 5687 per
1793 5626 1882 5667 usum
1904 5606 2039 5668 invadat

211 5712 362 5793 χρήσεως
385 5714 534 5799 εἰσέλθῃς
551 5751 592 5761 -
867 5734 891 5774 o.
911 5715 937 5774 1.
953 5712 987 5773 C.
1003 5712 1044 5785 X,
1063 5716 1111 5774 75.
1784 5733 1809 5773 c.
1829 5715 1855 5776 1.
1870 5712 1904 5775 C.
1923 5714 1972 5788 10,
1989 5717 2039 5777 75.

214 5822 259 5827 -
287 5823 482 5926 OEahcsan.
565 5855 678 5910 'hahet
696 5854 761 5925 Syn.
843 5852 957 5909 ³hahet
975 5852 1042 5923 Syn.

213 5940 225 5973 ⁴
243 5943 303 5996 ood.
322 5941 368 5997 hio
387 5950 415 5998 et
432 5960 541 6015 semper
559 5943 649 6015 ὁρίοις.
721 5944 732 5976 ⁶
751 5945 877 5999 similiter
894 5943 959 6014 Syn.
