4842 7018
805 459 958 533 omns
978 460 1098 533 svm.
1141 460 1230 534 mn.
1252 457 1373 569 xmv.
1937 460 1999 532 σε

118 651 149 717 ἕ.
249 644 318 710 Καὶ
342 646 402 711 οὐκ
417 646 652 711 έναλλάσσεται
668 650 688 725 ή
704 649 797 712 αἰτία
810 658 868 725 τῆς
890 659 990 731 νομῆς
1006 648 1079 713 οὐδὲ
1171 651 1279 730 Neque
1300 657 1435 711 mutatur
1449 668 1542 711 eausa
1562 649 1757 730 possessionis
1771 669 1869 731 neque
1891 646 1999 733 [nova]

183 763 240 818 νῦν
268 755 478 835 συνίσταται,
509 754 580 818 ἀλλ’
605 759 650 829 είς
675 755 883 840 μακρότερον
905 757 1078 820 ἐκτείνεται
1106 758 1309 831 eonstituitur,
1336 756 1389 818 sed
1415 756 1447 816 in
1474 756 1592 837 longius
1618 756 1789 818 extendimr
1816 764 1948 837 tempus;
1975 756 2001 817 si

179 863 318 946 χρόνον·
350 865 377 924 εί
409 860 443 925 δὲ
475 854 708 947 παρελθόντος
739 872 801 927 τοῦ
830 871 951 948 καιροῦ
981 864 1080 927 πάλιν
1106 881 1186 939 vero,
1208 874 1342 944 tempore
1357 863 1525 944 praeterito,
1547 884 1651 925 rursus
1668 864 1779 943 rogavi,
1801 882 1912 925 novum
1935 880 2001 943 prs-

181 969 399 1055 παρεκάλεσα,
427 970 621 1054 καινότερον
647 966 738 1033 κατὰ
763 970 974 1057 παράκλησιν
998 971 1078 1051 χίνε-
1106 972 1220 1033 carium
1242 971 1277 1034 fit
1299 980 1330 1032 et
1351 991 1413 1033 non
1434 971 1664 1050 redintegratur.
1918 969 1955 1031 fr.
1972 971 2000 1029 5.

181 1097 237 1139 ται
260 1074 320 1139 καλ
344 1076 405 1140 οίικ
427 1078 638 1140 άνανεοῦταιε
655 1113 697 1125 -—
997 1077 1033 1168 fr.
1050 1080 1078 1138 5.

247 1183 289 1245 Εί
312 1181 346 1246 δὲ
369 1186 403 1246 ἐν
424 1187 473 1264 τῷ
494 1179 618 1267 μεταξὺ
639 1188 727 1271 μανῇ
750 1186 769 1248 ό
793 1180 870 1258 δοὺς
892 1182 912 1260 ή
934 1181 1078 1258 τελευτή·
1172 1183 1206 1247 Si
1231 1205 1303 1247 vero
1334 1180 1449 1246 interea
1477 1184 1575 1246 furere
1605 1184 1738 1266 eoeperit
1764 1183 1817 1265 qui
1842 1182 1926 1245 dedit
1951 1180 2002 1245 vel
2117 1266 2120 1271 Ι

182 1311 245 1370 σοι,
269 1290 330 1353 οὐκ
352 1293 549 1354 άνανεοῦται
571 1288 611 1355 τό
633 1288 723 1355 κατά
746 1291 966 1377 παράκλησιν
983 1328 1024 1337 -
1106 1291 1278 1367 desesserit,
1306 1312 1366 1354 non
1388 1301 1552 1354 renovatur
1572 1292 1749 1374 prosarium.
1868 1289 1904 1352 fr.
1921 1292 1939 1351 6
1955 1310 2001 1370 pr.

854 1460 857 1465 .
946 1398 981 1460 fr.
999 1401 1017 1459 6
1033 1419 1077 1479 pr.

246 1505 287 1568 Εί
311 1504 456 1581 αἰτήσεις
478 1510 512 1569 ἐν
534 1508 581 1587 τῷ
600 1506 694 1590 άχρῷ
716 1528 780 1587 μου
803 1502 992 1590 διατρίβειν,
1016 1501 1078 1586 έχὼ
1172 1503 1205 1567 Si
1227 1505 1381 1586 rogaveris
1402 1515 1438 1568 ut
1459 1504 1491 1566 in
1513 1504 1607 1568 fundo
1633 1525 1701 1568 meo
1723 1504 1834 1566 morari
1855 1503 1912 1565 tibi
1932 1502 2001 1565 liee-

181 1614 317 1693 νέμομαι
341 1612 381 1675 οὐ
404 1608 457 1693 σὺ,
481 1609 586 1697 ὥςπερ
609 1609 647 1675 ό1
667 1607 723 1675 διόι
734 1622 857 1697 χρήσιν
871 1614 955 1690 έχῳν
972 1610 992 1688 ή
1007 1633 1077 1692 μισ·
1105 1619 1158 1687 ret,
1181 1633 1235 1692 ego
1249 1613 1398 1694 possideo,
1420 1633 1483 1675 non
1500 1622 1547 1675 tu:
1570 1613 1659 1675 sieuti
1673 1611 1929 1679 ususfructuarius
1948 1619 2002 1672 aut

181 1717 298 1795 θωτής
321 1717 341 1796 ή
363 1721 496 1793 ένοιιιος.
917 1720 952 1781 fr.
970 1722 998 1780 6.
1015 1725 1031 1795 5
1050 1722 1077 1779 2.
1105 1719 1268 1799 inquilinus
1291 1728 1345 1783 aut
1366 1720 1497 1782 eolonus.
1841 1718 1876 1780 fr.
1893 1720 1920 1778 6.
1938 1721 1954 1792 5
1972 1720 2000 1780 2.

249 1824 400 1907 Δύναμαι
421 1823 478 1889 καί
501 1822 540 1888 τὸ
564 1822 641 1907 ἐμόν
663 1828 707 1899 είς
730 1829 882 1909 ἐνέχυρον
898 1820 975 1899 δοὺς
989 1821 1078 1887 κατά
1171 1826 1307 1900 Possum,
1330 1848 1398 1889 oum
1421 1848 1483 1889 rem
1505 1847 1603 1888 meam
1625 1826 1741 1908 pignori
1768 1824 1911 1898 dederim,
1933 1844 1999 1886 eam
2094 1861 2100 1875 ·

182 1933 391 2015 παράκλησιν
426 1932 539 2018 λαβεῖν
574 1929 593 1994 δ
625 1930 683 1995 καί
715 1942 857 2010 συνεχῶς
893 1931 1077 2015 συμβαίνει·
1104 1934 1239 2013 precario
1262 1934 1394 2013 aeoipere
1417 1933 1499 2015 quod
1521 1943 1552 1995 et
1565 1933 1736 2015 frequenter
1751 1931 1874 2005 aeoidit;
1897 1951 2001 2011 quam·
2133 2015 2137 2024 ι

181 2036 245 2102 κάν
272 2038 396 2115 άδηλόν
422 2043 512 2103 ἐστιν
539 2042 566 2102 εί
589 2037 750 2115 δεσπότης
771 2040 846 2120 είμίι
862 2036 921 2087 -2
1106 2040 1151 2102 vis
1173 2040 1319 2103 insertum
1343 2040 1445 2103 sitan
1467 2061 1521 2120 ego
1544 2042 1600 2103 sim
1623 2041 1760 2102 dominus
1783 2040 1833 2101 rei.

683 2146 718 2208 fr.
735 2150 843 2223 654.
861 2150 888 2209 7.
903 2146 942 2208 D.
959 2148 1010 2220 43,
1027 2147 1077 2206 26.
1604 2147 1640 2208 fr.
1657 2149 1765 2222 654.
1782 2150 1810 2208 7.
1825 2145 1864 2206 D.
1880 2148 1932 2219 43,
1949 2148 1999 2207 26.

247 2253 288 2316 El
320 2253 523 2337 παρακλήσει
551 2252 667 2337 λάβοις
693 2276 726 2315 τι
758 2254 852 2335 παρά
883 2273 987 2333 τινος,
1020 2249 1076 2315 καί
1171 2253 1204 2316 Si
1240 2255 1375 2335 precario
1411 2255 1484 2336 quid
1516 2275 1536 2316 s
1570 2275 1631 2335 quo
1667 2254 1830 2334 aeoepsris,
1868 2261 1900 2314 et
1930 2272 2001 2332 erga

182 2356 264 2444 πρός
279 2356 357 2433 τοὺς
371 2359 595 2444 κληρονόμους
609 2360 714 2422 αὐτοῦ
726 2348 784 2423 καί
799 2356 876 2432 τοὺς
892 2357 1076 2438 διαδόχους,
1104 2360 1229 2422 heredes
1266 2362 1331 2423 eius
1368 2370 1399 2423 et
1435 2382 1623 2424 successores
1658 2361 1793 2441 precario
1829 2360 1861 2420 id
1898 2358 1999 2433 habes,

181 2462 271 2530 κατὰ
293 2467 501 2550 παράκλησιν
516 2470 598 2544 έχεις
613 2463 696 2530 αὐτό
710 2463 775 2530 κάν
789 2467 919 2553 ίιχνωῇς
939 2462 991 2530 ότι
1014 2468 1076 2543 έχει
1105 2469 1241 2548 quamvis
1279 2489 1348 2531 eum
1378 2470 1497 2550 ignores
1534 2468 1645 2531 habere
1681 2467 1834 2540 heredem;
1866 2466 1891 2528 si
1929 2486 2000 2529 vero

181 2574 399 2658 κληρονόμον·
428 2579 454 2637 εί
482 2573 516 2638 δέ
540 2570 558 2638 δ
581 2571 671 2637 κατὰ
698 2573 907 2658 παράκλησιν
934 2572 1077 2646 δέδοικάς
1103 2575 1134 2635 id
1158 2576 1239 2656 quod
1262 2575 1335 2636 mihi
1356 2577 1491 2656 precario
1514 2574 1693 2638 concesseris
1715 2575 1803 2637 alteri
1824 2573 2000 2646 vendideris,

181 2703 238 2762 μοι
260 2683 359 2764 έτέρῳ
382 2681 540 2757 πωλήσας
563 2681 581 2743 ό
605 2679 639 2744 δέ
660 2681 720 2744 οὐκ
738 2680 972 2766 ἀναλαμβάνει,
995 2679 1074 2767 παρ’
1104 2682 1130 2743 is
1153 2691 1253 2744 sutem
1276 2703 1338 2744 non
1360 2692 1489 2756 revocet,
1512 2682 1552 2743 ab
1574 2703 1610 2744 eo
1632 2682 1736 2745 videor
1756 2701 1820 2744 rem
1842 2680 1963 2743 hebere.

182 2787 287 2851 αὐτοῦ
308 2786 395 2850 δοκῶ
418 2796 518 2851 τοῦτο
542 2790 637 2865 έχεινε
654 2823 697 2835 -
868 2788 903 2849 fr.
921 2791 950 2849 8.
969 2793 985 2864 5
1005 2791 1031 2849 1.
1049 2791 1076 2849 2.
1794 2787 1829 2849 fr.
1847 2792 1875 2850 8.
1892 2793 1908 2863 5
1928 2789 1954 2847 1.
1971 2789 1999 2848 2.

248 2892 317 2958 Kal
340 2896 359 2958 d
383 2893 468 2976 δόλῳ
491 2895 700 2977 παυσάμενος
722 2896 806 2972 έχειν
827 2897 982 2972 ἐνέχεταιε
1001 2929 1040 2941 -
1170 2895 1213 2956 Et
1234 2896 1287 2976 qni
1310 2895 1379 2957 dolo
1401 2896 1490 2958 desiit
1511 2896 1621 2957 habere
1643 2904 1769 2958 tenetur.

248 3000 317 3065 Καί
345 3001 590 3087 όπαρακλήσει
617 3005 701 3079 ἔχειν
728 3000 827 3065 δόλον
848 3002 951 3082 μόνον
974 3022 1076 3086 χρεοι·
1170 3002 1213 3063 Et
1238 3003 1264 3063 is
1291 3003 1343 3082 qui
1369 3004 1503 3083 precario
1532 3023 1595 3064 rem
1626 3002 1720 3064 habet
1748 3001 1849 3064 dolum
1880 2990 1999 3063 tantum

182 3116 255 3171 στεῑ
278 3107 335 3171 καί
362 3108 513 3191 ἀμέλειαν
540 3107 574 3172 δὲ
602 3105 722 3190 ὅμοιαν
744 3107 843 3190 δόλῳ·
868 3109 1077 3194 χρησάμενος
1103 3117 1239 3189 praestat
1260 3118 1291 3170 et
1313 3110 1530 3190 neglegentiam
1553 3109 1680 3171 similem
1703 3108 1782 3171 dolo.
1819 3108 1932 3170 isvero
1947 3107 2000 3187 qui

182 3214 216 3277 δέ
239 3215 390 3296 ἀμέλειαν
412 3262 493 3279 ....
517 3212 557 3279 τό
580 3215 798 3300 παράγγελμα
823 3224 923 3278 τοῦτο
951 3219 995 3288 είς
1017 3213 1076 3292 τήν
1104 3216 1326 3278 commodatum
1343 3214 1475 3297 suscepit
1497 3250 1999 3263 --------

181 3322 293 3385 αἰτίαν
320 3322 598 3385 ἀποκαθιστάναι
626 3321 646 3399 ή
673 3326 699 3384 εί
730 3320 774 3403 μή
805 3330 906 3386 τοῦτο
939 3322 1075 3401 ποιήσει,
1105 3357 1490 3370 ------
1517 3323 1574 3384 hoe
1600 3323 1791 3385 interdictum
1817 3323 1850 3383 in
1876 3342 1999 3384 osussm

180 3432 225 3502 είς
251 3426 290 3491 τὸ
323 3429 485 3517 διαφέρον
517 3429 578 3516 ἀφ’
613 3421 653 3492 οὗ
684 3429 824 3506 ἐκινήθη
853 3427 1075 3508 καταδικάζει,
1105 3428 1290 3513 [pristinam]
1314 3431 1471 3493 restituere
1492 3431 1553 3505 vel,
1581 3431 1606 3492 si
1632 3430 1664 3491 id
1686 3449 1748 3492 non
1769 3429 1887 3504 fecerit,
1914 3429 1946 3489 in
1968 3428 2000 3489 id

180 3533 259 3609 ὥςτε
278 3534 336 3599 καί
355 3534 504 3643 καρποὺς
523 3545 584 3599 τοῦ
602 3540 704 3619 μέσον
722 3537 850 3620 χρόνου
872 3537 1017 3600 orestes:
1033 3571 1075 3581 —
1103 3536 1184 3618 quod
1205 3536 1329 3599 interest
1351 3558 1370 3598 a
1390 3537 1500 3599 iudicio
1518 3546 1641 3618 aoeepto
1661 3538 1840 3599 condemnat
1853 3547 1883 3599 st
1897 3537 1999 3617 itaque

871 3644 906 3705 fr.
923 3648 952 3705 8.
969 3649 985 3719 5
1003 3647 1031 3705 3.
1048 3646 1076 3703 4.
1104 3644 1195 3705 etiam
1217 3643 1332 3706 fruetus
1354 3644 1447 3706 medii
1469 3646 1610 3725 temporis
1632 3645 1716 3725 petit.
1793 3644 1829 3706 fr.
1846 3647 1874 3704 8.
1891 3649 1907 3719 5
1926 3646 1953 3703 3.
1969 3647 1999 3716 4,

118 3751 144 3805 ι’.
254 3748 299 3813 Τό
330 3747 421 3814 κατὰ
451 3750 660 3834 παράκλησιν
690 3748 746 3814 καί
774 3746 897 3832 μεταξὺ
923 3751 1077 3813 άπόντῳν
1170 3750 1341 3813 Preearium
1368 3761 1400 3813 et
1425 3752 1503 3813 inter
1529 3751 1668 3814 absentes
1698 3760 1729 3812 et
1754 3771 1809 3833 per
1839 3749 1999 3831 epistulam

181 3854 238 3920 καλ
261 3856 303 3919 δι’
329 3857 500 3934 ἐπιπολῆς
523 3855 543 3934 ή
566 3857 608 3920 δι’
638 3856 779 3937 άχχέλου
801 3857 1011 3920 συνίσταται
1034 3893 1075 3904 -
1104 3858 1154 3919 vel
1176 3878 1230 3939 per
1251 3858 1392 3919 nuntium
1415 3859 1612 3920 constituitur.
1917 3856 1953 3918 fr.
1971 3859 1998 3918 9.

996 3964 1031 4026 fr.
1049 3968 1076 4026 9.

96 4073 142 4127 ια’.
245 4071 286 4134 El
318 4070 531 4156 θεράπαιναν
563 4071 703 4148 αίτήσας
728 4069 837 4157 λάβῃς
873 4069 930 4134 καλ
962 4073 1076 4151 έτεκεν,
1170 4070 1203 4133 si
1226 4070 1367 4133 ancillam
1390 4072 1541 4151 rogaveris
1564 4079 1594 4133 et
1615 4070 1775 4154 [precario]
1801 4072 1950 4152 aeeeperis
1968 4080 1999 4149 et

180 4175 263 4240 αὐτὸ
287 4172 327 4240 τό
350 4178 543 4258 τικτόμενον
557 4177 760 4261 παρακλήσει
779 4181 873 4254 έχειςε
890 4214 932 4226 -
972 4179 1008 4240 fr.
1027 4180 1075 4240 10.
1105 4179 1259 4258 pepererit,
1281 4178 1313 4239 id
1328 4178 1409 4259 quod
1431 4187 1536 4240 natum
1551 4188 1597 4239 est
1610 4180 1744 4260 precario
1758 4178 1859 4240 habes.
1901 4177 1936 4239 fr.
1949 4180 1997 4240 10.

96 4284 141 4358 ιβ’,
245 4285 286 4348 El
330 4280 348 4346 ὃ
386 4283 576 4367 ήνεχόρασά
618 4305 671 4346 σοι
709 4284 836 4361 αίτήσω
877 4287 978 4363 έχειν,
1016 4292 1077 4346 τοῦ
1169 4283 1202 4346 si
1224 4286 1305 4365 quod
1328 4286 1383 4348 tibi
1405 4286 1521 4366 pigneri
1544 4286 1613 4347 dedi
1635 4306 1780 4366 rogavero
1806 4296 1842 4347 ut
1863 4285 1997 4365 precario

176 4394 296 4476 χρέους
334 4389 513 4470 δοθέντος,
550 4391 679 4454 λέλυται
716 4388 756 4454 τὸ
789 4388 879 4455 κατὰ
909 4391 1075 4476 παράκλη-
1102 4391 1251 4466 haberem,
1273 4392 1345 4454 dato
1368 4413 1402 4456 eo
1425 4392 1507 4474 quod
1521 4393 1656 4469 debetur,
1679 4393 1806 4455 solvitur
1819 4392 1996 4473 precarium

180 4521 245 4562 etv:
262 4534 304 4547 -
972 4499 1007 4559 fr.
1025 4500 1074 4559 11.
1895 4499 1929 4561 fr.
1947 4501 1996 4560 11.

95 4610 141 4683 νηί.
248 4602 323 4668 Kar
346 4604 557 4690 συμφωνήσει
580 4601 632 4668 ἐπί
650 4605 776 4689 χρόνον
796 4602 898 4689 ῥητόν
912 4605 1073 4687 νέμεσθαι
1167 4606 1235 4668 Etsi
1258 4617 1367 4687 paetus
1390 4606 1475 4669 firero
1497 4609 1529 4669 in
1551 4608 1631 4669 diem
1653 4610 1769 4670 eertum
1791 4606 1944 4688 possidere
1965 4606 1997 4667 id

181 4708 200 4775 δ
222 4708 313 4776 κατά
335 4711 544 4797 παράκλησιν
572 4709 716 4784 δέδωκάς
737 4733 803 4795 μοι,
826 4712 933 4794 ἒξεστί
947 4710 1001 4775 σοὶ
1020 4708 1073 4774 ότι
1102 4713 1182 4793 quod
1204 4712 1278 4774 mihi
1300 4714 1433 4793 precario
1455 4714 1580 4789 dederis,
1606 4714 1677 4776 lieet
1699 4712 1754 4775 tibi
1776 4733 1844 4774 oum
1867 4712 1997 4775 volueris

180 4818 292 4905 βούλει
315 4818 496 4904 άναλαβεῖν
518 4818 614 4881 αὐτός
632 4853 671 4864 -
921 4819 956 4880 λε.
974 4823 1013 4881 12
1029 4840 1074 4900 pr.
1102 4820 1240 4900 resipere
1843 4819 1878 4881 fr.
1896 4821 1935 4881 12
1951 4841 1995 4902 pr.

242 4924 276 4990 ‘O
303 4924 456 5002 αἰτηθεὶς
483 4923 611 4988 δέδωκά
638 4946 691 4988 σοι
718 4923 774 4987 καί
802 4930 845 4998 είς
871 4922 931 4989 τόν
957 4925 1073 5010 κληρο·
1167 4927 1259 5005 Quod
1281 4935 1404 5008 rogatus
1426 4927 1482 4990 tibi
1498 4926 1658 5011 [precario]
1680 4925 1771 5002 dedit,
1794 4927 1834 4989 ad
1856 4927 1996 4988 heredem

179 5034 282 5117 νόμον
295 5055 360 5115 μου
374 5034 573 5116 μετέρχεται,
590 5031 630 5094 οὐ
644 5029 707 5114 μὴν
722 5035 766 5104 είς
780 5028 841 5095 τόν
856 5032 928 5095 σόν·
945 5028 1074 5115 σολχὰρ
1101 5054 1199 5096 meum
1223 5034 1339 5109 transit,
1363 5055 1423 5097 non
1442 5036 1481 5096 ad
1497 5044 1596 5108 tuum;
1618 5033 1674 5096 tibi
1689 5033 1768 5094 enim
1783 5033 1839 5094 soli
1854 5033 1995 5095 eonoessi
2110 5109 2112 5113 y

179 5141 282 5221 μόνον
304 5141 532 5223 συνεχώρησαε
550 5174 590 5186 -—
908 5139 1004 5200 fr.12.
1017 5143 1033 5214 5
1046 5143 1073 5200 1.
1813 5139 1849 5201 fr.
1867 5141 1916 5203 12.
1933 5145 1949 5215 5
1968 5143 1996 5200 1.

134 5288 141 5302 ·
244 5243 317 5309 Ἐάν
340 5245 456 5320 δοῦλός
479 5267 541 5309 σου
563 5246 583 5322 ή
605 5242 675 5318 υἱός
690 5245 775 5331 λάβῃ
791 5267 823 5308 τι
839 5246 1074 5330 παρακαλέσας
1166 5246 1200 5310 Si
1227 5267 1330 5310 servus
1357 5256 1427 5309 tuus
1450 5247 1567 5310 filiusve
1594 5246 1666 5328 quid
1693 5247 1827 5327 precario
1850 5246 1997 5327 aeeeperit

179 5355 206 5415 sl
216 5352 273 5434 μὲν
281 5352 420 5416 κελεύσει
430 5355 594 5430 σουήσου
602 5348 643 5415 τό
652 5353 810 5435 πραχθὲν
819 5351 1073 5435 ἀποδεξαμένου,
1100 5353 1149 5417 vel
1171 5355 1255 5417 iussu
1276 5364 1329 5417 tuo
1356 5354 1404 5417 vel
1431 5364 1461 5417 te
1484 5365 1583 5417 ratum
1605 5353 1744 5427 habente,
1770 5354 1835 5434 ipse
1856 5372 1995 5433 persona

179 5457 280 5533 αὐτὸς
304 5469 522 5541 προσωπικῶς
543 5462 676 5545 κατέχῃ,
700 5464 727 5522 εί
745 5459 779 5523 δέ
795 5461 996 5541 ἀγνοοῦντος
1012 5468 1074 5523 σοῦ
1100 5461 1169 5523 liter
1189 5462 1310 5524 teneris:
1338 5462 1363 5523 si
1389 5482 1460 5525 vero
1487 5463 1643 5541 ignorante
1670 5468 1701 5522 te
1727 5461 1848 5541 proprio
1874 5461 1995 5522 nomine

179 5564 265 5651 λαβη
288 5564 360 5648 ἰδίῳ
384 5567 522 5649 όνόματι
550 5564 623 5650 περί
645 5575 706 5630 τοῦ
729 5566 900 5629 πεκουλιόν
922 5565 1072 5652 άχοιχῇή
1100 5567 1220 5648 ceperit,
1247 5567 1285 5630 de
1306 5568 1424 5649 peoulio
1447 5570 1563 5630 actione
1585 5568 1634 5633 vel
1660 5567 1698 5629 de
1720 5587 1755 5629 eo
1777 5567 1857 5647 quod
1878 5568 1910 5628 in
1933 5587 1995 5627 rem

179 5671 252 5758 περί
273 5683 332 5751 τῆς
355 5678 399 5746 είς
417 5669 461 5737 τά
476 5674 658 5759 πράγματα
673 5682 734 5737 τοῦ
748 5672 911 5737 δεσπότου
926 5673 1074 5750 δαπανής
1101 5674 1212 5737 domini
1234 5696 1354 5738 versum
1376 5684 1423 5738 est
1444 5677 1561 5738 teneris.
1893 5673 1929 5736 fr.
1946 5675 1994 5735 13.

179 5781 292 5867 άχσχῇ
314 5782 451 5865 κατέχηε
469 5816 508 5828 -
970 5781 1005 5842 fr.
1024 5784 1073 5845 13.

251 6009 260 6043 ¹
279 6009 312 6064 od
330 6009 390 6064 eod.
463 6008 571 6080 'plum
588 6009 757 6064 exciderunt

240 6106 306 6149 sun.
326 6108 351 6153 'l'⁴
359 6107 410 6148 vn.
