4842 7018
803 473 983 540 CAPITA
1005 470 1154 539 LEGIS
1176 470 1488 539 RHODIORUM.
1992 478 2053 540 117

227 678 290 730 σας
313 658 476 733 ἀπόληται
500 656 557 721 καὶ
580 654 620 720 τὸ
644 656 760 721 πλοῖον
776 655 934 741 διαλυθῇ,
958 651 1001 718 τά
1017 658 1052 717 ἐκ
1068 661 1129 716 τοῦ
1155 653 1221 716 luta
1246 654 1349 729 fuerit,
1382 675 1419 717 ea
1447 676 1526 735 quae
1552 676 1591 717 ox
1622 655 1693 719 navi
1725 665 1848 719 servata
1874 658 1934 719 sint
1960 666 1991 719 et
2016 677 2055 718 ex

227 765 344 827 πλοίου
367 766 537 845 σωζόμενα
558 762 616 827 καλ
641 772 702 827 τοῦ
730 764 861 850 φόρτου
887 766 932 836 εἰς
959 760 1128 846 συμβολήν
1155 781 1244 823 onere
1259 762 1290 822 in
1305 762 1558 824 contributionem
1572 763 1705 825 veniant
1737 783 1926 827 aurumvero
1941 772 2055 845 empto

227 872 458 951 ἐρχέσθωσαν,
481 868 520 934 τὸ
545 870 578 932 δέ
598 870 741 951 χρυσίον
763 878 825 932 τοῦ
842 871 986 953 ἐμπόρου
1001 875 1128 951 ἐγκομι-
1155 869 1196 929 ris
1218 869 1284 949 ipse
1308 889 1411 930 secum
1433 869 1530 944 tollat
1553 869 1685 932 decimas
1708 879 1810 931 autem
1829 870 1936 932 solvat
1974 872 2056 952 quod

227 979 307 1058 ζέτω
330 978 410 1059 μεθ’
436 981 568 1056 ἑαυτοῦ,
597 976 739 1051 δεκάτας
767 975 801 1039 δὲ
825 976 1025 1040 ἀποδιδότω.
1071 973 1128 1039 ἐάν
1155 976 1181 1036 εἰ
1211 975 1287 1036 nihil
1314 996 1352 1037 ex
1382 976 1470 1038 navis
1497 976 1649 1038 mercibus
1676 977 1809 1038 retinens
1837 986 1977 1041 servatus
2009 978 2056 1051 sit,

227 1084 261 1148 δὲ
293 1085 335 1165 μή
368 1108 399 1147 τι
433 1095 500 1147 τῶν
533 1095 658 1147 σκευῶν
695 1092 757 1147 τοῦ
792 1084 910 1147 πλοίου
945 1080 1129 1161 κατασχὼν
1156 1082 1313 1146 dimidium
1335 1082 1420 1144 nauli
1442 1083 1589 1163 praebeat
1611 1084 1777 1146 secundum
1797 1086 1921 1165 scripta:
1945 1086 2057 1146 sivero

226 1192 357 1273 ἐσώθη,
386 1188 431 1256 τά
454 1191 617 1272 ήμίναυλα
644 1188 711 1254 ἀπὸ
740 1201 807 1253 τῶν
829 1190 1008 1276 ἐγγράφου
1031 1211 1128 1273 παρε·
1155 1189 1283 1270 quidex
1305 1188 1454 1251 mercibus
1468 1190 1598 1251 retinens
1614 1199 1752 1253 servatus
1775 1190 1822 1264 sit,
1845 1192 1966 1271 quintas
1988 1211 2057 1272 par·

222 1303 324 1378 χέτω·
348 1304 374 1362 εί
398 1299 432 1361 δέ
455 1322 487 1361 τι
511 1309 577 1361 τῶν
601 1308 726 1361 σκευῶν
741 1305 802 1360 τοῦ
816 1297 933 1361 πλοίου
947 1294 1129 1375 κατασχὼν
1156 1306 1201 1359 tes
1224 1296 1403 1359 contribuat

226 1407 352 1485 ἐσώθη,
375 1409 523 1487 πέμπτας
545 1408 734 1490 ἐπιφερέτω.

139 1517 188 1570 λα’.
291 1511 365 1577 Ἐἀν
396 1515 415 1576 ό
445 1515 588 1594 ἐμπορος
615 1513 778 1598 φορτώσῇ
806 1508 845 1574 τὸ
870 1511 985 1574 πλοῖον
1010 1512 1071 1574 καί
1095 1533 1127 1573 τι
1222 1512 1255 1573 Si
1278 1520 1426 1573 mercator
1448 1509 1551 1574 navim
1574 1519 1676 1572 oneret
1698 1519 1729 1572 et
1751 1511 1823 1591 quid
1846 1511 1919 1573 navi
1942 1512 2057 1572 contin·
2130 1559 2136 1571 .

226 1619 336 1706 συμβῇ
360 1622 407 1700 τῷ
431 1619 549 1699 πλοίῳ,
578 1616 622 1683 τά
650 1620 820 1700 σωζόμενα
849 1619 961 1681 πάντα
983 1621 1027 1691 είς
1051 1639 1127 1698 συμ
1155 1627 1221 1697 gat,
1253 1638 1452 1699 quaecunque
1483 1627 1604 1681 servata
1641 1619 1702 1679 sint
1733 1618 1772 1679 ad
1804 1618 2056 1681 contributionem

225 1726 330 1812 βολήν
350 1727 572 1811 ἐρχέσθωσαν
587 1723 762 1808 ἐκιίτερα·1
784 1720 824 1787 τό
841 1724 875 1786 δὲ
891 1724 1053 1809 ἀργύριον
1071 1721 1129 1787 ἐάν
1156 1724 1280 1787 veniant
1295 1726 1450 1806 utrinque3
1466 1734 1624 1805 argentum
1641 1735 1751 1799 autem,
1768 1725 1794 1786 si
1809 1735 1954 1799 servetur,
1971 1725 2057 1804 quin·

227 1837 382 1914 σώζηται,
406 1835 554 1914 πέμπτας
573 1832 761 1896 ἐπιδιδότω·
784 1834 803 1895 ό
823 1830 856 1894 δὲ
872 1831 1056 1914 ναύκληρος
1071 1829 1127 1894 καὶ
1155 1841 1219 1892 tam
1242 1842 1359 1912 partem
1382 1832 1563 1894 contribuat
1607 1832 1754 1912 Magister
1775 1840 1877 1894 autem
1892 1841 1923 1894 et
1944 1843 2058 1894 nautae

228 1945 259 2005 οί
282 1950 400 2004 ναῦται
424 1938 591 2023 βοηθειάς
614 1940 851 2021 παρεχέτωσαν
881 1943 925 2011 εἰς
948 1935 987 2001 τὸ
1012 1949 1128 2001 σῶσαι.
1157 1938 1304 1999 auxilium
1328 1939 1367 1999 ad
1390 1939 1572 2001 servandum
1595 1948 1778 2019 praestanto.

142 2051 189 2124 λβ.
291 2044 366 2110 Ἐἀν
388 2047 504 2110 πλοῖον
527 2044 576 2109 ἐπλ
600 2048 705 2128 γόμον
727 2045 836 2131 ύπάγη
859 2047 1005 2128 ἐμπόρου
1020 2044 1129 2126 ναύλῳ
1223 2044 1257 2107 si
1279 2045 1365 2107 navis
1393 2056 1533 2108 oneretur
1559 2066 1578 2107 a
1605 2056 1771 2108 mercatore
1799 2046 1849 2108 vel
1875 2045 1967 2107 naulo
1990 2066 2058 2107 con·
2130 2093 2137 2106 .

227 2155 246 2233 ή
269 2154 428 2233 κοινωνία
449 2154 510 2217 καί
531 2162 597 2215 τῶν
619 2150 709 2216 κατά
732 2151 921 2216 θάλασσαν
943 2150 1062 2238 συμβῇ,
1086 2147 1130 2215 τά
1157 2152 1249 2213 ducta
1275 2151 1325 2214 vel
1353 2153 1505 2214 societatis
1532 2152 1648 2215 ratione
1675 2161 1705 2213 et
1732 2152 1806 2233 quid
1827 2154 1859 2214 in
1881 2153 1958 2214 mari
1981 2153 2058 2215 aeci-

226 2263 284 2344 μίν
311 2259 475 2343 ήμίναυλα
503 2258 546 2341 μή
574 2261 728 2323 ἀπαιτεῖν
754 2256 815 2321 τὸν
842 2261 996 2343 ἔμπορον,
1024 2255 1068 2322 τά
1096 2257 1130 2321 δὲ
1158 2259 1244 2333 derit,
1281 2259 1440 2321 dimidium
1471 2259 1556 2321 nauli
1588 2280 1608 2320 a
1638 2269 1804 2322 mercatore
1835 2280 1896 2321 non
1928 2268 2058 2340 petatur,

228 2378 289 2433 τοῦ
311 2368 428 2433 πλοίου
450 2366 507 2431 καλ
531 2378 588 2443 τῆς
611 2367 757 2442 ἐνθήκης
772 2369 816 2439 είς
835 2363 1005 2450 συμβολήν
1019 2367 1129 2447 ἐρχέσ-
1157 2366 1245 2428 navis
1278 2374 1381 2427 autem
1411 2375 1443 2428 et
1473 2387 1550 2429 onus
1577 2366 1617 2427 ad
1644 2367 1896 2429 contributionem
1927 2368 2058 2429 veniant

228 2477 360 2538 θωσαν.
383 2471 441 2537 έάν
457 2473 490 2537 δὲ
505 2472 562 2536 καλ
579 2473 761 2556 προγρείαν
777 2471 867 2557 δάση
884 2474 902 2535 ὁ
918 2475 1060 2554 ἔμπορος
1076 2470 1095 2548 λ)
1111 2473 1130 2533 ό
1158 2473 1238 2554 quod
1254 2474 1280 2535 si
1294 2482 1444 2535 mercator
1458 2473 1507 2535 vel
1522 2475 1621 2535 socius
1636 2483 1728 2535 antea
1742 2474 1816 2555 quid
1831 2474 1954 2546 dederit
1970 2473 2059 2536 sicuti

228 2581 289 2660 τήν
304 2579 512 2660 κοινωνίαν,’
526 2578 648 2654 καθὼς
664 2579 914 2665 corcyraeorum,
925 2578 1129 2661 κύριαέστω.
1158 2581 1377 2661 conscripserit,
1401 2590 1492 2661 pacta
1514 2589 1583 2642 rata
1605 2590 1702 2642 sunto.

174 2695 189 2747 ‘.
293 2685 367 2751 Ἐἀν
390 2690 572 2772 όέμπορος
589 2683 683 2761 θείς8
701 2682 745 2750 τά
760 2686 890 2771 φορτία
905 2683 955 2749 ἐπὶ
974 2688 1022 2766 τῳ
1038 2686 1129 2765 τόπῳ
1224 2688 1257 2749 Si
1284 2687 1419 2769 posuerit
1446 2697 1593 2750 mercator
1620 2708 1734 2749 merces
1762 2689 1794 2749 in
1821 2687 1886 2750 loco
1910 2696 2059 2750 convento
2132 2735 2138 2747 .

229 2806 295 2859 τῶν
319 2795 510 2874 συνθηκῶν,
539 2791 566 2874 ὅ,
590 2817 622 2857 τι
647 2794 746 2880 πάθη
770 2791 809 2857 τὸ
833 2792 958 2871 πλοῖον,
982 2788 1021 2855 τό
1045 2792 1130 2876 μέ[ν]
1158 2803 1189 2856 et
1215 2795 1288 2875 quid
1315 2795 1401 2857 navis
1429 2796 1578 2876 patiatur,
1605 2794 1731 2856 naulum
1759 2795 1882 2876 quidem
1910 2796 2060 2874 integrum

228 2903 348 2966 ναῦλον
380 2905 424 2975 είς
454 2898 597 2984 πλήρης*
624 2900 866 2981 είσκομιζέσθω
895 2902 914 2963 ό
946 2897 1131 2983 ναύκληρος
1158 2902 1302 2981 magister
1317 2902 1420 2980 exigat
1435 2921 1454 2962 a
1469 2909 1642 2977 mercatore,
1667 2922 1704 2963 ea
1725 2923 1798 2965 vero
1813 2922 1891 2983 quae
1906 2901 2060 2964 inhorreo

229 3007 291 3073 ὑπὸ
324 3017 385 3072 τοῦ
416 3009 569 3093 ἐμπόρου,
603 3005 647 3071 τά
679 3007 713 3070 δέ
749 3004 881 3090 ἐνόριαῦ
912 3004 1131 3097 έκβεβλημένα
1157 3010 1270 3071 iniecta
1292 3018 1364 3071 sunt
1385 3008 1501 3070 nullam
1524 3009 1654 3071 debeant
1675 3008 1926 3070 contributionem
1949 3010 1984 3070 iis
2007 3008 2059 3089 qui

229 3116 390 3181 ἀκίνδυνα
406 3111 488 3178 εἶναι
505 3113 567 3178 ύπό
583 3125 651 3176 τῶν
666 3113 899 3194 συμπλεόντων
913 3122 975 3177 τοῦ
995 3112 1131 3177 πλοίου6
1158 3115 1248 3178 simul
1270 3116 1302 3177 in
1321 3116 1393 3177 navi
1415 3115 1562 3195 navigant
1584 3124 1615 3176 et
1637 3115 1694 3196 ipsi
1717 3115 1797 3179 navi.
1842 3135 1921 3196 quae
1936 3116 2061 3177 veroin

228 3220 312 3304 μετά
334 3230 396 3286 τοῦ
418 3220 544 3301 πλοίου,
568 3218 613 3284 τά
631 3220 665 3283 δέ
684 3220 900 3304 εὑρισκόμενα
915 3225 949 3283 ἐν
964 3223 1012 3301 τῷ
1028 3219 1130 3301 πλοίῳ
1159 3225 1231 3286 navi
1245 3224 1439 3285 inveniantur
1461 3243 1529 3284 cum
1557 3223 1625 3303 ipsa
1646 3223 1720 3285 navi
1745 3224 1777 3283 in
1806 3223 2060 3284 contributionem

229 3328 300 3411 ίίμα
323 3337 384 3392 τοῦ
406 3326 543 3392 πλοίου7
564 3332 609 3401 είς
632 3325 801 3412 συμβολήν
823 3328 1051 3410 ἐρχέσθῳσαν.
1158 3331 1291 3394 veniant

176 3443 191 3495 '.
295 3433 368 3499 Ἐἀν
392 3435 508 3498 πλοῖον
531 3435 670 3511 όθιόνην
686 3433 705 3512 b
720 3432 853 3518 βέστινΒ
872 3435 997 3520 κομίζῃ,
1021 3432 1132 3497 όναύ-
1226 3436 1259 3499 Si
1286 3436 1374 3499 navis
1401 3435 1496 3497 lintea
1517 3444 1671 3499 vestemve
1694 3435 1785 3511 ferat,
1814 3437 1957 3515 magister
1979 3457 2061 3515 sege·
2134 3481 2140 3494 .

230 3545 352 3626 κληρος
380 3542 552 3629 διφθέρας
578 3538 684 3616 καλάς
711 3544 895 3626 παρεχέτω,
924 3540 979 3604 ἵνα
1005 3538 1049 3623 μή
1081 3539 1131 3603 ἐπὶ
1159 3544 1234 3607 stria
1260 3544 1342 3606 bona
1362 3543 1521 3624 praebeat,
1549 3563 1587 3604 ne
1614 3544 1802 3624 tempestatis
1832 3553 1967 3624 tempore
1989 3543 2061 3605 fluo

227 3660 389 3731 χειμῶνος
412 3653 453 3735 τῇ
476 3648 637 3713 ἐπικλύσει
661 3659 729 3712 τῶν
754 3649 912 3730 κυμάτων
938 3644 983 3711 τά
1005 3648 1133 3734 φορτία
1159 3660 1246 3712 tuum
1284 3649 1479 3712 inundatione
1515 3670 1630 3711 meroes
1661 3650 1839 3712 detrimento
1872 3651 2060 3712 adiiciantur.

231 3756 391 3842 ἀδικηθῇ.
438 3755 496 3820 ἐάν
519 3755 552 3819 δὲ
568 3754 608 3820 τὸ
625 3755 741 3819 πλοῖον
756 3755 994 3841 ύπεραντλήσῇ,
1018 3756 1037 3817 ό
1056 3753 1132 3818 ναύ-
1160 3758 1242 3838 quod
1264 3757 1289 3819 si
1312 3757 1400 3819 navis
1419 3777 1500 3837 aqua
1514 3757 1675 3837 repleatur,
1698 3757 1843 3838 magister
1860 3759 1964 3819 statim
1979 3757 2062 3819 dicat

3 3936 15 3955 Ἰ
79 3872 127 3939 [οι.
140 3877 194 3924 58¹.
230 3866 352 3947 κληρος
375 3859 478 3937 εὐθὺς
500 3863 618 3944 λεγέτω
641 3871 712 3936 τοῖς
735 3858 779 3924 τά
802 3862 931 3948 φορτία
948 3865 1081 3939 ἔχουσιν
1099 3865 1133 3924 ἐν
1159 3866 1196 3926 iis
1218 3865 1271 3945 qui
1293 3884 1408 3926 merces
1429 3863 1545 3926 habent
1567 3864 1599 3924 in
1614 3864 1681 3945 ipsa
1696 3865 1776 3938 navi,
1800 3873 1835 3927 ut
1849 3865 1992 3926 mercium
2008 3864 2062 3926 fiat

232 3975 279 4051 τῷ
303 3970 416 4051 πλοίῳ,
446 3968 501 4034 ίνα
524 3973 543 4046 ή
567 3970 702 4043 έκθεσις
725 3973 859 4051 γένηται
882 3979 950 4032 τῶν
973 3970 1131 4054 φορτίων.
1161 3972 1316 4053 expositio.
1362 3971 1444 4053 quod
1475 3972 1500 4032 si
1532 3979 1668 4033 vectores
1698 3971 1853 4033 certiorem
1882 3973 2061 4052 magistrum

232 4075 289 4141 ὲάν
312 4076 346 4140 δέ
371 4079 404 4140 οἱ
433 4076 589 4161 ἐπιβάται
613 4073 762 4163 φανερόν
791 4075 953 4152 ποιήσωσι
983 4078 1029 4156 τῷ
1057 4097 1133 4138 ναυ-
1160 4078 1275 4141 faciant
1310 4088 1341 4141 et
1372 4079 1415 4140 sie
1450 4077 1559 4139 deinde
1594 4076 1739 4138 damnum
1774 4098 1889 4140 meroes
1922 4079 2061 4153 sentiant,

232 4184 341 4267 κλήρῳ
369 4183 427 4247 καὶ
457 4180 524 4247 εἶθ’
555 4179 643 4246 ούτω
671 4181 781 4269 βλάβη
808 4179 853 4246 τά
876 4183 1012 4270 φορτία,
1042 4180 1133 4245 ύπεύ-
1161 4187 1306 4264 magister
1336 4205 1398 4247 una
1428 4205 1497 4246 cum
1525 4185 1626 4245 nautis
1654 4184 1805 4263 obligatus
1832 4185 1900 4257 erit;
1928 4186 2008 4265 quod
2036 4185 2062 4245 si

234 4293 344 4355 θυνον
375 4287 457 4354 εἶναι
490 4288 550 4354 τόν
576 4290 762 4373 ναύκληρον
790 4289 861 4371 άμα
887 4298 957 4363 τοῖς
986 4286 1133 4362 ναύταις.
1162 4301 1253 4354 antea
1279 4291 1437 4354 denuntiet
1463 4291 1607 4372 magister
1633 4311 1695 4353 una
1727 4311 1795 4352 cunr
1827 4292 1929 4352 nautis
1960 4293 2061 4353 navim

232 4404 258 4462 εί
287 4398 321 4462 δὲ
347 4395 680 4483 προδιαμαρτύρηται
708 4399 727 4461 ό
755 4396 939 4479 ναύκληρος
966 4392 1037 4477 άμα
1065 4403 1134 4469 τοῖς
1161 4400 1340 4461 inundatum
1371 4419 1449 4473 esse,
1481 4399 1758 4478 expositionemque
1785 4417 1851 4459 esse
1883 4397 2062 4473 faciendam,

232 4505 370 4579 ναύταις
389 4502 441 4568 ὅτι
457 4501 496 4567 τὸ
513 4505 629 4567 πλοῖον
645 4502 864 4586 ύπερήντλησε
878 4501 935 4566 καί
951 4503 1134 4583 ἐκθέσθαι,
1162 4516 1254 4587 atque
1285 4507 1307 4567 ii
1338 4506 1390 4586 qui
1420 4525 1535 4567 merces
1566 4505 1742 4566 induxerint
1768 4524 1882 4566 merces
1912 4524 2062 4585 exponere

233 4616 266 4676 οί
295 4613 328 4676 δέ
357 4609 590 4695 ἐμβαλλόμενοι
619 4606 664 4673 τά
696 4612 824 4696 φορτία
856 4610 1042 4692 ἀμελήσωσι
1075 4618 1136 4673 τοῦ
1163 4613 1333 4694 neglegant,
1356 4613 1453 4676 securi
1476 4613 1537 4673 sint
1558 4613 1703 4692 magister
1723 4620 1754 4673 et
1776 4619 1897 4673 nautae.

233 4720 419 4798 ἐκθέσθαι,
448 4718 578 4799 ἀζήμιοι
602 4720 745 4780 είτωσαν
773 4715 848 4781 ὅτε
870 4715 1056 4799 ναύκληρος
1077 4715 1134 4780 καί

234 4827 267 4889 οἱ
288 4833 417 4888 ναύται.

180 4940 195 4992 ’.
298 4930 372 4997 Ἐἀν
395 4932 512 4996 πλοῖον
527 4929 667 5015 ἐκβολήν
682 4930 860 5006 ποιήσηται
876 4940 933 5005 τῆς
948 4930 1136 5012 καταρτιάς
1230 4933 1262 4996 Si
1277 4933 1366 4995 navis
1382 4932 1573 4994 amissionem
1589 4931 1703 4994 arboris
1719 4930 1834 5004 subeat,
1854 4950 1927 4992 casu
1943 4930 2064 4993 abiecta
2100 4939 2142 4990 tt.

235 5040 433 5120 αὐτομάτως
456 5037 728 5122 ἀποβαλλομένης
746 5036 766 5114 i)
781 5039 992 5117 κοπτομένης,
1016 5036 1136 5110 πάντες
1163 5062 1200 5103 ea
1222 5041 1271 5103 vel
1293 5059 1391 5115 caesa,
1414 5060 1517 5102 omnes
1535 5048 1648 5100 nautae
1663 5049 1694 5100 et
1708 5047 1889 5100 mercatores
1904 5046 1935 5099 et
1950 5057 2064 5098 merces
2117 5117 2119 5121 .

234 5149 266 5210 οἱ
288 5154 408 5209 ναῦται
431 5143 488 5209 καὶ
513 5147 546 5207 οί
567 5148 705 5227 ἔμποροι
728 5142 785 5207 καλ
808 5139 852 5206 τά
876 5144 1004 5229 φορτία
1023 5140 1080 5206 καλ
1095 5139 1135 5206 τὸ
1162 5156 1194 5211 et
1215 5146 1303 5210 navis
1325 5157 1464 5211 servatae
1486 5146 1526 5209 ad
1549 5145 1801 5208 contributionem
1826 5144 1957 5207 veniant

234 5252 350 5316 niutau
374 5252 535 5314 σωθέντα
558 5256 602 5325 είς
625 5249 794 5335 συμβολήν
816 5250 1047 5335 ἐρχέσθωσαν.

181 5366 197 5419 ’.
299 5357 373 5422 'Eois
406 5358 523 5421 πλοῖον
555 5359 729 5440 ἀρμενίζον
759 5357 845 5443 stup
878 5358 987 5421 ἐπάνω
1020 5357 1137 5420 πλοίου
1229 5361 1263 5423 si
1285 5360 1374 5423 navis
1396 5361 1455 5422 iter
1476 5360 1589 5422 faciens
1604 5358 1708 5421 delata
1722 5359 1762 5421 sit
1777 5358 1908 5419 interdiu
1923 5358 1955 5418 in
1970 5357 2062 5418 aliam
2101 5367 2143 5417 tt.

235 5470 348 5549 ἐτέρου
370 5468 542 5550 ὁρμῶντος
565 5464 584 5542 ή
605 5464 821 5542 χαλάσαντος
848 5460 893 5526 τά
916 5465 1043 5549 ἄρμενα
1066 5467 1137 5545 ήμέ-
1164 5489 1274 5531 navem
1302 5477 1476 5530 ancoratum
1503 5466 1554 5529 vel
1576 5486 1655 5547 quae
1682 5465 1751 5529 vela
1772 5464 1938 5544 laxaverit,
1967 5465 2065 5526 omnis

307 5661 316 5692 ¹
335 5663 375 5715 ita
392 5679 442 5731 pro
455 5659 634 5733 ἑκατέρωθεν.
707 5657 777 5713 ὀᾶ.
796 5656 859 5713 add.
871 5657 995 5725 ποιήσας.
1068 5655 1139 5712 ’ita

234 5756 263 5805 et
281 5749 348 5805 alibi
366 5768 393 5820 p.
409 5754 546 5817 118,n.1.
573 5753 632 5817 119,
645 5766 672 5802 n.
686 5753 710 5802 3.
781 5746 851 5802 ‘ita
864 5746 924 5802 cod.
943 5747 1136 5819 (είςπλῆρεςλ).

306 5839 371 5894 ⁵an
393 5837 421 5892 ἐν
440 5837 539 5912 epatu?
575 5836 603 5892 ἐν
620 5837 680 5892 soil.
701 5854 763 5892 cum
784 5854 873 5891 accus.
897 5835 933 5891 de
954 5853 1010 5908 quo
1035 5837 1065 5889 in
1085 5835 1138 5889 hac

235 5929 297 6000 lege
315 5928 384 5982 nihil
403 5933 445 5983 est
463 5945 513 5983 cur
529 5929 669 5982 miremur.
700 5925 814 5999 ίμιιόρισ
830 5926 873 5980 eri
926 5926 997 5981 ‘sie
1015 5924 1050 5979 de
1062 5940 1138 5979 more

235 6017 417 6085 (cunnos).
490 6016 554 6072 ’de
572 6032 657 6071 more.
729 6016 798 6069 ⁸ita
815 6014 876 6069 ocu
