4680 7114
648 1177 778 1233 ΒΙΒΛΙΟΝ
797 1179 858 1249 ΛΓ,
876 1179 996 1233 ΤΙΤΛΟ(
1014 1179 1049 1232 Α’
1532 1180 1648 1236 LIBER
1664 1180 1807 1249 XXXIII,
1825 1178 1990 1237 TITULUS
2007 1180 2023 1234 1

506 1306 568 1376 περὶ
584 1303 746 1357 venerarer:
760 1333 794 1343 -
830 1303 874 1357 δι1
894 1305 945 1357 τῶν
964 1303 1146 1374 διοτάξ[εοιν]ε
1159 1335 1194 1344 -
1461 1305 1495 1360 de
1513 1305 1718 1377 adoptionibus.
1738 1334 1771 1346 -
1789 1305 1831 1361 Ex
1849 1304 2100 1361 comtitutionibut.

472 1428 536 1505 ’1ης
559 1428 736 1512 θυγατρός
758 1450 822 1509 μου
845 1429 991 1508 ζησάσης
1013 1430 1229 1513 αὐτεξουσίας
1243 1430 1300 1495 καί
1417 1432 1496 1494 Cum
1522 1431 1587 1493 iilic
1612 1451 1681 1494 mee
1707 1440 1862 1512 tamquam
1889 1432 1937 1493 eui
1962 1432 2036 1493 iuris
2062 1432 2170 1494 vixerit
2193 1442 2219 1493 et

401 1534 608 1617 διαθεμύνης,
625 1536 665 1598 οὐ
675 1534 816 1617 δύναμαι
827 1533 911 1617 μετά
920 1536 1079 1599 θάνατον
1088 1537 1190 1613 αὐτῆς
1199 1538 1302 1618 λέγειν
1328 1547 1440 1601 teetete
1467 1539 1518 1613 eit,
1550 1558 1612 1601 non
1639 1558 1761 1619 poreum
1788 1546 1858 1620 poet
1883 1539 1949 1600 eine
1977 1546 2104 1600 mortem
2131 1536 2220 1600 dicero

400 1643 444 1715 ὡς
466 1640 653 1725 άνισγύροις
675 1640 780 1719 αὐτὴν
804 1640 1037 1725 αὐτεξούσιον2
1059 1645 1211 1721 ἐποίησας
1232 1681 1270 1691 -
1329 1666 1377 1707 me
1399 1666 1467 1707 cem
1489 1644 1636 1708 inutiliter
1657 1646 1903 1727 emancipavieee
1949 1644 1985 1706 ir.
1996 1647 2037 1706 25
2048 1665 2094 1726 pr.
2110 1643 2149 1705 D.
2160 1646 2185 1718 1,
2195 1647 2219 1706 7.

1000 1750 1301 1832 emmone

314 1857 362 1913 ιδ.
466 1852 500 1919 ‘0
522 1857 606 1933 ἔχειν
628 1852 700 1918 υίδν
721 1854 779 1919 καί
806 1856 840 1938 ἐξ
862 1856 968 1919 αὐτοῦ
993 1857 1148 1938 ἐγγόνους
1170 1857 1302 1940 ὐπεξου-
1395 1858 1458 1937 Qui
1480 1858 1575 1920 filium
1597 1858 1690 1921 hebet
1711 1867 1742 1919 et
1764 1878 1802 1920 ex
1824 1878 1859 1921 eo
1881 1868 2005 1940 nepotes
2022 1857 2053 1918 in
2072 1864 2218 1938 poteetete

404 1962 495 2035 σίους
511 1960 625 2024 ἄδειαν
639 1964 703 2038 ἔχει
720 1959 858 2025 δνθίλει
870 1962 1084 2045 αὐτεξούσιον
1099 1962 1301 2040 ποιῆσαικαὶ
1329 1985 1418 2045 quem
1441 1964 1508 2027 vult
1530 1974 1629 2046 poteet
1650 1966 1698 2028 eui
1719 1967 1792 2027 iuris
1813 1965 1912 2028 fecere
1935 1971 1966 2026 et
1983 1962 2078 2024 elium
2093 1963 2126 2023 in
2147 1974 2219 2043 pote

402 2064 462 2130 τὸν
484 2067 587 2131 ἄλλον
609 2079 870 2153 παρακρατησαι
889 2067 909 2144 λ)
925 2070 1053 2143 πάντας
1068 2071 1301 2153 αὐτεξουσίους
1329 2082 1407 2134 etate
1430 2072 1568 2146 retinere,
1591 2071 1641 2134 vel
1657 2092 1759 2134 omnes
1774 2072 1972 2153 emancipare.
2010 2069 2130 2131 Eodem
2144 2069 2219 2130 etin

401 2185 547 2251 ποιησαι.
570 2171 615 2238 τά
637 2171 726 2238 αὐτά
747 2173 804 2238 ιιαλ
828 2173 898 2257 περὶ
922 2176 1078 2256 ἐγγόνους
1094 2211 1137 2223 -
1197 2178 1232 2239 fr.
1249 2181 1299 2239 28.
1327 2177 1486 2259 nepotibus
1508 2178 1655 2259 optinent
2125 2174 2159 2235 fr.
2174 2177 2218 2235 28.

225 2284 306 2379 871¹.
321 2250 380 2343 'ixi
467 2280 534 2344 Καὶ
564 2282 582 2343 δ
607 2280 745 2344 σπάδοιν
768 2279 825 2345 διά
851 2292 910 2358 της
935 2283 1061 2357 θέσεως
1083 2292 1205 2347 κτᾶται
1228 2283 1299 2348 ύπε-
1393 2285 1435 2345 Et
1450 2283 1545 2365 epodo
1559 2305 1615 2366 per
1628 2284 1821 2365 adoptionem
1831 2283 1964 2364 adquirit
1977 2281 2217 2344 heredemeuum
2240 2293 2308 2345 etti:

174 2384 178 2389 ’
258 2377 335 2447 Wi‘·
397 2386 534 2470 ξούσιον
556 2387 775 2471 ιιληρονόμονι
792 2425 834 2435 -
1113 2390 1149 2452 fr.
1166 2394 1218 2452 40.
1235 2397 1252 2468 ξ
1270 2394 1298 2453 2.
2044 2388 2079 2449 fr.
2096 2390 2217 2464 4252.
2234 2364 2312 2418 ms

308 2502 356 2570 λη’.
464 2492 605 2579 ν4νηβον
620 2494 835 2578 αὐτεξούσιον
850 2497 869 2558 ὁ
884 2494 1083 2579 βουλόμενος
1098 2496 1297 2573 υίοθετησαι
1391 2496 1584 2579 Impuberem
1621 2497 1668 2558 eui
1704 2497 1778 2558 iurie
1809 2497 1834 2558 ei
1871 2496 1939 2577 quie
1970 2494 2046 2558 velit
2082 2494 2218 2575 edoptere

395 2604 439 2674 είς
462 2601 559 2683 τάξιν
574 2612 717 2687 φυσικῆς
739 2612 839 2683 γονης
854 2601 904 2666 ἐπὶ
920 2611 981 2665 τού
995 2604 1172 2685 άρχοντος,
1196 2611 1297 2667 τοῦτο
1325 2603 1365 2665 οὐ
1391 2603 1663 2673 vicemneturclie
1690 2602 1804 2665 subolis
1832 2602 1914 2684 apud
1942 2602 2166 2683 magistratum,
2190 2599 2216 2660 id

395 2708 541 2770 ποιείτω·
565 2708 743 2790 παρόντων
765 2717 832 2770 τῶν
855 2719 1021 2789 συγγενῶν
1036 2708 1211 2772 αὐτοῦκαὶ
1228 2709 1297 2773 δια·
1325 2710 1428 2772 facito:
1455 2710 1665 2792 preeeentibue
1687 2710 1862 2773 necessariis
1885 2710 1949 2771 eiue
1971 2718 2002 2770 et
2024 2707 2216 2770 confirmanti·

394 2811 647 2899 βεβαιουμίνοιν,
671 2811 722 2876 ὅτι
747 2818 906 2900 συμφέρει
930 2815 1030 2897 αὐτῷ,
1054 2816 1298 2897 ὁμολογοῦντος
1325 2816 1381 2878 bue
1408 2817 1440 2878 id
1467 2819 1495 2878 ei
1517 2818 1671 2899 expedire,
1699 2818 1893 2898 promittente
1920 2823 1952 2878 et
1973 2816 2120 2896 adoptivo
2141 2822 2218 2895 petre

393 2918 451 2983 καί
478 2928 540 2984 τοῦ
568 2921 674 2984 θετού
694 2906 763 3004 {eug
792 2918 844 2984 ὅτι
876 2919 916 2985 τὸ
949 2923 1064 3005 τρίτον
1095 2933 1154 2999 τῆς
1182 2923 1297 2996 οὐσίας
1324 2944 1357 2985 ee
1378 2924 1516 2986 trientem
1539 2924 1728 2986 eubetentiee
1750 2943 1823 2986 euee
1846 2924 1873 2984 ei
1895 2921 2080 2996 relicturum,
2104 2921 2154 2984 vel
2174 2921 2217 2981 de

394 3028 500 3090 αὐτοῦ
525 3027 764 3108 καταλιμπάνει
793 3028 884 3109 αὐτῷ
911 3029 1014 3109 ἤγουν
1041 3027 1177 3093 δίδωσιν
1203 3029 1296 3092 αὐτε-
1323 3039 1425 3091 turum
1449 3031 1475 3092 ei
1498 3049 1568 3092 eum
1590 3031 1834 3111 emancipaverit
1934 3050 1959 3091 c
1976 3032 2004 3091 2.
2019 3027 2159 3101 (3.an
2172 3029 2217 3089 47.

393 3131 530 3216 ξούσιον
552 3130 656 3197 αὐτὸν
679 3144 791 3198 ποιῶν.
996 3156 1021 3198 c.
1039 3138 1067 3198 2.
1085 3135 1119 3198 Ο.
1134 3136 1228 3220 vm,
1245 3140 1296 3198 47.

466 3238 532 3304 Τὸν
554 3239 779 3321 ἀπελεύθερον
802 3241 820 3302 δ
844 3241 982 3324 πάτρων
1005 3242 1045 3305 οὐ
1067 3241 1206 3305 δύναται
1232 3244 1296 3305 vio·
1389 3243 1547 3306 Libertum
1578 3252 1725 3325 petronus
1757 3242 1903 3323 adoptare
1940 3242 2059 3324 nequit,
2098 3241 2156 3303 nisi
2184 3260 2217 3301 er

393 3347 607 3424 ποιήσασθαι
639 3351 666 3410 εί
692 3344 736 3428 μὴ
764 3346 798 3429 ἐξ
825 3347 960 3428 εὐλόγου
987 3350 1111 3429 αἰτίας,
1140 3345 1212 3412 οἷον
1239 3347 1302 3413 eet
1323 3351 1404 3412 iuste
1426 3370 1527 3426 ceuee,
1550 3350 1647 3413 veluti
1671 3351 1742 3430 quie
1764 3349 1874 3412 liberos
1896 3369 1958 3411 non
1979 3348 2102 3411 habeut
2154 3368 2177 3409 c
2192 3349 2216 3407 3.

393 3453 515 3527 παῖδας
538 3454 599 3518 οὐιι
621 3458 691 3540 λγηε
708 3490 750 3501 -
1225 3478 1249 3520 ο.
1266 3461 1295 3519 3.

340 3569 356 3622 ¹.
456 3560 503 3624 ‘H
519 3558 599 3642 γυνὴ
616 3561 655 3623 οὐ
676 3560 814 3624 δύναται
831 3561 1110 3642 υἱοποιήσασθαι,
1134 3559 1205 3639 ἣτις
1220 3563 1295 3626 οὐδὲ
1389 3563 1503 3626 Mulier
1523 3582 1585 3625 non
1607 3572 1707 3644 poteet
1722 3563 1878 3644 edopture,
1896 3582 1974 3643 quoe
1988 3582 2087 3643 neque
2101 3560 2216 3623 filioein

394 3667 605 3750 ὐπεξουσιόυς
636 3670 700 3744 ἔχει
734 3664 811 3741 τούς
841 3666 975 3742 παῖδας·
1008 3668 1079 3731 ἀλλ’
1112 3666 1220 3746 ἐπειδὴ
1251 3673 1295 3743 είς
1322 3680 1471 3750 potestate
1486 3669 1592 3743 hebet3
1611 3671 1823 3753 sedquoniam
1838 3671 1870 3731 in
1885 3669 2028 3732 epletium
2045 3669 2215 3731 nmieeorum

394 3774 619 3857 παραμυθίαν
641 3784 708 3836 τῶν
731 3774 963 3857 άπολλομένοιν
986 3774 1114 3838 παίδων
1139 3775 1293 3860 βούλεται
1322 3776 1451 3839 filiorum
1473 3778 1609 3858 accipere
1632 3776 1707 3851 vult,
1730 3777 1763 3838 id
1784 3777 1811 3839 ei
1832 3775 1932 3839 facere
1950 3776 2151 3851 concedimur,
2174 3774 2215 3859 [ut

393 3880 515 3965 λαβεῖν,
548 3879 679 3961 δίδομεν
710 3882 795 3967 αὐτῇ
827 3889 927 3945 τοῦτο
959 3891 1075 3963 ποιεῖν,
1107 3881 1227 3946 ὡσανεί
1260 3884 1295 3966 εξ
1322 3882 1447 3966 hebeat]
1470 3904 1538 3945 eum
1562 3884 1649 3965 queei
1670 3904 1709 3945 ex
1731 3903 1763 3945 ee
1786 3882 1983 3965 progenitum
2153 3903 2176 3944 c.
2190 3886 2214 3943 5.

393 3987 495 4063 αὐτῆς
518 3987 686 4064 τεχθέντα
708 3987 823 4051 αὐτόνι
841 4024 882 4035 -
1223 4012 1248 4053 c.
1265 3995 1293 4053 5.

462 4095 519 4157 Δεῖ
538 4091 599 4157 τδν
621 4093 839 4178 λαμβάνοντα
862 4099 905 4168 είς
929 4095 1107 4158 υἱοθεσίαν
1125 4091 1207 4159 εἶναι
1230 4099 1294 4180 μεί-
1388 4096 1516 4178 Oportet
1546 4118 1615 4160 eum
1646 4097 1700 4178 qui
1731 4097 1857 4178 adoptet
1884 4098 2027 4159 maiorem
2054 4106 2131 4158 netu
2159 4114 2214 4158 eece

393 4200 474 4279 ζονα
497 4208 557 4263 τοῦ
575 4199 835 4284 λαμβανομένου,
858 4200 965 4278 ἐπειδὴ
985 4199 1067 4286 πρὸς
1085 4202 1220 4283 μίμησιν
1236 4214 1293 4280 τῆς
1320 4223 1363 4276 eo,
1385 4203 1437 4282 qui
1460 4203 1492 4263 in
1515 4202 1706 4284 adoptionem
1729 4205 1900 4285 succipitur,
1923 4224 1992 4266 cum
2013 4202 2159 4284 (edoptio)
2180 4200 2213 4261 nd

393 4306 523 4391 φύσεως
554 4309 767 4383 ἐπινενόηται.
816 4310 836 4384 ἡ
869 4308 903 4371 δὲ
936 4306 1037 4395 φύσις
1069 4308 1293 4394 πρεσβύτερον
1320 4319 1447 4371 nemree
1478 4308 1677 4372 imitationem
1710 4310 1750 4372 eit
1775 4313 1956 4392 excogitate
2002 4309 2125 4373 Nature
2151 4327 2213 4371 vero

393 4408 460 4477 οἶδε
475 4411 698 4477 ruricicurte
714 4400 791 4499 effe.
833 4415 996 4496 νομίζεται
1013 4410 1079 4498 γάρ
1096 4418 1195 4499 τέρας
1210 4411 1291 4480 εἶναι
1320 4417 1465 4478 seniorem
1496 4426 1613 4497 petrem
1642 4416 1704 4479 filio
1740 4417 1833 4480 novit
1886 4437 1941 4497 pro
1974 4426 2112 4479 moretm
2141 4415 2212 4477 enim

391 4518 449 4583 καί
472 4530 530 4595 της
553 4519 684 4606 φύσεως
699 4520 876 4604 ἀλλότριον
891 4517 930 4584 τδ
946 4520 1048 4602 λέγειν
1062 4521 1194 4602 μείζονα
1210 4519 1291 4586 εἶναι
1318 4531 1443 4602 putetur
1465 4532 1495 4585 et
1517 4534 1669 4586 enatura
1691 4523 1824 4586 alienum
1847 4524 1873 4586 ei
1895 4523 2014 4585 dicetur
2036 4522 2121 4587 filiun
2144 4532 2211 4584 netu

392 4622 452 4688 τὸν
474 4626 578 4690 παῖδα
597 4612 744 4710 τοῦνῖρπς.
778 4635 886 4691 ταῦτα
902 4626 1007 4690 δὲκαὶ
1024 4625 1074 4691 ἐπλ
1091 4629 1292 4712 ύπεξουσίων
1318 4630 1415 4691 maior
1436 4650 1501 4691 cese
1523 4640 1618 4711 petre.
1655 4632 1732 4692 hoec
1753 4639 1784 4691 et
1805 4631 1837 4691 in
1856 4630 2092 4711 (adoptionibus)
2115 4650 2210 4692 eorum

390 4730 448 4795 καλ
471 4734 693 4816 αὐτεξουσιόιν
716 4733 897 4818 προβαίνει.
937 4733 988 4796 δεῖ
1006 4733 1040 4797 δὲ
1064 4737 1289 4818 προηγεῖσθαι
1318 4736 1370 4815 qui
1398 4736 1488 4797 alieni
1514 4737 1587 4798 iurie
1614 4747 1644 4798 et
1669 4757 1773 4800 eorum
1799 4736 1852 4818 qui
1878 4738 1925 4799 eui
1951 4737 2024 4800 iuris
2054 4748 2127 4800 eunt
2151 4755 2209 4817 pro

391 4825 535 4924 rive—pa
551 4837 639 4903 ὀκτὼ
655 4839 711 4903 ιιαλ
729 4839 808 4903 δέκα
823 4840 999 4914 ἐνιαυτούς.
1033 4843 1053 4917 ἡ
1069 4838 1134 4926 γάρ
1151 4840 1289 4919 τοιαύτη
1317 4843 1438 4905 cedunt
1476 4843 1605 4924 Oportet
1626 4853 1727 4905 eutem
1750 4854 1867 4925 petrem
1890 4840 2093 4929 (adoptivum)
2112 4844 2208 4905 decem

390 4945 501 5022 ἡλικία
523 4946 690 5033 ὲφηβότης
712 4947 838 5028 λέγεται
861 4946 976 5026 τελεία,
1000 4944 1055 5010 ὅτε
1077 4946 1133 5010 καλ
1154 4950 1187 5010 οἱ
1207 4946 1290 5033 βρα·
1317 4958 1348 5012 ct
1379 4958 1446 5011 octo
1478 4950 1566 5011 ennie
1597 4951 1785 5032 praecedere.
1835 4950 1917 5012 Num
1952 4951 2100 5013 eiusmodi
2135 4960 2209 5013 tetre

391 5052 471 5127 δέοις
489 5053 632 5139 ἡβῶντες
648 5052 763 5139 ἡβῶσι,
786 5061 848 5117 τοῦ
862 5053 1033 5135 σχήματος
1048 5051 1201 5128 πάντας8
1216 5076 1290 5118 συν·
1317 5055 1408 5137 plene
1422 5056 1533 5118 dicitur
1549 5055 1702 5137 pubertas,
1724 5057 1846 5137 quondo
1862 5065 1894 5119 et
1908 5056 1952 5118 illi
1968 5079 2087 5139 quoque
2108 5056 2208 5139 pubet

390 5157 603 5245 τρίγοντοςι4
618 5195 660 5207 -
1071 5167 1087 5238 ξ
1104 5164 1133 5222 4.
1149 5161 1174 5223 Ι.
1193 5164 1221 5241 1,
1240 5165 1289 5224 11.
1317 5171 1390 5225 cunt
1411 5164 1463 5243 qui
1484 5163 1601 5225 tardius
1623 5165 1806 5244 pubescunt,
1829 5164 2002 5227 omnimodo
2025 5164 2132 5227 habitu
2152 5183 2208 5226 con

1316 5271 1399 5350 poris
1421 5279 1626 5332 concurrente
1998 5272 2062 5349 54.
2078 5270 2103 5331 I.
2122 5274 2148 5345 1,
2165 5271 2208 5329 ll.

454 5370 488 5437 ‘O
510 5373 665 5450 εὐνοῦχος
688 5373 794 5454 ὄνομά
817 5377 886 5436 ἐστι
909 5375 1051 5454 γενιιιόν·
1079 5377 1227 5455 τέμνεται
1255 5374 1290 5437 δὲ
1382 5376 1525 5438 Eunuchi
1547 5397 1655 5439 nomen
1677 5376 1817 5457 generale
1832 5387 1886 5451 eet
1909 5378 1963 5439 eed
1978 5377 2126 5441 teneam
2140 5376 2207 5439 divi·

391 5481 435 5552 είς
458 5480 551 5562 τρία·
574 5476 730 5564 τῶνγὰρ
753 5478 1289 5562 εὐνούχωνοίμένείσισπάδον-
1316 5484 1411 5556 δίεσις
1443 5483 1649 5545 eunuchorum
1686 5484 1766 5545 enim
1798 5485 1921 5565 quidem
1951 5494 2024 5547 eunt
2054 5484 2207 5566 spedoner,

391 5606 451 5665 τες,
476 5588 509 5648 οί
531 5585 565 5649 δὲ
587 5586 785 5671 ιιαοτράτοι,
810 5589 842 5649 οί
865 5585 919 5650 δδὸ
1316 5590 1439 5671 quidem
1462 5590 1597 5664 caetrati,
1621 5590 1744 5670 quidem

463 5726 521 5780 ’δα
544 5727 604 5781 cod.
694 5727 764 5782 ‘ite
785 5734 815 5782 et
837 5726 912 5783 olibi.
1002 5726 1136 5790 ’παντὸς
1157 5729 1218 5783 cod.
1301 5661 1304 5795 Ι

389 5813 401 5846 ⁴
419 5814 527 5886 Nempe
545 5831 578 5869 ex
589 5815 729 5886 Theoph.;
746 5818 801 5872 uiri
819 5817 893 5887 quod
906 5815 993 5871 verbe
1008 5818 1077 5871 artie
1089 5817 1179 5873 letina
1189 5834 1289 5889 graece

388 5907 455 5957 eunt
472 5903 590 5959 reddite.
666 5905 774 5976 ‘ExpL
792 5904 905 5960 folium:
928 5907 1032 5961 contin.
1050 5911 1187 5975 utsupra
1205 5923 1232 5976 p.
1246 5912 1288 5960 89.
