4842 7018
801 446 981 517 ΟΑΡΙΤΑ
1002 445 1151 515 eneis
1174 446 1483 517 RHODIORUM.

145 693 189 746 λα.
295 645 317 749 l
346 685 463 750 πλοίου
491 683 663 771 ἀποβολήν
693 696 753 762 τῆς
783 685 969 770 καταρτίας
1001 683 1129 766 δπομοί·
1224 684 1262 746 de
1286 705 1365 748 nave
1386 685 1535 749 iacturam
1558 686 1675 750 arboria
1697 709 1796 770 passa
2093 700 2135 749 33.

227 813 357 867 ναντος.

140 960 189 1025 tes.
221 1020 226 1039 f
293 912 449 1017 διπλοίον
463 957 498 1017 έν
512 955 560 1034 τῷ
575 954 757 1038 ἀρμονίζαν
771 956 884 1037 ἕτερον
899 952 1015 1017 πλοῖον
1028 973 1129 1016 κατα·
1223 951 1261 1013 de
1293 972 1371 1015 nave
1397 963 1488 1015 vento
1521 954 1614 1017 ducta
1645 956 1677 1017 in
1708 955 1834 1019 alteram
1866 977 1976 1021 narem
2003 960 2057 1020 im-
2093 966 2136 1016 33.

226 1058 386 1134 διδόντος.
1156 1058 1307 1140 pingente.

143 1228 188 1290 λζ.
292 1241 315 1283 π
339 1220 456 1283 πλοίου
477 1220 806 1302 κλασματισθέντος,
831 1217 875 1284 τά
898 1220 932 1284 δὲ
951 1231 1018 1284 τῶν
1033 1221 1128 1302 ὲμπό-
1222 1218 1260 1281 de
1283 1240 1361 1282 nave
1382 1219 1488 1296 fracta,
1511 1220 1602 1284 rebus
1624 1232 1823 1286 mercatorum
1844 1233 2058 1308 ventorumque
2093 1232 2135 1282 33.

226 1348 294 1409 ρων
316 1325 374 1391 καλ
397 1327 564 1412 ἐπιβατῶν
588 1326 755 1391 σωθέντα.
1155 1327 1290 1389 servatis.

138 1494 187 1562 λη’.
291 1446 314 1551 dr
342 1487 459 1551 πλοίου
491 1489 588 1554 σίτου
615 1491 872 1575 ποφορτωμένου
898 1484 956 1552 καί
983 1492 1017 1550 ὲν
1045 1486 1126 1574 ζάλη
1222 1486 1260 1548 de
1287 1507 1366 1549 nave
1392 1486 1543 1551 frumento
1571 1499 1696 1554 onerata
1727 1499 1965 1573 tempestateque
1995 1513 2056 1556 eor-
2093 1500 2136 1551 33.

221 1592 536 1681 καταλειφθέντος.ι
1154 1601 1248 1674 repta.

130 1761 185 1815 λα’.
290 1773 312 1816 π
345 1753 461 1818 πλοίου
498 1757 754 1842 ποφορτωμένου
790 1755 892 1840 βολῆς
923 1754 980 1818 καί
1019 1757 1127 1820 πόσου
1221 1753 1259 1818 de
1281 1775 1359 1817 nave
1381 1766 1506 1819 onerate
1527 1764 1559 1818 et
1580 1755 1618 1818 de
1635 1759 1806 1837 quantitate
1822 1760 1921 1822 oneris
1936 1761 2055 1825 servati
2092 1767 2135 1817 33.

222 1868 281 1935 τῆς
303 1860 449 1937 ἐνθήκης
471 1862 649 1938 σωθείσης.

148 2028 186 2098 μ’.
290 1979 312 2084 ήι
345 2021 462 2084 πλοίου
493 2021 747 2101 ναυαγήσαντος
778 2021 836 2087 καλ
867 2027 966 2108 μέρος
1002 2047 1034 2087 τι
1065 2032 1127 2087 τοῦ
1219 2020 1258 2082 de
1284 2041 1362 2084 πονο
1388 2021 1582 2103 naufragium
1609 2044 1702 2104 passa
1728 2033 1759 2088 at
1784 2027 1872 2089 navis
1899 2029 2056 2110 onerisque
2091 2036 2133 2086 40.

223 2126 339 2190 πλοίου
361 2125 419 2192 καί
442 2138 501 2205 τῆς
523 2128 669 2205 ένθήκης
692 2130 885 2193 σωθέντων.
1152 2135 1239 2207 parte
1263 2136 1391 2191 servata

130 2297 184 2366 μα’.
284 2246 307 2350 ίι
330 2288 447 2352 πλοίου
470 2288 736 2376 διαφθαρέντος,
759 2286 804 2354 τά
827 2290 861 2353 δέ
876 2300 944 2353 τῶν
959 2289 1126 2375 ἐπιβατῶν
1219 2285 1257 2348 de
1271 2307 1350 2350 nave
1372 2288 1520 2351 iacturam
1535 2310 1635 2372 passa,
1658 2292 1807 2373 rebusque
1827 2304 1981 2357 vectorum
1996 2316 2055 2357 ser-
2091 2303 2133 2352 41.

222 2394 383 2457 σωθέντα
405 2394 424 2472 i>
448 2396 754 2460 συναπολοσθέυτα.
1152 2394 1231 2456 vatis
1254 2394 1304 2457 vel
1326 2394 1417 2457 simul
1438 2397 1572 2477 perditis.

130 2561 184 2634 μβ.
288 2513 311 2618 dr
334 2554 451 2618 πλοίου
473 2556 705 2642 τρυπήσαντος
728 2558 857 2643 φορτία
878 2558 1080 2639 κομίζοντος.
1218 2554 1256 2616 de
1273 2575 1352 2617 πονο
1374 2556 1458 2618 rimis
1480 2556 1640 2621 laborante
1663 2578 1753 2621 onera
1775 2560 1911 2623 vehente.
2089 2570 2132 2619 42.

130 2725 184 2797 μγ.
288 2674 451 2779 ίτπλοίου
473 2714 612 2801 ἐκβολήν
635 2717 838 2795 ποιήσαντος
860 2725 922 2780 τοῦ
944 2718 1050 2799 γόμου
1067 2718 1124 2781 καί
1219 2714 1256 2777 de
1278 2735 1357 2778 πονο
1379 2736 1458 2798 quae
1476 2718 1574 2779 oneris
1590 2719 1828 2801 armamentique
1843 2720 1957 2782 iactum
1972 2721 2052 2783 feeit.
2089 2730 2132 2779 43.

221 2831 288 2883 τῶν
310 2821 480 2905 ἐξαρτίων.

131 2988 184 3060 μα’.
289 2940 312 3044 δι
351 2981 467 3045 πλοίου
504 2982 643 3068 ἐκβολήν
680 2994 739 3060 τῆς
775 2986 964 3067 καταρτίας
1000 2983 1020 3061 λ)
1058 2992 1126 3047 τῶν
1218 2981 1257 3044 de
1278 3003 1358 3044 nave
1379 3003 1458 3063 quae
1476 2984 1514 3046 ob
1530 2994 1739 3065 tempestatem
1754 2985 1870 3049 uberis
1884 2988 1934 3050 νοΙ
1948 2987 2053 3068 guber·
2088 2999 2131 3048 44.

222 3087 371 3164 αὐχένων
393 3092 427 3151 έν
449 3089 531 3176 ζάλη
554 3090 783 3173 ὑπομένοντος.
1153 3088 1331 3150 mulorum
1353 3090 1467 3152 iactum
1488 3111 1581 3172 passa
1602 3101 1655 3154 est

133 3260 185 3328 με’.
240 3320 243 3327 ,
268 3206 311 3309 ’π
334 3255 397 3310 τοῦ
418 3249 653 3329 ἀποσώζοντος
675 3257 710 3314 ἐκ
733 3259 794 3314 τοῦ
815 3251 976 3331 πελάγους
998 3253 1042 3324 είς
1064 3260 1126 3330 γῆν
1219 3247 1258 3309 de
1281 3267 1316 3309 eo
1338 3249 1390 3329 qui
1413 3270 1451 3311 ex
1474 3271 1552 3313 nave
1578 3251 1770 3333 naufragium
1798 3274 1890 3335 passa
1916 3274 1954 3316 ex
1976 3258 2053 3318 mari
2088 3267 2131 3317 45.

222 3375 253 3415 τι
277 3358 313 3416 ἐκ
336 3354 452 3417 πλοίου
473 3357 735 3437 ναυαγήσαντος.
1153 3353 1267 3434 aliquid
1291 3355 1330 3416 ad
1353 3363 1465 3417 terram
1487 3356 1608 3421 salvum
1629 3358 1726 3420 refert

129 3474 185 3543 μζ,
289 3459 361 3545 περί
395 3470 456 3525 τοῦ
487 3464 721 3542 ἀποσώζοντος
752 3464 907 3549 κάραβον
937 3469 973 3527 ἐκ
1009 3464 1126 3527 πλοίου
1219 3460 1315 3522 daeo
1338 3463 1390 3543 qui
1412 3462 1533 3525 lintrem
1556 3486 1575 3525 a
1597 3485 1676 3527 nave
1698 3466 1838 3529 avulsum
1862 3478 1971 3532 servat
2088 3482 2131 3531 43.

222 3568 487 3653 ἀπορρήξαντος.

133 3744 184 3813 μζ,
287 3687 388 3791 droti
402 3729 638 3810 enundinaret
653 3754 685 3794 τι
700 3735 736 3795 ὲκ
752 3738 815 3794 τοῦ
826 3729 944 3814 βυθοῦ
956 3737 992 3795 ἐκ
1007 3732 1124 3796 πλοίου
1197 3696 1411 3810 ¹deeoquierr
1424 3730 1575 3811 profundo
1590 3731 1752 3812 aliquidex
1767 3754 1846 3796 nave
1860 3734 2053 3814 nauti-agium
2088 3750 2131 3800 43.

220 3834 484 3915 ναυαγήσαντος,
1150 3852 1258 3914 passae
1280 3846 1389 3899 servat

475 4017 580 4082 ΑΡΧΗ
605 4017 688 4083 ΤΟΥ
712 4016 867 4083 ΝΟΜΟΥ.
1389 4013 1653 4080 PRINCIPIUM
1674 4016 1813 4082 LEGIS.

148 4156 182 4208 α’,
285 4135 360 4201 'Era
386 4138 502 4206 πλοῖον
529 4141 619 4224 ὁρμᾷ
644 4138 694 4204 έπλ
722 4140 836 4221 λιμένα
857 4139 877 4216 ή
900 4145 934 4204 έν
956 4143 1042 4227 ἀκτῇ
1064 4141 1121 4208 καὶ
1216 4135 1250 4198 si
1272 4139 1359 4200 navis
1382 4138 1510 4219 adpellit
1533 4141 1573 4202 ad
1594 4151 1716 4222 portum
1743 4143 1854 4208 litusve
1877 4154 1908 4208 et
1929 4166 2052 4209 aneoru-
2107 4167 2130 4213 1.

220 4243 305 4308 σύλα
336 4246 436 4331 πάθῃ
468 4257 536 4309 τῶν
574 4244 729 4328 ἀγκύρων
756 4245 814 4310 καλ
844 4246 1071 4325 κατασχεθεὶς
1103 4251 1122 4311 ὁ
1148 4263 1216 4304 rum
1239 4244 1354 4306 furtum
1375 4247 1499 4327 patitur,
1527 4256 1558 4309 et
1584 4247 1633 4310 fur
1654 4250 1859 4332 deprehensus
1883 4253 2050 4327 confitetur,

218 4352 357 4428 κλέπτης
371 4351 702 4438 ὸμολοφήσρφ,τοῦτοηι
711 4351 968 4435 κςλρύργόμόμος
982 4353 1121 4439 βασαμί.
1149 4349 1233 4412 iubet
1263 4350 1313 4414 ῙΘΧ
1340 4372 1410 4414 etim
1441 4354 1597 4416 tormentis
1629 4355 1718 4418 subdi
1745 4368 1776 4419 el
1806 4357 1949 4420 damnum
1982 4361 2052 4422 lude

221 4459 343 4537 ζοσθαι
376 4457 433 4522 καλ
466 4457 526 4537 τήν
563 4463 820 4544 προςγενομένην
851 4460 969 4541 ζημίαν
1000 4461 1133 4525 ἀπολο»
1149 4464 1248 4518 ortum
1271 4458 1304 4518 in
1327 4458 1453 4541 duplum
1475 4462 1627 4523 ποοοτοίπο.

69 4618 111 4686 sot
130 4622 176 4673 20*
221 4565 360 4645 γεῖσθαι
383 4563 473 4629 κατὰ
495 4565 535 4630 τό
559 4565 743 4630 διπλάσιον.

110 4659 116 4670 ’
151 4660 184 4761 βξ
286 4669 359 4736 ’Eas
380 4671 535 4757 βουλήσει
559 4681 620 4737 τοῦ
642 4672 830 4759 ναυκλήρου
852 4674 885 4736 οἱ
899 4680 1017 4737 ναῦται
1037 4672 1122 4738 σύλα
1217 4669 1251 4732 ei
1281 4672 1417 4753 magistri
1448 4673 1607 4737 voluntate
1638 4685 1750 4738 nautae
1780 4676 1894 4739 furtum
1926 4677 2051 4741 fecerint
2104 4701 2130 4751 η,

221 4779 404 4854 ποιήσωσιν
431 4779 581 4864 ἀγκύρας
609 4780 725 4844 πλοίου
751 4782 865 4863 ἑτέρου
891 4781 1062 4863 ὁρμῶντος
1089 4786 1123 4845 έν
1151 4797 1279 4840 ancorae
1302 4777 1426 4841 alterius
1448 4780 1535 4842 navis
1554 4782 1585 4842 in
1602 4790 1694 4862 portu
1708 4782 1834 4845 litoreve
1852 4784 2050 4862 remittentis,

219 4884 321 4967 λιμένι
350 4886 426 4962 ήέν
448 4888 535 4973 ἀκτῇ
556 4885 614 4950 καλ
642 4885 752 4973 συμβῇ
779 4887 934 4950 ἐντεῦθεν
956 4887 1122 4951 ἀπώλειαν
1149 4893 1181 4945 et
1201 4884 1273 4947 inde
1294 4885 1451 4966 contingat
1472 4887 1569 4968 perire
1596 4908 1715 4963 navem,
1742 4909 1821 4969 quae
1844 4893 1961 4953 ancoris
1984 4913 2050 4974 spe

217 4992 378 5071 γενέσθαι
395 5002 457 5056 τοῦ
467 4994 584 5057 πλοίου
599 5002 660 5057 τοῦ
675 4991 736 5067 τάς
745 4992 895 5078 ἀγκύρας
905 4992 1120 5076 συληθέντος,
1148 4991 1224 5054 liata
1255 4992 1353 5067 fuerit,
1384 5014 1453 5055 eum
1483 4994 1558 5057 haee
1587 4994 1631 5055 ita
1660 4995 1818 5076 diligenter
1844 4996 1956 5060 luerint
1982 5021 2050 5081 pro-

216 5096 273 5163 καί
301 5098 430 5162 τούτων
459 5096 564 5174 οὕτως
592 5105 625 5164 έν
652 5100 808 5186 ἀκριβοίμ
830 5100 1119 5183 ἀποδεικνυμένων,
1147 5098 1230 5173 bata
1253 5119 1372 5162 omnem
1394 5099 1541 5162 iacturam
1564 5100 1746 5181 quaefacta
1768 5112 1815 5165 est
1837 5105 1918 5167 eirea
1939 5126 2049 5169 navem
2096 5128 2098 5132 ⁴

218 5215 331 5271 πᾶσαν
357 5204 418 5284 τήν
450 5210 706 5290 προςγονομένην
732 5208 849 5289 ζημίαν
876 5210 910 5270 έν
939 5210 987 5288 τῷ
1017 5208 1119 5290 πλοίῳ
1147 5214 1178 5266 et
1209 5225 1263 5279 ea,
1304 5226 1382 5285 quae
1412 5207 1444 5267 in
1475 5208 1547 5269 navi
1578 5207 1708 5283 fuerint,
1744 5209 1860 5289 integre
1895 5223 2048 5293 praestato

216 5310 272 5375 καί
296 5309 417 5377 tei’tr
440 5317 487 5394 τῷ
510 5313 613 5397 πλοίῳ
637 5312 923 5377 remitmittere
947 5312 1120 5391 όναύκλη·
1147 5313 1290 5391 magister
1326 5313 1378 5393 qui
1414 5313 1526 5375 furtum
1564 5313 1630 5375 fieri
1665 5317 1809 5397 permisit
1854 5316 1909 5379 Sin
1947 5328 2048 5381 autem

218 5442 276 5505 ρος
299 5422 318 5483 ό
342 5417 386 5483 τά
409 5419 495 5484 σύλα
512 5424 695 5508 ἐπιτρέψας
716 5420 888 5502 γενέσθαι.
925 5416 999 5483 Ἐἀυ
1022 5419 1055 5483 δέ
1070 5441 1120 5495 τις
1147 5418 1215 5499 quis
1237 5418 1421 5501 subrepserit
1443 5420 1675 5484 instrumentum
1691 5423 1778 5485 navis
1793 5423 1843 5486 vel
1858 5424 1930 5506 quid
1945 5445 2048 5488 eornm

216 5528 331 5609 κλέψει
355 5525 453 5604 σκεύη
477 5527 594 5592 πλοίου
616 5529 636 5605 ή
659 5551 691 5591 τι
714 5537 782 5591 τῶν
805 5532 838 5590 έν
856 5528 904 5607 τῷ
924 5524 1027 5607 πλοίῳ
1039 5546 1120 5610 χρη·
1146 5544 1225 5605 quae
1254 5525 1286 5586 in
1314 5528 1385 5587 navi
1412 5526 1608 5604 adhibentur,
1639 5528 1734 5591 veluti
1768 5529 1856 5593 funes
1883 5540 1915 5594 et
1938 5552 2048 5596 canna·

215 5635 431 5715 ματιζόντων,
456 5638 608 5698 τουτέστι
629 5630 794 5711 σχοίνων1
809 5656 843 5697 το
858 5630 914 5696 καλ
929 5631 1121 5717 κανναβίων
1148 5630 1234 5693 binos
1260 5631 1403 5694 rudentes
1435 5642 1467 5696 et
1492 5635 1563 5697 vela
1593 5645 1624 5698 et
1650 5636 1795 5717 segestria
1820 5646 1851 5699 et
1881 5637 1987 5702 lintres
2018 5651 2049 5703 et

215 5740 235 5817 ή
258 5741 409 5825 ἀρμένων
431 5741 451 5818 ή
470 5741 648 5829 διφθέραν
662 5739 720 5806 καλ
735 5740 897 5827 καράβων
911 5737 968 5803 καί
987 5738 1119 5821 λοιπῶν,
1147 5748 1262 5813 cetera,
1290 5740 1321 5799 in
1345 5740 1472 5821 duplum
1494 5743 1636 5804 restituat
1657 5742 1683 5804 is
1705 5743 1758 5825 qui
1779 5744 1892 5806 furtum
1916 5746 2045 5811 admisit

217 5846 317 5912 διπλῶ
340 5847 531 5913 ἀποδιδότω
554 5850 573 5911 ό
597 5845 642 5912 τά
665 5846 750 5911 σύλα
773 5847 923 5923 ποιήσας.

289 5991 297 6020 ²
315 5991 356 6045 ita
365 5990 426 6045 eod.
444 5988 594 6060 1.-ληφθ.
632 5988 766 6051 ’τοῐςοιλ
807 5986 871 6042 ⁸ita
879 5993 909 6042 et
917 5987 1049 6058 deinceps
1059 5987 1119 6042 eod.
