<?xml version="1.0" encoding="UTF-8"?>
<!DOCTYPE html PUBLIC "-//W3C//DTD XHTML 1.0 Transitional//EN"
    "http://www.w3.org/TR/xhtml1/DTD/xhtml1-transitional.dtd">
<html xmlns="http://www.w3.org/1999/xhtml" xml:lang="en" lang="en">
 <head>
  <title>
</title>
<meta http-equiv="Content-Type" content="text/html;charset=utf-8" />
  <meta name='ocr-system' content='tesseract 3.04.00' />
  <meta name='ocr-capabilities' content='ocr_page ocr_carea ocr_par ocr_line ocrx_word'/>
</head>
<body>
  <div class='ocr_page' id='page_1' title='image "./supplementumedi00linggoog_0506.png"; bbox 0 0 4842 7018; ppageno 0'>
   <div class='ocr_carea' id='block_1_1' title="bbox 825 488 2020 558">
    <p class='ocr_par' dir='ltr' id='par_1_1' title="bbox 825 488 2020 558">
     <span class='ocr_line' id='line_1_1' title="bbox 825 488 2020 558; baseline -0.005 -1"><span class='ocrx_word' id='word_1_1' title='bbox 825 492 976 558; x_wconf 84' lang='lat' dir='ltr'>LIBER</span> <span class='ocrx_word' id='word_1_2' title='bbox 997 488 1118 556; x_wconf 76' lang='lat' dir='ltr'><strong>LVIII.</strong></span> <span class='ocrx_word' id='word_1_3' title='bbox 1155 491 1244 556; x_wconf 82' lang='lat' dir='ltr'><strong>TIT.</strong></span> <span class='ocrx_word' id='word_1_4' title='bbox 1267 491 1311 556; x_wconf 92' lang='lat' dir='ltr'><strong>II.</strong></span> <span class='ocrx_word' id='word_1_5' title='bbox 1336 490 1396 555; x_wconf 91' lang='grc' dir='ltr'><strong>ΠΙ.</strong></span> <span class='ocrx_word' id='word_1_6' title='bbox 1962 489 2020 551; x_wconf 86' lang='grc'><strong>141</strong></span> 
     </span>
    </p>
   </div>
   <div class='ocr_carea' id='block_1_2' title="bbox 139 669 2026 1825">
    <p class='ocr_par' dir='ltr' id='par_1_2' title="bbox 139 669 2026 1825">
     <span class='ocr_line' id='line_1_2' title="bbox 204 669 2026 760; baseline -0.007 -18"><span class='ocrx_word' id='word_1_7' title='bbox 204 676 264 742; x_wconf 86' lang='grc' dir='ltr'><strong>ύπὸ</strong></span> <span class='ocrx_word' id='word_1_8' title='bbox 293 676 421 758; x_wconf 79' lang='grc' dir='ltr'><strong><em>αἵρεσιν</em></strong></span> <span class='ocrx_word' id='word_1_9' title='bbox 449 676 645 760; x_wconf 78' lang='grc' dir='ltr'><strong><em>ληγατεύσῃ,</em></strong></span> <span class='ocrx_word' id='word_1_10' title='bbox 673 676 801 756; x_wconf 80' lang='grc' dir='ltr'><em>ἑκάστῳ</em></span> <span class='ocrx_word' id='word_1_11' title='bbox 833 670 924 738; x_wconf 89' lang='grc' dir='ltr'><strong>κατά</strong></span> <span class='ocrx_word' id='word_1_12' title='bbox 951 669 990 736; x_wconf 86' lang='grc' dir='ltr'><strong><em>τὸ</em></strong></span> <span class='ocrx_word' id='word_1_13' title='bbox 1016 672 1100 734; x_wconf 82' lang='grc' dir='ltr'><strong><em>έδιον</em></strong></span> <span class='ocrx_word' id='word_1_14' title='bbox 1127 673 1301 735; x_wconf 91' lang='lat' dir='ltr'><strong>condicione</strong></span> <span class='ocrx_word' id='word_1_15' title='bbox 1322 671 1475 751; x_wconf 72' lang='lat' dir='ltr'><strong>legaverit,</strong></span> <span class='ocrx_word' id='word_1_16' title='bbox 1502 672 1622 751; x_wconf 89' lang='lat' dir='ltr'><strong>utrique</strong></span> <span class='ocrx_word' id='word_1_17' title='bbox 1644 669 1766 751; x_wconf 88' lang='lat' dir='ltr'><strong>propria</strong></span> <span class='ocrx_word' id='word_1_18' title='bbox 1788 690 1859 750; x_wconf 86' lang='lat' dir='ltr'><strong>pars</strong></span> <span class='ocrx_word' id='word_1_19' title='bbox 1881 670 2026 751; x_wconf 90' lang='lat' dir='ltr'><strong>competit</strong></span> 
     </span>
     <span class='ocr_line' id='line_1_3' title="bbox 202 777 2024 870; baseline -0.007 -21"><span class='ocrx_word' id='word_1_20' title='bbox 202 790 299 870; x_wconf 74' lang='grc' dir='ltr'><strong><em>μέρος</em></strong></span> <span class='ocrx_word' id='word_1_21' title='bbox 327 786 460 867; x_wconf 77' lang='grc' dir='ltr'><strong><em>ἁρμόζει</em></strong></span> <span class='ocrx_word' id='word_1_22' title='bbox 494 781 532 846; x_wconf 88' lang='grc' dir='ltr'><strong><em>τὸ</em></strong></span> <span class='ocrx_word' id='word_1_23' title='bbox 559 782 658 865; x_wconf 77' lang='grc' dir='ltr'><strong><em>ξύλον</em></strong></span> <span class='ocrx_word' id='word_1_24' title='bbox 684 779 741 845; x_wconf 80' lang='grc' dir='ltr'><strong>καί</strong></span> <span class='ocrx_word' id='word_1_25' title='bbox 769 779 874 855; x_wconf 77' lang='grc' dir='ltr'><strong><em>οὐδεὶς</em></strong></span> <span class='ocrx_word' id='word_1_26' title='bbox 899 779 1014 844; x_wconf 79' lang='grc' dir='ltr'><strong><em>κωλύει</em></strong></span> <span class='ocrx_word' id='word_1_27' title='bbox 1042 777 1100 842; x_wconf 85' lang='grc' dir='ltr'><strong><em>τὸν</em></strong></span> <span class='ocrx_word' id='word_1_28' title='bbox 1128 780 1202 861; x_wconf 84' lang='lat' dir='ltr'><strong>tigni</strong></span> <span class='ocrx_word' id='word_1_29' title='bbox 1225 789 1257 841; x_wconf 91' lang='lat' dir='ltr'><strong>et</strong></span> <span class='ocrx_word' id='word_1_30' title='bbox 1278 788 1385 840; x_wconf 80' lang='lat' dir='ltr'>neuter</span> <span class='ocrx_word' id='word_1_31' title='bbox 1407 778 1532 840; x_wconf 90' lang='lat' dir='ltr'><strong>alterum</strong></span> <span class='ocrx_word' id='word_1_32' title='bbox 1555 777 1712 858; x_wconf 89' lang='lat' dir='ltr'><strong>prohibere</strong></span> <span class='ocrx_word' id='word_1_33' title='bbox 1734 786 1842 857; x_wconf 83' lang='lat' dir='ltr'><strong>potest,</strong></span> <span class='ocrx_word' id='word_1_34' title='bbox 1865 777 2024 857; x_wconf 74' lang='lat' dir='ltr'>quominus</span> 
     </span>
     <span class='ocr_line' id='line_1_4' title="bbox 203 883 2023 968; baseline -0.006 -12"><span class='ocrx_word' id='word_1_35' title='bbox 203 893 304 956; x_wconf 88' lang='grc' dir='ltr'><strong><em>ἀλλον</em></strong></span> <span class='ocrx_word' id='word_1_36' title='bbox 327 888 431 965; x_wconf 84' lang='grc' dir='ltr'><strong><em>ούτοις</em></strong></span> <span class='ocrx_word' id='word_1_37' title='bbox 454 893 549 968; x_wconf 66' lang='lat' dir='ltr'><strong>dxciv:</strong></span> <span class='ocrx_word' id='word_1_38' title='bbox 567 927 608 937; x_wconf 92' lang='lat'><em>-</em></span> <span class='ocrx_word' id='word_1_39' title='bbox 996 888 1032 950; x_wconf 86' lang='lat' dir='ltr'><strong>fr.</strong></span> <span class='ocrx_word' id='word_1_40' title='bbox 1049 890 1099 949; x_wconf 85' lang='lat'><strong>36.</strong></span> <span class='ocrx_word' id='word_1_41' title='bbox 1128 887 1171 949; x_wconf 93' lang='lat' dir='ltr'><strong>sic</strong></span> <span class='ocrx_word' id='word_1_42' title='bbox 1193 885 1313 948; x_wconf 85' lang='lat' dir='ltr'><strong>habeat</strong></span> <span class='ocrx_word' id='word_1_43' title='bbox 1921 883 1956 944; x_wconf 79' lang='lat' dir='ltr'><strong>fr.</strong></span> <span class='ocrx_word' id='word_1_44' title='bbox 1973 886 2023 945; x_wconf 88' lang='lat'><strong>36.</strong></span> 
     </span>
     <span class='ocr_line' id='line_1_5' title="bbox 139 990 2025 1079; baseline -0.005 -17"><span class='ocrx_word' id='word_1_45' title='bbox 139 1006 166 1060; x_wconf 68' lang='grc'><strong>“.</strong></span> <span class='ocrx_word' id='word_1_46' title='bbox 267 996 341 1063; x_wconf 85' lang='grc' dir='ltr'><strong>Ἐἀν</strong></span> <span class='ocrx_word' id='word_1_47' title='bbox 368 1000 387 1062; x_wconf 87' lang='grc' dir='ltr'><strong><em>ό</em></strong></span> <span class='ocrx_word' id='word_1_48' title='bbox 411 994 500 1071; x_wconf 76' lang='grc' dir='ltr'><strong><em>οἶκός</em></strong></span> <span class='ocrx_word' id='word_1_49' title='bbox 522 1018 586 1078; x_wconf 90' lang='grc' dir='ltr'><strong>μου</strong></span> <span class='ocrx_word' id='word_1_50' title='bbox 609 1000 645 1060; x_wconf 87' lang='grc' dir='ltr'><strong>έκ</strong></span> <span class='ocrx_word' id='word_1_51' title='bbox 667 1005 727 1060; x_wconf 82' lang='grc' dir='ltr'><strong><em>τοῦ</em></strong></span> <span class='ocrx_word' id='word_1_52' title='bbox 750 1005 813 1059; x_wconf 82' lang='grc' dir='ltr'><strong>σοῦ</strong></span> <span class='ocrx_word' id='word_1_53' title='bbox 838 995 902 1078; x_wconf 87' lang='grc' dir='ltr'><strong>[ού]</strong></span> <span class='ocrx_word' id='word_1_54' title='bbox 927 995 1098 1079; x_wconf 65' lang='lat' dir='ltr'><strong>esocem</strong></span> <span class='ocrx_word' id='word_1_55' title='bbox 1194 993 1228 1055; x_wconf 84' lang='lat' dir='ltr'><strong>Si</strong></span> <span class='ocrx_word' id='word_1_56' title='bbox 1250 993 1358 1054; x_wconf 91' lang='lat' dir='ltr'><strong>domus</strong></span> <span class='ocrx_word' id='word_1_57' title='bbox 1381 1012 1449 1054; x_wconf 92' lang='lat' dir='ltr'><strong>mea</strong></span> <span class='ocrx_word' id='word_1_58' title='bbox 1472 1013 1511 1054; x_wconf 83' lang='lat' dir='ltr'><strong>ex</strong></span> <span class='ocrx_word' id='word_1_59' title='bbox 1533 992 1625 1053; x_wconf 91' lang='lat' dir='ltr'><strong>domu</strong></span> <span class='ocrx_word' id='word_1_60' title='bbox 1648 1000 1703 1053; x_wconf 86' lang='lat' dir='ltr'><strong>tna</strong></span> <span class='ocrx_word' id='word_1_61' title='bbox 1723 1011 1786 1052; x_wconf 94' lang='lat' dir='ltr'><strong>non</strong></span> <span class='ocrx_word' id='word_1_62' title='bbox 1800 991 1940 1053; x_wconf 84' lang='lat' dir='ltr'><strong>videatur</strong></span> <span class='ocrx_word' id='word_1_63' title='bbox 1962 990 2025 1052; x_wconf 88' lang='lat' dir='ltr'><strong>sive</strong></span> 
     </span>
     <span class='ocr_line' id='line_1_6' title="bbox 204 1098 2024 1186; baseline -0.007 -16"><span class='ocrx_word' id='word_1_64' title='bbox 204 1103 260 1170; x_wconf 90' lang='grc' dir='ltr'><strong>διά</strong></span> <span class='ocrx_word' id='word_1_65' title='bbox 276 1104 314 1169; x_wconf 90' lang='grc' dir='ltr'><strong><em>τὸ</em></strong></span> <span class='ocrx_word' id='word_1_66' title='bbox 331 1106 499 1185; x_wconf 85' lang='grc' dir='ltr'><strong><em>διάστημα</em></strong></span> <span class='ocrx_word' id='word_1_67' title='bbox 518 1103 537 1181; x_wconf 74' lang='grc' dir='ltr'>ἢ</span> <span class='ocrx_word' id='word_1_68' title='bbox 554 1100 610 1166; x_wconf 89' lang='grc' dir='ltr'><strong>διά</strong></span> <span class='ocrx_word' id='word_1_69' title='bbox 624 1101 832 1185; x_wconf 82' lang='grc' dir='ltr'><strong><em>μεσολαβοιῖν</em></strong></span> <span class='ocrx_word' id='word_1_70' title='bbox 847 1104 935 1186; x_wconf 84' lang='grc' dir='ltr'><strong><em>ὄρος,</em></strong></span> <span class='ocrx_word' id='word_1_71' title='bbox 960 1101 1020 1165; x_wconf 88' lang='grc' dir='ltr'><strong>ούκ</strong></span> <span class='ocrx_word' id='word_1_72' title='bbox 1035 1107 1099 1165; x_wconf 85' lang='grc' dir='ltr'><strong><em>έπι-</em></strong></span> <span class='ocrx_word' id='word_1_73' title='bbox 1127 1109 1250 1181; x_wconf 88' lang='lat' dir='ltr'><strong>propter</strong></span> <span class='ocrx_word' id='word_1_74' title='bbox 1272 1100 1454 1175; x_wconf 78' lang='lat' dir='ltr'><strong>distantiam,</strong></span> <span class='ocrx_word' id='word_1_75' title='bbox 1483 1099 1547 1162; x_wconf 90' lang='lat' dir='ltr'><strong>sive</strong></span> <span class='ocrx_word' id='word_1_76' title='bbox 1569 1120 1604 1161; x_wconf 89' lang='lat' dir='ltr'><strong>eo</strong></span> <span class='ocrx_word' id='word_1_77' title='bbox 1627 1099 1707 1179; x_wconf 92' lang='lat' dir='ltr'><strong>quod</strong></span> <span class='ocrx_word' id='word_1_78' title='bbox 1730 1099 1845 1159; x_wconf 90' lang='lat' dir='ltr'><strong>medius</strong></span> <span class='ocrx_word' id='word_1_79' title='bbox 1868 1098 1907 1159; x_wconf 90' lang='lat' dir='ltr'><strong>sit</strong></span> <span class='ocrx_word' id='word_1_80' title='bbox 1928 1116 2024 1173; x_wconf 92' lang='lat' dir='ltr'><strong>mons,</strong></span> 
     </span>
     <span class='ocr_line' id='line_1_7' title="bbox 204 1204 2024 1294; baseline -0.005 -20"><span class='ocrx_word' id='word_1_81' title='bbox 204 1213 339 1275; x_wconf 72' lang='grc' dir='ltr'><strong><em>τίθεται</em></strong></span> <span class='ocrx_word' id='word_1_82' title='bbox 356 1211 500 1275; x_wconf 91' lang='grc' dir='ltr'><strong><em>δουλεία·</em></strong></span> <span class='ocrx_word' id='word_1_83' title='bbox 524 1209 654 1273; x_wconf 91' lang='grc' dir='ltr'><strong><em>δουλεία</em></strong></span> <span class='ocrx_word' id='word_1_84' title='bbox 668 1206 735 1294; x_wconf 91' lang='grc' dir='ltr'><strong>γάρ</strong></span> <span class='ocrx_word' id='word_1_85' title='bbox 751 1211 812 1272; x_wconf 86' lang='grc' dir='ltr'><strong>οὐκ</strong></span> <span class='ocrx_word' id='word_1_86' title='bbox 827 1209 1015 1273; x_wconf 76' lang='grc' dir='ltr'><strong><em>ἐπιτίθεται</em></strong></span> <span class='ocrx_word' id='word_1_87' title='bbox 1031 1218 1101 1282; x_wconf 89' lang='grc' dir='ltr'><strong><em>τοῖς</em></strong></span> <span class='ocrx_word' id='word_1_88' title='bbox 1127 1229 1187 1268; x_wconf 91' lang='lat' dir='ltr'><strong>non</strong></span> <span class='ocrx_word' id='word_1_89' title='bbox 1211 1207 1375 1287; x_wconf 83' lang='lat' dir='ltr'><strong>imponitur</strong></span> <span class='ocrx_word' id='word_1_90' title='bbox 1397 1208 1540 1268; x_wconf 88' lang='lat' dir='ltr'><strong>servitus:</strong></span> <span class='ocrx_word' id='word_1_91' title='bbox 1565 1206 1695 1268; x_wconf 88' lang='lat' dir='ltr'><strong>servitus</strong></span> <span class='ocrx_word' id='word_1_92' title='bbox 1717 1205 1796 1267; x_wconf 90' lang='lat' dir='ltr'><strong>enim</strong></span> <span class='ocrx_word' id='word_1_93' title='bbox 1819 1225 1879 1266; x_wconf 94' lang='lat' dir='ltr'><strong>non</strong></span> <span class='ocrx_word' id='word_1_94' title='bbox 1899 1204 2024 1285; x_wconf 92' lang='lat' dir='ltr'><strong>imponi·</strong></span> 
     </span>
     <span class='ocr_line' id='line_1_8' title="bbox 200 1311 2025 1404; baseline -0.005 -23"><span class='ocrx_word' id='word_1_95' title='bbox 200 1318 243 1400; x_wconf 73' lang='grc' dir='ltr'><strong>μὴ</strong></span> <span class='ocrx_word' id='word_1_96' title='bbox 272 1311 366 1382; x_wconf 87' lang='grc' dir='ltr'><strong><em>ούσιν</em></strong></span> <span class='ocrx_word' id='word_1_97' title='bbox 393 1322 427 1381; x_wconf 86' lang='grc' dir='ltr'><strong>έν</strong></span> <span class='ocrx_word' id='word_1_98' title='bbox 453 1318 620 1404; x_wconf 77' lang='grc' dir='ltr'><strong><em>προσόψει</em></strong></span> <span class='ocrx_word' id='word_1_99' title='bbox 648 1317 797 1395; x_wconf 80' lang='grc' dir='ltr'><strong><em>ἀλλήλων</em></strong></span> <span class='ocrx_word' id='word_1_100' title='bbox 825 1314 881 1380; x_wconf 82' lang='grc' dir='ltr'><strong>καλ</strong></span> <span class='ocrx_word' id='word_1_101' title='bbox 910 1315 1100 1397; x_wconf 74' lang='grc' dir='ltr'><strong><em>δυναμένοις</em></strong></span> <span class='ocrx_word' id='word_1_102' title='bbox 1128 1325 1178 1376; x_wconf 92' lang='lat' dir='ltr'><strong>tur</strong></span> <span class='ocrx_word' id='word_1_103' title='bbox 1199 1314 1343 1395; x_wconf 84' lang='lat' dir='ltr'><strong>praediis,</strong></span> <span class='ocrx_word' id='word_1_104' title='bbox 1370 1335 1449 1394; x_wconf 90' lang='lat' dir='ltr'><strong>quae</strong></span> <span class='ocrx_word' id='word_1_105' title='bbox 1470 1334 1531 1375; x_wconf 94' lang='lat' dir='ltr'><strong>non</strong></span> <span class='ocrx_word' id='word_1_106' title='bbox 1554 1323 1624 1375; x_wconf 91' lang='lat' dir='ltr'><strong>sunt</strong></span> <span class='ocrx_word' id='word_1_107' title='bbox 1646 1313 1777 1375; x_wconf 89' lang='lat' dir='ltr'><strong>invicem</strong></span> <span class='ocrx_word' id='word_1_108' title='bbox 1803 1313 1835 1373; x_wconf 93' lang='lat' dir='ltr'><strong>in</strong></span> <span class='ocrx_word' id='word_1_109' title='bbox 1863 1321 2025 1391; x_wconf 89' lang='lat' dir='ltr'><strong>conspectu</strong></span> 
     </span>
     <span class='ocr_line' id='line_1_9' title="bbox 201 1418 2024 1510; baseline -0.005 -22"><span class='ocrx_word' id='word_1_110' title='bbox 201 1425 360 1502; x_wconf 78' lang='grc' dir='ltr'><strong><em>ἀλλήλους</em></strong></span> <span class='ocrx_word' id='word_1_111' title='bbox 381 1425 552 1510; x_wconf 64' lang='grc' dir='ltr'><strong><em>βλάπτειν</em></strong></span> <span class='ocrx_word' id='word_1_112' title='bbox 571 1462 611 1472; x_wconf 97' lang='grc'>-</span> <span class='ocrx_word' id='word_1_113' title='bbox 928 1423 964 1484; x_wconf 86' lang='lat' dir='ltr'><strong>fr.</strong></span> <span class='ocrx_word' id='word_1_114' title='bbox 981 1426 1031 1486; x_wconf 81' lang='lat'><strong>38.</strong></span> <span class='ocrx_word' id='word_1_115' title='bbox 1049 1427 1099 1485; x_wconf 87' lang='grc'><strong>39.</strong></span> <span class='ocrx_word' id='word_1_116' title='bbox 1127 1441 1265 1503; x_wconf 89' lang='lat' dir='ltr'><strong>quaeque</strong></span> <span class='ocrx_word' id='word_1_117' title='bbox 1287 1421 1414 1483; x_wconf 90' lang='lat' dir='ltr'><strong>invicem</strong></span> <span class='ocrx_word' id='word_1_118' title='bbox 1437 1441 1545 1483; x_wconf 86' lang='lat' dir='ltr'><strong>nocere</strong></span> <span class='ocrx_word' id='word_1_119' title='bbox 1567 1441 1629 1481; x_wconf 92' lang='lat' dir='ltr'><strong>non</strong></span> <span class='ocrx_word' id='word_1_120' title='bbox 1651 1429 1787 1500; x_wconf 77' lang='lat' dir='ltr'><strong>possunt.</strong></span> <span class='ocrx_word' id='word_1_121' title='bbox 1854 1418 1889 1480; x_wconf 81' lang='lat' dir='ltr'><strong>fr.</strong></span> <span class='ocrx_word' id='word_1_122' title='bbox 1907 1422 1956 1481; x_wconf 84' lang='grc'><strong>38.</strong></span> <span class='ocrx_word' id='word_1_123' title='bbox 1974 1422 2024 1481; x_wconf 84' lang='grc'><strong>39.</strong></span> 
     </span>
     <span class='ocr_line' id='line_1_10' title="bbox 157 1525 2024 1612; baseline -0.003 -21"><span class='ocrx_word' id='word_1_124' title='bbox 157 1578 163 1591; x_wconf 94' lang='grc'><strong>.</strong></span> <span class='ocrx_word' id='word_1_125' title='bbox 268 1531 388 1605; x_wconf 77' lang='grc' dir='ltr'><strong><em>Καλῶς</em></strong></span> <span class='ocrx_word' id='word_1_126' title='bbox 416 1536 448 1594; x_wconf 87' lang='grc' dir='ltr'><strong>έν</strong></span> <span class='ocrx_word' id='word_1_127' title='bbox 477 1535 523 1612; x_wconf 77' lang='grc' dir='ltr'><strong><em>τῷ</em></strong></span> <span class='ocrx_word' id='word_1_128' title='bbox 551 1534 615 1612; x_wconf 80' lang='grc' dir='ltr'><strong>έμῷ</strong></span> <span class='ocrx_word' id='word_1_129' title='bbox 638 1534 717 1612; x_wconf 76' lang='grc' dir='ltr'><strong><em>οἴκῳ</em></strong></span> <span class='ocrx_word' id='word_1_130' title='bbox 746 1531 869 1611; x_wconf 80' lang='grc' dir='ltr'><strong><em>ἀνοίγει</em></strong></span> <span class='ocrx_word' id='word_1_131' title='bbox 898 1530 1045 1610; x_wconf 78' lang='grc' dir='ltr'><strong><em>πυλῶνα,</em></strong></span> <span class='ocrx_word' id='word_1_132' title='bbox 1074 1534 1100 1592; x_wconf 73' lang='grc' dir='ltr'><strong>εἰ</strong></span> <span class='ocrx_word' id='word_1_133' title='bbox 1193 1529 1287 1590; x_wconf 85' lang='lat' dir='ltr'><strong>Recte</strong></span> <span class='ocrx_word' id='word_1_134' title='bbox 1309 1528 1340 1588; x_wconf 90' lang='lat' dir='ltr'><strong>in</strong></span> <span class='ocrx_word' id='word_1_135' title='bbox 1363 1528 1479 1608; x_wconf 87' lang='lat' dir='ltr'><strong>pariete</strong></span> <span class='ocrx_word' id='word_1_136' title='bbox 1501 1548 1568 1589; x_wconf 91' lang='lat' dir='ltr'><strong>meo</strong></span> <span class='ocrx_word' id='word_1_137' title='bbox 1596 1528 1718 1588; x_wconf 88' lang='lat' dir='ltr'><strong>ianuam</strong></span> <span class='ocrx_word' id='word_1_138' title='bbox 1742 1526 1854 1606; x_wconf 88' lang='lat' dir='ltr'><strong>aperio,</strong></span> <span class='ocrx_word' id='word_1_139' title='bbox 1881 1526 1938 1586; x_wconf 88' lang='lat' dir='ltr'><strong>nisi</strong></span> <span class='ocrx_word' id='word_1_140' title='bbox 1962 1525 2024 1587; x_wconf 85' lang='lat' dir='ltr'><strong>offi-</strong></span> 
     </span>
     <span class='ocr_line' id='line_1_11' title="bbox 200 1633 2024 1721; baseline -0.004 -21"><span class='ocrx_word' id='word_1_141' title='bbox 200 1637 243 1721; x_wconf 81' lang='grc' dir='ltr'><strong>μὴ</strong></span> <span class='ocrx_word' id='word_1_142' title='bbox 267 1637 426 1721; x_wconf 77' lang='grc' dir='ltr'><strong><em>ἐμποδίζοι</em></strong></span> <span class='ocrx_word' id='word_1_143' title='bbox 451 1648 523 1712; x_wconf 88' lang='grc' dir='ltr'><strong><em>ταῖς</em></strong></span> <span class='ocrx_word' id='word_1_144' title='bbox 547 1636 708 1712; x_wconf 76' lang='grc' dir='ltr'><strong><em>δουλείαις</em></strong></span> <span class='ocrx_word' id='word_1_145' title='bbox 731 1646 792 1702; x_wconf 84' lang='grc' dir='ltr'><strong><em>τοῦ</em></strong></span> <span class='ocrx_word' id='word_1_146' title='bbox 813 1635 984 1719; x_wconf 84' lang='grc' dir='ltr'><strong>γείτονος.1</strong></span> <span class='ocrx_word' id='word_1_147' title='bbox 1128 1636 1206 1697; x_wconf 88' lang='lat' dir='ltr'><strong>ciam</strong></span> <span class='ocrx_word' id='word_1_148' title='bbox 1228 1634 1423 1697; x_wconf 79' lang='lat' dir='ltr'><strong>servitutibus</strong></span> <span class='ocrx_word' id='word_1_149' title='bbox 1446 1634 1544 1696; x_wconf 88' lang='lat' dir='ltr'><strong>vicini.</strong></span> <span class='ocrx_word' id='word_1_150' title='bbox 1696 1633 1731 1696; x_wconf 83' lang='lat' dir='ltr'><strong>fr.</strong></span> <span class='ocrx_word' id='word_1_151' title='bbox 1747 1634 1831 1709; x_wconf 78' lang='lat'><strong>41.§</strong></span> <span class='ocrx_word' id='word_1_152' title='bbox 1852 1636 1877 1694; x_wconf 91' lang='lat'><strong>1.</strong></span> <span class='ocrx_word' id='word_1_153' title='bbox 1893 1633 1933 1693; x_wconf 89' lang='grc' dir='ltr'><strong>Ι).</strong></span> <span class='ocrx_word' id='word_1_154' title='bbox 1950 1636 1979 1706; x_wconf 89' lang='grc'><strong>8,</strong></span> <span class='ocrx_word' id='word_1_155' title='bbox 1996 1636 2024 1693; x_wconf 85' lang='grc'><strong>2.</strong></span> 
     </span>
     <span class='ocr_line' id='line_1_12' title="bbox 768 1744 1098 1825; baseline 0 -19"><span class='ocrx_word' id='word_1_156' title='bbox 768 1744 805 1806; x_wconf 73' lang='grc' dir='ltr'><strong>ε.</strong></span> <span class='ocrx_word' id='word_1_157' title='bbox 821 1749 872 1806; x_wconf 81' lang='lat'><strong>41.</strong></span> <span class='ocrx_word' id='word_1_158' title='bbox 890 1751 906 1822; x_wconf 78' lang='grc' dir='ltr'><strong><em>ς</em></strong></span> <span class='ocrx_word' id='word_1_159' title='bbox 926 1748 953 1806; x_wconf 89' lang='lat'><strong>1.</strong></span> <span class='ocrx_word' id='word_1_160' title='bbox 969 1746 1007 1805; x_wconf 85' lang='grc'><strong>1).</strong></span> <span class='ocrx_word' id='word_1_161' title='bbox 1025 1747 1053 1825; x_wconf 87' lang='grc' dir='ltr'><strong>ε,</strong></span> <span class='ocrx_word' id='word_1_162' title='bbox 1071 1748 1098 1806; x_wconf 84' lang='lat'><strong>2.</strong></span> 
     </span>
    </p>
   </div>
   <div class='ocr_carea' id='block_1_3' title="bbox 447 1950 1815 2025">
    <p class='ocr_par' dir='ltr' id='par_1_3' title="bbox 447 1950 1815 2025">
     <span class='ocr_line' id='line_1_13' title="bbox 447 1950 1815 2025; baseline -0.003 -16"><span class='ocrx_word' id='word_1_163' title='bbox 447 1955 566 2010; x_wconf 82' lang='grc' dir='ltr'>ΤΙΤΛΟ(</span> <span class='ocrx_word' id='word_1_164' title='bbox 587 1958 625 2025; x_wconf 85' lang='grc' dir='ltr'><strong>Ι“’,</strong></span> <span class='ocrx_word' id='word_1_165' title='bbox 644 1956 777 2011; x_wconf 87' lang='grc' dir='ltr'><strong>ΒΙΒΛΙΟΥ</strong></span> <span class='ocrx_word' id='word_1_166' title='bbox 795 1957 854 2009; x_wconf 82' lang='grc' dir='ltr'><strong>ΝΗ’</strong></span> <span class='ocrx_word' id='word_1_167' title='bbox 1342 1951 1508 2010; x_wconf 83' lang='lat' dir='ltr'>TITULUS</span> <span class='ocrx_word' id='word_1_168' title='bbox 1527 1952 1578 2021; x_wconf 88' lang='lat'>111,</span> <span class='ocrx_word' id='word_1_169' title='bbox 1597 1951 1702 2006; x_wconf 89' lang='lat' dir='ltr'>LIBRI</span> <span class='ocrx_word' id='word_1_170' title='bbox 1720 1950 1815 2006; x_wconf 86' lang='lat' dir='ltr'>LVIII</span> 
     </span>
    </p>
   </div>
   <div class='ocr_carea' id='block_1_4' title="bbox 270 2077 1884 2155">
    <p class='ocr_par' dir='ltr' id='par_1_4' title="bbox 270 2077 1884 2155">
     <span class='ocr_line' id='line_1_14' title="bbox 270 2077 1884 2155; baseline -0.004 -20"><span class='ocrx_word' id='word_1_171' title='bbox 270 2112 271 2115; x_wconf 20' lang='grc' dir='ltr'><strong><em>ε</em></strong></span> <span class='ocrx_word' id='word_1_172' title='bbox 295 2139 297 2143; x_wconf 57' lang='grc'><strong>,</strong></span> <span class='ocrx_word' id='word_1_173' title='bbox 376 2085 439 2155; x_wconf 80' lang='grc' dir='ltr'><strong><em>περὶ</em></strong></span> <span class='ocrx_word' id='word_1_174' title='bbox 456 2080 582 2135; x_wconf 85' lang='grc' dir='ltr'><strong><em>δουλειῶν</em></strong></span> <span class='ocrx_word' id='word_1_175' title='bbox 600 2082 739 2152; x_wconf 78' lang='grc' dir='ltr'><strong>κτημάτων</strong></span> <span class='ocrx_word' id='word_1_176' title='bbox 757 2082 923 2155; x_wconf 80' lang='grc' dir='ltr'><strong><em>ἀγροικικῶν.</em></strong></span> <span class='ocrx_word' id='word_1_177' title='bbox 1268 2078 1303 2133; x_wconf 84' lang='lat' dir='ltr'><strong>da</strong></span> <span class='ocrx_word' id='word_1_178' title='bbox 1322 2078 1502 2134; x_wconf 76' lang='lat' dir='ltr'><strong>servitutibus</strong></span> <span class='ocrx_word' id='word_1_179' title='bbox 1519 2077 1695 2147; x_wconf 84' lang='lat' dir='ltr'><strong>praediorum</strong></span> <span class='ocrx_word' id='word_1_180' title='bbox 1712 2077 1884 2131; x_wconf 83' lang='lat' dir='ltr'><strong>rusticorum.</strong></span> 
     </span>
    </p>
   </div>
   <div class='ocr_carea' id='block_1_5' title="bbox 130 2203 2105 5820">
    <p class='ocr_par' dir='ltr' id='par_1_5' title="bbox 130 2203 2025 5069">
     <span class='ocr_line' id='line_1_15' title="bbox 130 2203 2024 2290; baseline 0 -25"><span class='ocrx_word' id='word_1_181' title='bbox 130 2213 165 2269; x_wconf 80' lang='grc' dir='ltr'><strong>α’.</strong></span> <span class='ocrx_word' id='word_1_182' title='bbox 268 2205 471 2289; x_wconf 78' lang='grc' dir='ltr'><strong><em>Ἀγροικικαλ</em></strong></span> <span class='ocrx_word' id='word_1_183' title='bbox 495 2206 640 2271; x_wconf 89' lang='grc' dir='ltr'><strong><em>δουλεῑαί</em></strong></span> <span class='ocrx_word' id='word_1_184' title='bbox 656 2212 716 2271; x_wconf 82' lang='grc' dir='ltr'><strong><em>εἰσι</em></strong></span> <span class='ocrx_word' id='word_1_185' title='bbox 735 2208 939 2290; x_wconf 86' lang='grc' dir='ltr'><strong><em>μουοπιίτιον</em></strong></span> <span class='ocrx_word' id='word_1_186' title='bbox 953 2207 1100 2290; x_wconf 80' lang='grc' dir='ltr'><strong><em>πάροδος</em></strong></span> <span class='ocrx_word' id='word_1_187' title='bbox 1193 2206 1388 2290; x_wconf 86' lang='lat' dir='ltr'><strong>Praediorum</strong></span> <span class='ocrx_word' id='word_1_188' title='bbox 1412 2205 1590 2266; x_wconf 90' lang='lat' dir='ltr'><strong>rusticorum</strong></span> <span class='ocrx_word' id='word_1_189' title='bbox 1607 2203 1765 2265; x_wconf 78' lang='lat' dir='ltr'><strong>servitutes</strong></span> <span class='ocrx_word' id='word_1_190' title='bbox 1780 2211 1853 2264; x_wconf 91' lang='lat' dir='ltr'><strong>snnt</strong></span> <span class='ocrx_word' id='word_1_191' title='bbox 1866 2204 1923 2264; x_wconf 90' lang='lat' dir='ltr'><strong>iter</strong></span> <span class='ocrx_word' id='word_1_192' title='bbox 1938 2211 2024 2265; x_wconf 88' lang='lat' dir='ltr'><strong>actus</strong></span> 
     </span>
     <span class='ocr_line' id='line_1_16' title="bbox 201 2309 2011 2396; baseline -0.005 -19"><span class='ocrx_word' id='word_1_193' title='bbox 201 2311 279 2388; x_wconf 85' lang='grc' dir='ltr'><strong><em>ὁδὸς</em></strong></span> <span class='ocrx_word' id='word_1_194' title='bbox 302 2314 441 2378; x_wconf 81' lang='grc' dir='ltr'><strong><em>πλατεῖα</em></strong></span> <span class='ocrx_word' id='word_1_195' title='bbox 463 2313 684 2395; x_wconf 84' lang='grc' dir='ltr'><strong><em>ύδραγώγιον;</em></strong></span> <span class='ocrx_word' id='word_1_196' title='bbox 701 2312 764 2361; x_wconf 64' lang='lat'><strong>-2</strong></span> <span class='ocrx_word' id='word_1_197' title='bbox 821 2316 856 2377; x_wconf 83' lang='lat' dir='ltr'><strong>fr.</strong></span> <span class='ocrx_word' id='word_1_198' title='bbox 875 2318 891 2374; x_wconf 94' lang='lat'>1</span> <span class='ocrx_word' id='word_1_199' title='bbox 908 2337 952 2396; x_wconf 90' lang='lat' dir='ltr'><strong>pr.</strong></span> <span class='ocrx_word' id='word_1_200' title='bbox 968 2314 1008 2376; x_wconf 91' lang='lat' dir='ltr'><strong>D.</strong></span> <span class='ocrx_word' id='word_1_201' title='bbox 1025 2317 1053 2389; x_wconf 91' lang='lat'><strong>8,</strong></span> <span class='ocrx_word' id='word_1_202' title='bbox 1071 2319 1099 2377; x_wconf 88' lang='grc'><strong>3.</strong></span> <span class='ocrx_word' id='word_1_203' title='bbox 1127 2314 1179 2377; x_wconf 87' lang='lat' dir='ltr'><strong>via</strong></span> <span class='ocrx_word' id='word_1_204' title='bbox 1200 2313 1416 2394; x_wconf 71' lang='lat' dir='ltr'><strong>aquaeductus,</strong></span> <span class='ocrx_word' id='word_1_205' title='bbox 1743 2310 1779 2373; x_wconf 89' lang='lat' dir='ltr'><strong>fr.</strong></span> <span class='ocrx_word' id='word_1_206' title='bbox 1798 2309 1812 2370; x_wconf 94' lang='grc'><strong>1</strong></span> <span class='ocrx_word' id='word_1_207' title='bbox 1831 2331 1875 2390; x_wconf 89' lang='lat' dir='ltr'><strong>pr.</strong></span> <span class='ocrx_word' id='word_1_208' title='bbox 1891 2311 1930 2371; x_wconf 91' lang='lat' dir='ltr'><strong>D.</strong></span> <span class='ocrx_word' id='word_1_209' title='bbox 1948 2312 2011 2383; x_wconf 76' lang='lat'><strong>8‚3</strong></span> 
     </span>
     <span class='ocr_line' id='line_1_17' title="bbox 268 2417 2024 2511; baseline -0.003 -28"><span class='ocrx_word' id='word_1_210' title='bbox 268 2422 488 2511; x_wconf 72' lang='grc' dir='ltr'><strong><em>Μονοπιίτιόν</em></strong></span> <span class='ocrx_word' id='word_1_211' title='bbox 515 2425 582 2484; x_wconf 85' lang='grc' dir='ltr'><strong><em>έστι</em></strong></span> <span class='ocrx_word' id='word_1_212' title='bbox 613 2417 652 2484; x_wconf 82' lang='grc' dir='ltr'><strong><em>τό</em></strong></span> <span class='ocrx_word' id='word_1_213' title='bbox 676 2424 827 2505; x_wconf 80' lang='grc' dir='ltr'><strong><em>παριέναι</em></strong></span> <span class='ocrx_word' id='word_1_214' title='bbox 854 2419 911 2485; x_wconf 80' lang='grc' dir='ltr'><strong>καλ</strong></span> <span class='ocrx_word' id='word_1_215' title='bbox 944 2420 1100 2485; x_wconf 83' lang='grc' dir='ltr'><strong><em>διακινεῖν</em></strong></span> <span class='ocrx_word' id='word_1_216' title='bbox 1193 2419 1270 2482; x_wconf 88' lang='lat' dir='ltr'><strong>Iter</strong></span> <span class='ocrx_word' id='word_1_217' title='bbox 1297 2427 1344 2480; x_wconf 88' lang='lat' dir='ltr'><strong>est</strong></span> <span class='ocrx_word' id='word_1_218' title='bbox 1369 2419 1412 2481; x_wconf 90' lang='lat' dir='ltr'><strong>ire</strong></span> <span class='ocrx_word' id='word_1_219' title='bbox 1438 2417 1595 2480; x_wconf 89' lang='lat' dir='ltr'><strong>ambulare</strong></span> <span class='ocrx_word' id='word_1_220' title='bbox 1621 2417 1771 2480; x_wconf 89' lang='lat' dir='ltr'><strong>hominem</strong></span> <span class='ocrx_word' id='word_1_221' title='bbox 1798 2417 1862 2479; x_wconf 89' lang='lat' dir='ltr'><strong>sine</strong></span> <span class='ocrx_word' id='word_1_222' title='bbox 1883 2418 2024 2479; x_wconf 90' lang='lat' dir='ltr'><strong>iumento.</strong></span> 
     </span>
     <span class='ocr_line' id='line_1_18' title="bbox 201 2513 2023 2612; baseline -0.003 -21"><span class='ocrx_word' id='word_1_223' title='bbox 201 2513 283 2591; x_wconf 54' lang='grc' dir='ltr'><strong><em>ἀ-ἰῆι</em></strong></span> <span class='ocrx_word' id='word_1_224' title='bbox 302 2525 407 2612; x_wconf 79' lang='grc' dir='ltr'><strong><em>χωρίς</em></strong></span> <span class='ocrx_word' id='word_1_225' title='bbox 431 2527 620 2608; x_wconf 77' lang='grc' dir='ltr'><strong><em>ὑποζυγίου·</em></strong></span> <span class='ocrx_word' id='word_1_226' title='bbox 644 2528 793 2612; x_wconf 87' lang='grc' dir='ltr'><strong><em>πάροδός</em></strong></span> <span class='ocrx_word' id='word_1_227' title='bbox 815 2532 884 2591; x_wconf 90' lang='grc' dir='ltr'><strong><em>έστι</em></strong></span> <span class='ocrx_word' id='word_1_228' title='bbox 902 2525 941 2592; x_wconf 82' lang='grc' dir='ltr'><strong><em>τό</em></strong></span> <span class='ocrx_word' id='word_1_229' title='bbox 957 2526 1100 2592; x_wconf 76' lang='grc' dir='ltr'><strong><em>ἐλαύνειν</em></strong></span> <span class='ocrx_word' id='word_1_230' title='bbox 1128 2535 1230 2588; x_wconf 86' lang='lat' dir='ltr'><strong>actus</strong></span> <span class='ocrx_word' id='word_1_231' title='bbox 1258 2534 1304 2587; x_wconf 88' lang='lat' dir='ltr'><strong>est</strong></span> <span class='ocrx_word' id='word_1_232' title='bbox 1331 2545 1420 2604; x_wconf 84' lang='lat' dir='ltr'><strong>agere</strong></span> <span class='ocrx_word' id='word_1_233' title='bbox 1446 2545 1555 2605; x_wconf 85' lang='lat' dir='ltr'><strong>pecora</strong></span> <span class='ocrx_word' id='word_1_234' title='bbox 1581 2525 1630 2585; x_wconf 92' lang='lat' dir='ltr'><strong>vel</strong></span> <span class='ocrx_word' id='word_1_235' title='bbox 1657 2525 1836 2586; x_wconf 86' lang='lat' dir='ltr'><strong>iumentum:</strong></span> <span class='ocrx_word' id='word_1_236' title='bbox 1869 2525 1921 2604; x_wconf 91' lang='lat' dir='ltr'><strong>qui</strong></span> <span class='ocrx_word' id='word_1_237' title='bbox 1953 2544 2023 2604; x_wconf 81' lang='lat' dir='ltr'><strong>ergo</strong></span> 
     </span>
     <span class='ocr_line' id='line_1_19' title="bbox 203 2631 2024 2719; baseline -0.004 -21"><span class='ocrx_word' id='word_1_238' title='bbox 203 2637 339 2718; x_wconf 78' lang='grc' dir='ltr'><strong><em>θρέμμα</em></strong></span> <span class='ocrx_word' id='word_1_239' title='bbox 365 2633 385 2711; x_wconf 76' lang='grc' dir='ltr'>ἢ</span> <span class='ocrx_word' id='word_1_240' title='bbox 413 2634 601 2716; x_wconf 82' lang='grc' dir='ltr'><strong><em>ὑποζύγιον·</em></strong></span> <span class='ocrx_word' id='word_1_241' title='bbox 630 2637 648 2697; x_wconf 89' lang='grc' dir='ltr'><strong><em>ό</em></strong></span> <span class='ocrx_word' id='word_1_242' title='bbox 676 2637 759 2712; x_wconf 85' lang='grc' dir='ltr'><strong><em>έγοιν</em></strong></span> <span class='ocrx_word' id='word_1_243' title='bbox 793 2634 826 2697; x_wconf 80' lang='grc' dir='ltr'><strong>δέ</strong></span> <span class='ocrx_word' id='word_1_244' title='bbox 859 2634 918 2713; x_wconf 76' lang='grc' dir='ltr'><strong><em>τὴν</em></strong></span> <span class='ocrx_word' id='word_1_245' title='bbox 950 2635 1100 2719; x_wconf 86' lang='grc' dir='ltr'><strong><em>πάροδον</em></strong></span> <span class='ocrx_word' id='word_1_246' title='bbox 1127 2632 1220 2694; x_wconf 90' lang='lat' dir='ltr'><strong>habet</strong></span> <span class='ocrx_word' id='word_1_247' title='bbox 1242 2641 1342 2694; x_wconf 89' lang='lat' dir='ltr'><strong>actum</strong></span> <span class='ocrx_word' id='word_1_248' title='bbox 1365 2632 1458 2695; x_wconf 91' lang='lat' dir='ltr'><strong>habet</strong></span> <span class='ocrx_word' id='word_1_249' title='bbox 1475 2633 1566 2693; x_wconf 90' lang='lat' dir='ltr'><strong>etiam</strong></span> <span class='ocrx_word' id='word_1_250' title='bbox 1587 2632 1649 2694; x_wconf 85' lang='lat' dir='ltr'><strong>iter.</strong></span> <span class='ocrx_word' id='word_1_251' title='bbox 1696 2633 1755 2694; x_wconf 91' lang='lat' dir='ltr'><strong>via</strong></span> <span class='ocrx_word' id='word_1_252' title='bbox 1778 2641 1824 2692; x_wconf 88' lang='lat' dir='ltr'><strong>est</strong></span> <span class='ocrx_word' id='word_1_253' title='bbox 1845 2631 1888 2691; x_wconf 90' lang='lat' dir='ltr'><strong>ire</strong></span> <span class='ocrx_word' id='word_1_254' title='bbox 1910 2641 1941 2692; x_wconf 93' lang='lat' dir='ltr'><strong>et</strong></span> <span class='ocrx_word' id='word_1_255' title='bbox 1963 2651 2024 2691; x_wconf 90' lang='lat' dir='ltr'><strong>am-</strong></span> 
     </span>
     <span class='ocr_line' id='line_1_20' title="bbox 201 2738 2025 2823; baseline -0.003 -19"><span class='ocrx_word' id='word_1_256' title='bbox 201 2744 264 2820; x_wconf 83' lang='grc' dir='ltr'><strong><em>έγει</em></strong></span> <span class='ocrx_word' id='word_1_257' title='bbox 292 2740 349 2805; x_wconf 83' lang='grc' dir='ltr'><strong>καλ</strong></span> <span class='ocrx_word' id='word_1_258' title='bbox 378 2739 417 2805; x_wconf 88' lang='grc' dir='ltr'><strong><em>τό</em></strong></span> <span class='ocrx_word' id='word_1_259' title='bbox 444 2743 663 2823; x_wconf 87' lang='grc' dir='ltr'><strong><em>μονοπάτιον·</em></strong></span> <span class='ocrx_word' id='word_1_260' title='bbox 691 2742 830 2806; x_wconf 84' lang='grc' dir='ltr'><strong><em>πλατεῖα</em></strong></span> <span class='ocrx_word' id='word_1_261' title='bbox 857 2740 935 2815; x_wconf 85' lang='grc' dir='ltr'><strong><em>ὁδός</em></strong></span> <span class='ocrx_word' id='word_1_262' title='bbox 962 2745 1031 2804; x_wconf 86' lang='grc' dir='ltr'><strong><em>έστι</em></strong></span> <span class='ocrx_word' id='word_1_263' title='bbox 1060 2739 1098 2804; x_wconf 90' lang='grc' dir='ltr'><strong><em>τδ</em></strong></span> <span class='ocrx_word' id='word_1_264' title='bbox 1127 2740 1233 2802; x_wconf 87' lang='lat' dir='ltr'><strong>bulare</strong></span> <span class='ocrx_word' id='word_1_265' title='bbox 1256 2749 1287 2801; x_wconf 89' lang='lat' dir='ltr'><strong>et</strong></span> <span class='ocrx_word' id='word_1_266' title='bbox 1310 2759 1410 2819; x_wconf 81' lang='lat' dir='ltr'><strong>agere:</strong></span> <span class='ocrx_word' id='word_1_267' title='bbox 1434 2739 1567 2801; x_wconf 90' lang='lat' dir='ltr'><strong>continet</strong></span> <span class='ocrx_word' id='word_1_268' title='bbox 1585 2739 1662 2799; x_wconf 87' lang='lat' dir='ltr'><strong>enim</strong></span> <span class='ocrx_word' id='word_1_269' title='bbox 1680 2739 1730 2800; x_wconf 90' lang='lat' dir='ltr'><strong>via</strong></span> <span class='ocrx_word' id='word_1_270' title='bbox 1744 2738 1918 2800; x_wconf 83' lang='lat' dir='ltr'><strong>facultatem</strong></span> <span class='ocrx_word' id='word_1_271' title='bbox 1935 2738 2025 2799; x_wconf 91' lang='lat' dir='ltr'><strong>eundi</strong></span> 
     </span>
     <span class='ocr_line' id='line_1_21' title="bbox 201 2844 2024 2932; baseline -0.004 -20"><span class='ocrx_word' id='word_1_272' title='bbox 201 2851 353 2932; x_wconf 81' lang='grc' dir='ltr'><strong><em>παριέναι</em></strong></span> <span class='ocrx_word' id='word_1_273' title='bbox 376 2846 433 2911; x_wconf 77' lang='grc' dir='ltr'><strong>καί</strong></span> <span class='ocrx_word' id='word_1_274' title='bbox 457 2846 684 2911; x_wconf 79' lang='grc' dir='ltr'><strong><em>διακινεῖνκαί</em></strong></span> <span class='ocrx_word' id='word_1_275' title='bbox 699 2847 855 2912; x_wconf 76' lang='grc' dir='ltr'><strong><em>ἐλαύνειν·</em></strong></span> <span class='ocrx_word' id='word_1_276' title='bbox 880 2852 1017 2931; x_wconf 81' lang='grc' dir='ltr'><strong><em>περιέχει</em></strong></span> <span class='ocrx_word' id='word_1_277' title='bbox 1032 2846 1098 2930; x_wconf 85' lang='grc' dir='ltr'><strong>γὰρ</strong></span> <span class='ocrx_word' id='word_1_278' title='bbox 1127 2855 1158 2907; x_wconf 90' lang='lat' dir='ltr'><strong>et</strong></span> <span class='ocrx_word' id='word_1_279' title='bbox 1172 2847 1280 2927; x_wconf 82' lang='lat' dir='ltr'><strong>agendi</strong></span> <span class='ocrx_word' id='word_1_280' title='bbox 1297 2855 1328 2907; x_wconf 90' lang='lat' dir='ltr'><strong>et</strong></span> <span class='ocrx_word' id='word_1_281' title='bbox 1350 2844 1533 2907; x_wconf 84' lang='lat' dir='ltr'><strong>ambulandi.</strong></span> <span class='ocrx_word' id='word_1_282' title='bbox 1570 2845 1824 2926; x_wconf 77' lang='lat' dir='ltr'><strong>aquaeductus</strong></span> <span class='ocrx_word' id='word_1_283' title='bbox 1847 2852 1893 2907; x_wconf 88' lang='lat' dir='ltr'><strong>est</strong></span> <span class='ocrx_word' id='word_1_284' title='bbox 1916 2865 2024 2925; x_wconf 90' lang='lat' dir='ltr'><strong>aquam</strong></span> 
     </span>
     <span class='ocr_line' id='line_1_22' title="bbox 201 2951 2025 3039; baseline -0.003 -22"><span class='ocrx_word' id='word_1_285' title='bbox 201 2956 220 3032; x_wconf 81' lang='grc' dir='ltr'><em>ἡ</em></span> <span class='ocrx_word' id='word_1_286' title='bbox 244 2955 382 3018; x_wconf 86' lang='grc' dir='ltr'><strong><em>πλατεῖα</em></strong></span> <span class='ocrx_word' id='word_1_287' title='bbox 405 2951 483 3028; x_wconf 89' lang='grc' dir='ltr'><strong><em>όδδς</em></strong></span> <span class='ocrx_word' id='word_1_288' title='bbox 501 2952 540 3018; x_wconf 87' lang='grc' dir='ltr'><strong><em>τό</em></strong></span> <span class='ocrx_word' id='word_1_289' title='bbox 555 2956 759 3036; x_wconf 88' lang='grc' dir='ltr'><strong><em>μονοπάτιον</em></strong></span> <span class='ocrx_word' id='word_1_290' title='bbox 773 2953 830 3018; x_wconf 81' lang='grc' dir='ltr'><strong>καὶ</strong></span> <span class='ocrx_word' id='word_1_291' title='bbox 846 2953 905 3032; x_wconf 78' lang='grc' dir='ltr'><strong><em>τὴν</em></strong></span> <span class='ocrx_word' id='word_1_292' title='bbox 921 2952 1098 3039; x_wconf 57' lang='grc' dir='ltr'><strong><em>πάροδονθ.</em></strong></span> <span class='ocrx_word' id='word_1_293' title='bbox 1126 2954 1235 3015; x_wconf 86' lang='lat' dir='ltr'><strong>ducere</strong></span> <span class='ocrx_word' id='word_1_294' title='bbox 1256 2974 1311 3034; x_wconf 88' lang='lat' dir='ltr'><strong>per</strong></span> <span class='ocrx_word' id='word_1_295' title='bbox 1333 2952 1461 3014; x_wconf 90' lang='lat' dir='ltr'><strong>fundum</strong></span> <span class='ocrx_word' id='word_1_296' title='bbox 1484 2951 1617 3013; x_wconf 85' lang='lat' dir='ltr'><strong>alienum</strong></span> <span class='ocrx_word' id='word_1_297' title='bbox 1640 2960 1670 3014; x_wconf 91' lang='lat' dir='ltr'><strong>et</strong></span> <span class='ocrx_word' id='word_1_298' title='bbox 1691 2952 1810 3013; x_wconf 87' lang='lat' dir='ltr'><strong>haurire</strong></span> <span class='ocrx_word' id='word_1_299' title='bbox 1832 2960 1863 3013; x_wconf 93' lang='lat' dir='ltr'><strong>et</strong></span> <span class='ocrx_word' id='word_1_300' title='bbox 1876 2971 1970 3032; x_wconf 90' lang='lat' dir='ltr'><strong>pecus</strong></span> <span class='ocrx_word' id='word_1_301' title='bbox 1985 2951 2025 3011; x_wconf 88' lang='lat' dir='ltr'><strong>sd</strong></span> 
     </span>
     <span class='ocr_line' id='line_1_23' title="bbox 201 3058 2025 3146; baseline -0.003 -23"><span class='ocrx_word' id='word_1_302' title='bbox 201 3061 409 3146; x_wconf 88' lang='grc' dir='ltr'><strong><em>ύδραγώγιόν</em></strong></span> <span class='ocrx_word' id='word_1_303' title='bbox 431 3066 501 3124; x_wconf 80' lang='grc' dir='ltr'><strong><em>ἐστι</em></strong></span> <span class='ocrx_word' id='word_1_304' title='bbox 525 3059 563 3125; x_wconf 86' lang='grc' dir='ltr'><strong><em>τὸ</em></strong></span> <span class='ocrx_word' id='word_1_305' title='bbox 587 3063 688 3125; x_wconf 85' lang='grc' dir='ltr'><strong><em>έλκειν</em></strong></span> <span class='ocrx_word' id='word_1_306' title='bbox 711 3060 767 3126; x_wconf 92' lang='grc' dir='ltr'><strong>διά</strong></span> <span class='ocrx_word' id='word_1_307' title='bbox 789 3061 967 3146; x_wconf 90' lang='grc' dir='ltr'><strong><em>ἀλλοτριόυ</em></strong></span> <span class='ocrx_word' id='word_1_308' title='bbox 994 3064 1100 3146; x_wconf 77' lang='grc' dir='ltr'><strong><em>ἀγροῦ</em></strong></span> <span class='ocrx_word' id='word_1_309' title='bbox 1127 3081 1237 3141; x_wconf 86' lang='lat' dir='ltr'><strong>aquam</strong></span> <span class='ocrx_word' id='word_1_310' title='bbox 1266 3058 1418 3140; x_wconf 87' lang='lat' dir='ltr'><strong>appellere</strong></span> <span class='ocrx_word' id='word_1_311' title='bbox 1445 3068 1475 3121; x_wconf 88' lang='lat' dir='ltr'><strong>et</strong></span> <span class='ocrx_word' id='word_1_312' title='bbox 1502 3080 1626 3139; x_wconf 88' lang='lat' dir='ltr'><strong>pascere</strong></span> <span class='ocrx_word' id='word_1_313' title='bbox 1653 3069 1684 3122; x_wconf 89' lang='lat' dir='ltr'><strong>et</strong></span> <span class='ocrx_word' id='word_1_314' title='bbox 1706 3079 1832 3139; x_wconf 88' lang='lat' dir='ltr'><strong>coquere</strong></span> <span class='ocrx_word' id='word_1_315' title='bbox 1859 3058 1972 3120; x_wconf 77' lang='lat' dir='ltr'><strong>calcem</strong></span> <span class='ocrx_word' id='word_1_316' title='bbox 1995 3066 2025 3118; x_wconf 92' lang='lat' dir='ltr'><strong>et</strong></span> 
     </span>
     <span class='ocr_line' id='line_1_24' title="bbox 200 3164 2024 3250; baseline -0.004 -19"><span class='ocrx_word' id='word_1_317' title='bbox 200 3166 258 3231; x_wconf 81' lang='grc' dir='ltr'><strong>καλ</strong></span> <span class='ocrx_word' id='word_1_318' title='bbox 282 3165 320 3231; x_wconf 79' lang='lat' dir='ltr'><strong>vd</strong></span> <span class='ocrx_word' id='word_1_319' title='bbox 344 3168 507 3244; x_wconf 75' lang='grc' dir='ltr'><strong><em>ἀντλῆσαι</em></strong></span> <span class='ocrx_word' id='word_1_320' title='bbox 529 3167 587 3232; x_wconf 77' lang='grc' dir='ltr'><strong>καὶ</strong></span> <span class='ocrx_word' id='word_1_321' title='bbox 610 3167 649 3232; x_wconf 88' lang='grc' dir='ltr'><strong><em>τύ</em></strong></span> <span class='ocrx_word' id='word_1_322' title='bbox 673 3170 814 3248; x_wconf 79' lang='grc' dir='ltr'><strong><em>ποτίζειν</em></strong></span> <span class='ocrx_word' id='word_1_323' title='bbox 832 3166 892 3244; x_wconf 79' lang='grc' dir='ltr'><strong><em>τὴν</em></strong></span> <span class='ocrx_word' id='word_1_324' title='bbox 908 3169 1027 3250; x_wconf 83' lang='grc' dir='ltr'><strong><em>ἀγέλην</em></strong></span> <span class='ocrx_word' id='word_1_325' title='bbox 1042 3168 1097 3232; x_wconf 85' lang='grc' dir='ltr'><strong>καὶ</strong></span> <span class='ocrx_word' id='word_1_326' title='bbox 1127 3187 1250 3228; x_wconf 89' lang='lat' dir='ltr'><strong>arenam</strong></span> <span class='ocrx_word' id='word_1_327' title='bbox 1272 3166 1379 3228; x_wconf 89' lang='lat' dir='ltr'><strong>fodere.</strong></span> <span class='ocrx_word' id='word_1_328' title='bbox 1865 3164 1899 3227; x_wconf 86' lang='lat' dir='ltr'><strong>fr.</strong></span> <span class='ocrx_word' id='word_1_329' title='bbox 1918 3168 1977 3240; x_wconf 76' lang='lat'><strong>1.§</strong></span> <span class='ocrx_word' id='word_1_330' title='bbox 1998 3166 2024 3225; x_wconf 97' lang='grc'><strong>1.</strong></span> 
     </span>
     <span class='ocr_line' id='line_1_25' title="bbox 201 3272 1100 3361; baseline 0 -24"><span class='ocrx_word' id='word_1_331' title='bbox 201 3273 240 3338; x_wconf 87' lang='grc' dir='ltr'><strong><em>τὸ</em></strong></span> <span class='ocrx_word' id='word_1_332' title='bbox 262 3274 398 3360; x_wconf 80' lang='grc' dir='ltr'><strong><em>βόσκειν</em></strong></span> <span class='ocrx_word' id='word_1_333' title='bbox 412 3274 469 3338; x_wconf 80' lang='grc' dir='ltr'><strong>καλ</strong></span> <span class='ocrx_word' id='word_1_334' title='bbox 486 3272 525 3339; x_wconf 89' lang='grc' dir='ltr'><strong><em>τὸ</em></strong></span> <span class='ocrx_word' id='word_1_335' title='bbox 542 3279 634 3361; x_wconf 80' lang='grc' dir='ltr'><strong><em>έιμειν</em></strong></span> <span class='ocrx_word' id='word_1_336' title='bbox 650 3275 817 3361; x_wconf 79' lang='grc' dir='ltr'><strong><em>ἄσβεστον</em></strong></span> <span class='ocrx_word' id='word_1_337' title='bbox 832 3274 889 3338; x_wconf 77' lang='grc' dir='ltr'><strong>καὶ</strong></span> <span class='ocrx_word' id='word_1_338' title='bbox 905 3272 944 3339; x_wconf 84' lang='grc' dir='ltr'><strong><em>τὸ</em></strong></span> <span class='ocrx_word' id='word_1_339' title='bbox 960 3277 1100 3361; x_wconf 80' lang='grc' dir='ltr'><strong><em>ψάμμον</em></strong></span> 
     </span>
     <span class='ocr_line' id='line_1_26' title="bbox 200 3380 1098 3467; baseline -0.001 -23"><span class='ocrx_word' id='word_1_340' title='bbox 200 3380 364 3467; x_wconf 82' lang='grc' dir='ltr'><strong><em>όρύττειν;</em></strong></span> <span class='ocrx_word' id='word_1_341' title='bbox 382 3420 423 3428; x_wconf 91' lang='grc'><strong>-</strong></span> <span class='ocrx_word' id='word_1_342' title='bbox 939 3383 974 3444; x_wconf 83' lang='lat' dir='ltr'><strong>fr.</strong></span> <span class='ocrx_word' id='word_1_343' title='bbox 993 3387 1019 3446; x_wconf 90' lang='lat'><strong>1.</strong></span> <span class='ocrx_word' id='word_1_344' title='bbox 1036 3389 1053 3459; x_wconf 58' lang='grc' dir='ltr'><strong><em>ᾖ</em></strong></span> <span class='ocrx_word' id='word_1_345' title='bbox 1072 3386 1098 3444; x_wconf 93' lang='grc'><strong>1.</strong></span> 
     </span>
     <span class='ocr_line' id='line_1_27' title="bbox 149 3485 2025 3574; baseline -0.003 -22"><span class='ocrx_word' id='word_1_346' title='bbox 149 3495 164 3548; x_wconf 92' lang='grc'><strong>’.</strong></span> <span class='ocrx_word' id='word_1_347' title='bbox 269 3488 407 3552; x_wconf 85' lang='grc' dir='ltr'><strong><em>Δουλεία</em></strong></span> <span class='ocrx_word' id='word_1_348' title='bbox 444 3488 514 3551; x_wconf 78' lang='grc' dir='ltr'><strong><em>ἐστὶ</em></strong></span> <span class='ocrx_word' id='word_1_349' title='bbox 551 3488 608 3553; x_wconf 76' lang='grc' dir='ltr'><strong>καί</strong></span> <span class='ocrx_word' id='word_1_350' title='bbox 642 3487 680 3553; x_wconf 90' lang='grc' dir='ltr'><strong><em>τὸ</em></strong></span> <span class='ocrx_word' id='word_1_351' title='bbox 713 3488 791 3564; x_wconf 86' lang='grc' dir='ltr'><strong><em>τούς</em></strong></span> <span class='ocrx_word' id='word_1_352' title='bbox 819 3490 904 3574; x_wconf 85' lang='grc' dir='ltr'><strong><em>βόας</em></strong></span> <span class='ocrx_word' id='word_1_353' title='bbox 935 3485 1011 3562; x_wconf 89' lang='grc' dir='ltr'><strong><em>τούς</em></strong></span> <span class='ocrx_word' id='word_1_354' title='bbox 1041 3487 1100 3552; x_wconf 88' lang='grc' dir='ltr'><strong><em>τὸν</em></strong></span> <span class='ocrx_word' id='word_1_355' title='bbox 1194 3487 1330 3550; x_wconf 84' lang='lat' dir='ltr'><strong>Servitus</strong></span> <span class='ocrx_word' id='word_1_356' title='bbox 1358 3497 1404 3549; x_wconf 89' lang='lat' dir='ltr'><strong>est</strong></span> <span class='ocrx_word' id='word_1_357' title='bbox 1431 3496 1462 3548; x_wconf 88' lang='lat' dir='ltr'><strong>et</strong></span> <span class='ocrx_word' id='word_1_358' title='bbox 1489 3485 1581 3549; x_wconf 82' lang='lat' dir='ltr'><strong>boves</strong></span> <span class='ocrx_word' id='word_1_359' title='bbox 1609 3486 1734 3547; x_wconf 83' lang='lat' dir='ltr'><strong>fundum</strong></span> <span class='ocrx_word' id='word_1_360' title='bbox 1759 3496 1880 3547; x_wconf 83' lang='lat' dir='ltr'><strong>arantes</strong></span> <span class='ocrx_word' id='word_1_361' title='bbox 1902 3505 2025 3566; x_wconf 88' lang='lat' dir='ltr'><strong>pascere</strong></span> 
     </span>
     <span class='ocr_line' id='line_1_28' title="bbox 201 3590 2025 3681; baseline -0.003 -23"><span class='ocrx_word' id='word_1_362' title='bbox 201 3592 307 3680; x_wconf 85' lang='grc' dir='ltr'><strong><em>ἀγρόν</em></strong></span> <span class='ocrx_word' id='word_1_363' title='bbox 334 3595 623 3680; x_wconf 82' lang='grc' dir='ltr'><strong><em>[’]ρ[οτ]ριῶντιις</em></strong></span> <span class='ocrx_word' id='word_1_364' title='bbox 653 3595 846 3681; x_wconf 77' lang='grc' dir='ltr'><strong><em>βόσκεσθαι</em></strong></span> <span class='ocrx_word' id='word_1_365' title='bbox 879 3600 912 3658; x_wconf 85' lang='grc' dir='ltr'><strong>έν</strong></span> <span class='ocrx_word' id='word_1_366' title='bbox 943 3605 1013 3669; x_wconf 88' lang='grc' dir='ltr'><strong><em>τοῖς</em></strong></span> <span class='ocrx_word' id='word_1_367' title='bbox 1040 3605 1099 3659; x_wconf 84' lang='grc' dir='ltr'><strong><em>τοῦ</em></strong></span> <span class='ocrx_word' id='word_1_368' title='bbox 1126 3597 1158 3656; x_wconf 92' lang='lat' dir='ltr'><strong>in</strong></span> <span class='ocrx_word' id='word_1_369' title='bbox 1181 3595 1275 3656; x_wconf 78' lang='lat' dir='ltr'><strong>fitndo</strong></span> <span class='ocrx_word' id='word_1_370' title='bbox 1299 3595 1389 3658; x_wconf 89' lang='lat' dir='ltr'><strong>vicini</strong></span> <span class='ocrx_word' id='word_1_371' title='bbox 1411 3603 1442 3655; x_wconf 91' lang='lat' dir='ltr'><strong>et</strong></span> <span class='ocrx_word' id='word_1_372' title='bbox 1464 3592 1603 3673; x_wconf 79' lang='lat' dir='ltr'><strong>colligere</strong></span> <span class='ocrx_word' id='word_1_373' title='bbox 1631 3603 1661 3654; x_wconf 92' lang='lat' dir='ltr'><strong>et</strong></span> <span class='ocrx_word' id='word_1_374' title='bbox 1687 3613 1829 3673; x_wconf 85' lang='lat' dir='ltr'><strong>reponere</strong></span> <span class='ocrx_word' id='word_1_375' title='bbox 1855 3590 1970 3654; x_wconf 68' lang='lat' dir='ltr'><strong>fluctus</strong></span> <span class='ocrx_word' id='word_1_376' title='bbox 1993 3592 2025 3652; x_wconf 90' lang='lat' dir='ltr'><strong>in</strong></span> 
     </span>
     <span class='ocr_line' id='line_1_29' title="bbox 201 3699 2025 3783; baseline -0.003 -18"><span class='ocrx_word' id='word_1_377' title='bbox 201 3703 347 3782; x_wconf 83' lang='grc' dir='ltr'><strong><em>γείτονος</em></strong></span> <span class='ocrx_word' id='word_1_378' title='bbox 373 3700 430 3765; x_wconf 77' lang='grc' dir='ltr'><strong>καὶ</strong></span> <span class='ocrx_word' id='word_1_379' title='bbox 458 3700 497 3765; x_wconf 91' lang='grc' dir='ltr'><strong><em>τδ</em></strong></span> <span class='ocrx_word' id='word_1_380' title='bbox 530 3704 740 3783; x_wconf 75' lang='grc' dir='ltr'><strong><em>συνάγεσάαι</em></strong></span> <span class='ocrx_word' id='word_1_381' title='bbox 773 3702 829 3766; x_wconf 80' lang='grc' dir='ltr'><strong>καί</strong></span> <span class='ocrx_word' id='word_1_382' title='bbox 862 3702 1097 3766; x_wconf 73' lang='grc' dir='ltr'><strong><em>ἀποτίθεσθαι</em></strong></span> <span class='ocrx_word' id='word_1_383' title='bbox 1126 3702 1249 3783; x_wconf 86' lang='lat' dir='ltr'><strong>praedio</strong></span> <span class='ocrx_word' id='word_1_384' title='bbox 1272 3701 1363 3763; x_wconf 87' lang='lat' dir='ltr'><strong>vicini</strong></span> <span class='ocrx_word' id='word_1_385' title='bbox 1386 3710 1417 3761; x_wconf 88' lang='lat' dir='ltr'><strong>et</strong></span> <span class='ocrx_word' id='word_1_386' title='bbox 1437 3700 1572 3781; x_wconf 90' lang='lat' dir='ltr'><strong>accipere</strong></span> <span class='ocrx_word' id='word_1_387' title='bbox 1599 3700 1638 3760; x_wconf 88' lang='lat' dir='ltr'><strong>ad</strong></span> <span class='ocrx_word' id='word_1_388' title='bbox 1662 3701 1766 3762; x_wconf 87' lang='lat' dir='ltr'><strong>vineas</strong></span> <span class='ocrx_word' id='word_1_389' title='bbox 1792 3699 1973 3780; x_wconf 88' lang='lat' dir='ltr'><strong>pedamenta</strong></span> <span class='ocrx_word' id='word_1_390' title='bbox 1995 3709 2025 3760; x_wconf 92' lang='lat' dir='ltr'><strong>et</strong></span> 
     </span>
     <span class='ocr_line' id='line_1_30' title="bbox 201 3805 2025 3894; baseline -0.003 -22"><span class='ocrx_word' id='word_1_391' title='bbox 201 3805 278 3882; x_wconf 86' lang='grc' dir='ltr'><strong><em>τούς</em></strong></span> <span class='ocrx_word' id='word_1_392' title='bbox 304 3805 452 3890; x_wconf 88' lang='grc' dir='ltr'><strong><em>καρποὺς</em></strong></span> <span class='ocrx_word' id='word_1_393' title='bbox 479 3812 523 3883; x_wconf 75' lang='grc' dir='ltr'><strong>είς</strong></span> <span class='ocrx_word' id='word_1_394' title='bbox 549 3806 609 3872; x_wconf 88' lang='grc' dir='ltr'><strong><em>τὸν</em></strong></span> <span class='ocrx_word' id='word_1_395' title='bbox 631 3811 852 3894; x_wconf 91' lang='grc' dir='ltr'><strong><em>ἀγρογείτονα</em></strong></span> <span class='ocrx_word' id='word_1_396' title='bbox 878 3807 936 3873; x_wconf 77' lang='grc' dir='ltr'><strong>καὶ</strong></span> <span class='ocrx_word' id='word_1_397' title='bbox 960 3808 998 3873; x_wconf 89' lang='grc' dir='ltr'><strong><em>τὸ</em></strong></span> <span class='ocrx_word' id='word_1_398' title='bbox 1021 3808 1100 3891; x_wconf 83' lang='grc' dir='ltr'><strong><em>λαμ·</em></strong></span> <span class='ocrx_word' id='word_1_399' title='bbox 1126 3808 1258 3889; x_wconf 83' lang='lat' dir='ltr'><strong>lapidem</strong></span> <span class='ocrx_word' id='word_1_400' title='bbox 1281 3829 1401 3870; x_wconf 87' lang='lat' dir='ltr'><strong>caesum</strong></span> <span class='ocrx_word' id='word_1_401' title='bbox 1424 3827 1462 3868; x_wconf 82' lang='lat' dir='ltr'><strong>ex</strong></span> <span class='ocrx_word' id='word_1_402' title='bbox 1480 3807 1573 3868; x_wconf 85' lang='lat' dir='ltr'><strong>fundo</strong></span> <span class='ocrx_word' id='word_1_403' title='bbox 1588 3828 1654 3868; x_wconf 89' lang='lat' dir='ltr'><strong>meo</strong></span> <span class='ocrx_word' id='word_1_404' title='bbox 1668 3807 1699 3866; x_wconf 87' lang='lat' dir='ltr'><strong>in</strong></span> <span class='ocrx_word' id='word_1_405' title='bbox 1714 3806 1883 3867; x_wconf 85' lang='lat' dir='ltr'><strong>inferiorern</strong></span> <span class='ocrx_word' id='word_1_406' title='bbox 1906 3805 2025 3886; x_wconf 91' lang='lat' dir='ltr'><strong>provol-</strong></span> 
     </span>
     <span class='ocr_line' id='line_1_31' title="bbox 200 3912 2024 4001; baseline -0.002 -24"><span class='ocrx_word' id='word_1_407' title='bbox 200 3914 313 3999; x_wconf 89' lang='grc' dir='ltr'><strong><em>βάνειν</em></strong></span> <span class='ocrx_word' id='word_1_408' title='bbox 336 3919 379 3988; x_wconf 77' lang='grc' dir='ltr'><strong>εἰς</strong></span> <span class='ocrx_word' id='word_1_409' title='bbox 402 3912 463 3989; x_wconf 87' lang='grc' dir='ltr'><strong><em>τάς</em></strong></span> <span class='ocrx_word' id='word_1_410' title='bbox 478 3917 641 3996; x_wconf 82' lang='grc' dir='ltr'><strong><em>ἀμπέλους</em></strong></span> <span class='ocrx_word' id='word_1_411' title='bbox 659 3916 895 4001; x_wconf 78' lang='grc' dir='ltr'><strong><em>ύποράώματα</em></strong></span> <span class='ocrx_word' id='word_1_412' title='bbox 912 3914 969 3980; x_wconf 80' lang='grc' dir='ltr'><strong>καὶ</strong></span> <span class='ocrx_word' id='word_1_413' title='bbox 985 3914 1024 3981; x_wconf 91' lang='grc' dir='ltr'><strong><em>τδ</em></strong></span> <span class='ocrx_word' id='word_1_414' title='bbox 1041 3914 1100 3979; x_wconf 88' lang='grc' dir='ltr'><strong><em>τὸν</em></strong></span> <span class='ocrx_word' id='word_1_415' title='bbox 1127 3936 1196 3978; x_wconf 89' lang='lat' dir='ltr'><strong>vere</strong></span> <span class='ocrx_word' id='word_1_416' title='bbox 1220 3915 1320 3995; x_wconf 89' lang='lat' dir='ltr'><strong>ibique</strong></span> <span class='ocrx_word' id='word_1_417' title='bbox 1342 3914 1452 3976; x_wconf 88' lang='lat' dir='ltr'><strong>habere</strong></span> <span class='ocrx_word' id='word_1_418' title='bbox 1473 3913 1601 3994; x_wconf 90' lang='lat' dir='ltr'><strong>indeque</strong></span> <span class='ocrx_word' id='word_1_419' title='bbox 1623 3923 1789 3994; x_wconf 82' lang='lat' dir='ltr'><strong>exportare.</strong></span> <span class='ocrx_word' id='word_1_420' title='bbox 1944 3913 1979 3974; x_wconf 85' lang='lat' dir='ltr'><strong>fr.</strong></span> <span class='ocrx_word' id='word_1_421' title='bbox 1996 3916 2024 3975; x_wconf 84' lang='lat'><strong>3.</strong></span> 
     </span>
     <span class='ocr_line' id='line_1_32' title="bbox 202 4022 1099 4106; baseline 0.001 -22"><span class='ocrx_word' id='word_1_422' title='bbox 202 4023 395 4103; x_wconf 89' lang='grc' dir='ltr'><strong><em>τεμνόμενον</em></strong></span> <span class='ocrx_word' id='word_1_423' title='bbox 422 4022 524 4085; x_wconf 75' lang='grc' dir='ltr'><strong><em>λίθον</em></strong></span> <span class='ocrx_word' id='word_1_424' title='bbox 550 4027 586 4086; x_wconf 87' lang='grc' dir='ltr'><strong>έκ</strong></span> <span class='ocrx_word' id='word_1_425' title='bbox 610 4033 670 4087; x_wconf 85' lang='grc' dir='ltr'><strong><em>τοῦ</em></strong></span> <span class='ocrx_word' id='word_1_426' title='bbox 696 4025 804 4106; x_wconf 83' lang='grc' dir='ltr'><strong><em>ἀγροῦ</em></strong></span> <span class='ocrx_word' id='word_1_427' title='bbox 829 4046 893 4106; x_wconf 91' lang='grc' dir='ltr'><strong>μου</strong></span> <span class='ocrx_word' id='word_1_428' title='bbox 914 4024 1034 4087; x_wconf 88' lang='grc' dir='ltr'><strong><em>κυλιεῖν</em></strong></span> <span class='ocrx_word' id='word_1_429' title='bbox 1056 4027 1099 4097; x_wconf 77' lang='grc' dir='ltr'><strong>είς</strong></span> 
     </span>
     <span class='ocr_line' id='line_1_33' title="bbox 202 4125 1099 4216; baseline 0.002 -25"><span class='ocrx_word' id='word_1_430' title='bbox 202 4125 261 4191; x_wconf 88' lang='grc' dir='ltr'><strong><em>τόν</em></strong></span> <span class='ocrx_word' id='word_1_431' title='bbox 288 4129 498 4212; x_wconf 84' lang='grc' dir='ltr'><strong><em>ὑποκείμενον</em></strong></span> <span class='ocrx_word' id='word_1_432' title='bbox 524 4129 581 4194; x_wconf 83' lang='grc' dir='ltr'><strong>καὶ</strong></span> <span class='ocrx_word' id='word_1_433' title='bbox 604 4135 686 4208; x_wconf 81' lang='grc' dir='ltr'><strong><em>έγειν</em></strong></span> <span class='ocrx_word' id='word_1_434' title='bbox 709 4128 812 4194; x_wconf 76' lang='grc' dir='ltr'><strong><em>αὐτόν</em></strong></span> <span class='ocrx_word' id='word_1_435' title='bbox 840 4136 906 4194; x_wconf 87' lang='grc' dir='ltr'><strong><em>έκεῖ</em></strong></span> <span class='ocrx_word' id='word_1_436' title='bbox 927 4129 985 4195; x_wconf 80' lang='grc' dir='ltr'><strong>καὶ</strong></span> <span class='ocrx_word' id='word_1_437' title='bbox 1008 4134 1099 4216; x_wconf 75' lang='grc' dir='ltr'><strong><em>έκιμέ-</em></strong></span> 
     </span>
     <span class='ocr_line' id='line_1_34' title="bbox 205 4238 1099 4319; baseline 0.002 -22"><span class='ocrx_word' id='word_1_438' title='bbox 205 4257 284 4319; x_wconf 85' lang='grc' dir='ltr'><strong><em>ρειν;</em></strong></span> <span class='ocrx_word' id='word_1_439' title='bbox 301 4274 343 4282; x_wconf 88' lang='grc'><strong>-</strong></span> <span class='ocrx_word' id='word_1_440' title='bbox 1019 4238 1055 4299; x_wconf 85' lang='lat' dir='ltr'><strong>fr.</strong></span> <span class='ocrx_word' id='word_1_441' title='bbox 1072 4240 1099 4300; x_wconf 89' lang='grc'><strong>3.</strong></span> 
     </span>
     <span class='ocr_line' id='line_1_35' title="bbox 140 4340 2025 4429; baseline -0.003 -23"><span class='ocrx_word' id='word_1_442' title='bbox 140 4350 167 4402; x_wconf 48' lang='lat' dir='ltr'><strong>W.</strong></span> <span class='ocrx_word' id='word_1_443' title='bbox 267 4342 299 4406; x_wconf 86' lang='lat' dir='ltr'><strong>‘O</strong></span> <span class='ocrx_word' id='word_1_444' title='bbox 308 4342 610 4425; x_wconf 76' lang='grc' dir='ltr'><strong><em>λεκτικίῳὴσελλίῳ</em></strong></span> <span class='ocrx_word' id='word_1_445' title='bbox 625 4343 872 4428; x_wconf 88' lang='grc' dir='ltr'><strong><em>βασταζόμενος</em></strong></span> <span class='ocrx_word' id='word_1_446' title='bbox 882 4348 1032 4429; x_wconf 82' lang='grc' dir='ltr'><strong><em>παριέναι</em></strong></span> <span class='ocrx_word' id='word_1_447' title='bbox 1044 4352 1100 4407; x_wconf 78' lang='grc' dir='ltr'><strong>καὶ</strong></span> <span class='ocrx_word' id='word_1_448' title='bbox 1195 4342 1258 4421; x_wconf 75' lang='lat' dir='ltr'><strong>Qui</strong></span> <span class='ocrx_word' id='word_1_449' title='bbox 1280 4342 1386 4404; x_wconf 89' lang='lat' dir='ltr'><strong>lectica</strong></span> <span class='ocrx_word' id='word_1_450' title='bbox 1412 4343 1461 4405; x_wconf 92' lang='lat' dir='ltr'><strong>vel</strong></span> <span class='ocrx_word' id='word_1_451' title='bbox 1484 4341 1559 4404; x_wconf 89' lang='lat' dir='ltr'><strong>sella</strong></span> <span class='ocrx_word' id='word_1_452' title='bbox 1581 4342 1676 4403; x_wconf 83' lang='lat' dir='ltr'><strong>fertur</strong></span> <span class='ocrx_word' id='word_1_453' title='bbox 1697 4341 1740 4401; x_wconf 90' lang='lat' dir='ltr'><strong>ire</strong></span> <span class='ocrx_word' id='word_1_454' title='bbox 1762 4361 1822 4401; x_wconf 92' lang='lat' dir='ltr'><strong>non</strong></span> <span class='ocrx_word' id='word_1_455' title='bbox 1846 4361 1931 4420; x_wconf 87' lang='lat' dir='ltr'><strong>agere</strong></span> <span class='ocrx_word' id='word_1_456' title='bbox 1955 4340 2025 4400; x_wconf 90' lang='lat' dir='ltr'><strong>dici·</strong></span> 
     </span>
     <span class='ocr_line' id='line_1_36' title="bbox 204 4448 2025 4533; baseline -0.002 -23"><span class='ocrx_word' id='word_1_457' title='bbox 204 4451 264 4513; x_wconf 87' lang='grc' dir='ltr'><strong>ούκ</strong></span> <span class='ocrx_word' id='word_1_458' title='bbox 286 4449 430 4512; x_wconf 89' lang='grc' dir='ltr'><strong><em>έλαύνειυ</em></strong></span> <span class='ocrx_word' id='word_1_459' title='bbox 451 4450 591 4532; x_wconf 81' lang='grc' dir='ltr'><strong><em>λέγεται·</em></strong></span> <span class='ocrx_word' id='word_1_460' title='bbox 615 4452 634 4514; x_wconf 84' lang='grc' dir='ltr'><strong><em>ὁ</em></strong></span> <span class='ocrx_word' id='word_1_461' title='bbox 658 4450 691 4514; x_wconf 79' lang='grc' dir='ltr'><strong>δὲ</strong></span> <span class='ocrx_word' id='word_1_462' title='bbox 713 4452 817 4532; x_wconf 91' lang='grc' dir='ltr'><strong><em>μόνον</em></strong></span> <span class='ocrx_word' id='word_1_463' title='bbox 839 4449 878 4515; x_wconf 87' lang='grc' dir='ltr'><strong><em>τὸ</em></strong></span> <span class='ocrx_word' id='word_1_464' title='bbox 898 4451 1102 4533; x_wconf 87' lang='grc' dir='ltr'><strong><em>μονοπάτιον</em></strong></span> <span class='ocrx_word' id='word_1_465' title='bbox 1129 4460 1191 4512; x_wconf 90' lang='lat' dir='ltr'><strong>tur:</strong></span> <span class='ocrx_word' id='word_1_466' title='bbox 1223 4451 1275 4530; x_wconf 89' lang='lat' dir='ltr'><strong>qui</strong></span> <span class='ocrx_word' id='word_1_467' title='bbox 1307 4450 1363 4511; x_wconf 89' lang='lat' dir='ltr'><strong>iter</strong></span> <span class='ocrx_word' id='word_1_468' title='bbox 1389 4456 1507 4510; x_wconf 91' lang='lat' dir='ltr'><strong>tantum</strong></span> <span class='ocrx_word' id='word_1_469' title='bbox 1534 4448 1627 4510; x_wconf 83' lang='lat' dir='ltr'><strong>habet</strong></span> <span class='ocrx_word' id='word_1_470' title='bbox 1652 4450 1818 4509; x_wconf 89' lang='lat' dir='ltr'><strong>iumentum</strong></span> <span class='ocrx_word' id='word_1_471' title='bbox 1847 4467 1935 4525; x_wconf 82' lang='lat' dir='ltr'><strong>agere</strong></span> <span class='ocrx_word' id='word_1_472' title='bbox 1965 4467 2025 4507; x_wconf 94' lang='lat' dir='ltr'><strong>non</strong></span> 
     </span>
     <span class='ocr_line' id='line_1_37' title="bbox 202 4554 2025 4639; baseline -0.002 -21"><span class='ocrx_word' id='word_1_473' title='bbox 202 4561 286 4634; x_wconf 84' lang='grc' dir='ltr'><strong><em>έχων</em></strong></span> <span class='ocrx_word' id='word_1_474' title='bbox 307 4555 482 4638; x_wconf 90' lang='grc' dir='ltr'><strong><em>ύποζύγιον</em></strong></span> <span class='ocrx_word' id='word_1_475' title='bbox 500 4556 644 4621; x_wconf 76' lang='grc' dir='ltr'><strong><em>ἐλαύνειν</em></strong></span> <span class='ocrx_word' id='word_1_476' title='bbox 665 4558 704 4620; x_wconf 89' lang='grc' dir='ltr'><strong>ού</strong></span> <span class='ocrx_word' id='word_1_477' title='bbox 724 4556 876 4621; x_wconf 89' lang='grc' dir='ltr'><strong><em>δύναται·</em></strong></span> <span class='ocrx_word' id='word_1_478' title='bbox 896 4559 915 4621; x_wconf 86' lang='grc' dir='ltr'><strong><em>ό</em></strong></span> <span class='ocrx_word' id='word_1_479' title='bbox 936 4560 1019 4635; x_wconf 78' lang='grc' dir='ltr'><strong><em>ἔχων</em></strong></span> <span class='ocrx_word' id='word_1_480' title='bbox 1042 4556 1101 4634; x_wconf 80' lang='grc' dir='ltr'><strong><em>τὴν</em></strong></span> <span class='ocrx_word' id='word_1_481' title='bbox 1127 4567 1239 4639; x_wconf 88' lang='lat' dir='ltr'><strong>potest:</strong></span> <span class='ocrx_word' id='word_1_482' title='bbox 1255 4558 1307 4637; x_wconf 89' lang='lat' dir='ltr'><strong>qui</strong></span> <span class='ocrx_word' id='word_1_483' title='bbox 1323 4566 1422 4618; x_wconf 89' lang='lat' dir='ltr'><strong>actum</strong></span> <span class='ocrx_word' id='word_1_484' title='bbox 1439 4555 1531 4617; x_wconf 87' lang='lat' dir='ltr'><strong>habet</strong></span> <span class='ocrx_word' id='word_1_485' title='bbox 1546 4566 1576 4617; x_wconf 89' lang='lat' dir='ltr'><strong>et</strong></span> <span class='ocrx_word' id='word_1_486' title='bbox 1590 4556 1739 4635; x_wconf 90' lang='lat' dir='ltr'><strong>plostrum</strong></span> <span class='ocrx_word' id='word_1_487' title='bbox 1754 4554 1862 4615; x_wconf 88' lang='lat' dir='ltr'><strong>ducere</strong></span> <span class='ocrx_word' id='word_1_488' title='bbox 1881 4562 2025 4634; x_wconf 87' lang='lat' dir='ltr'><strong>potestat</strong></span> 
     </span>
     <span class='ocr_line' id='line_1_38' title="bbox 203 4660 2025 4749; baseline -0.003 -23"><span class='ocrx_word' id='word_1_489' title='bbox 203 4663 353 4748; x_wconf 88' lang='grc' dir='ltr'><strong><em>πάροδον</em></strong></span> <span class='ocrx_word' id='word_1_490' title='bbox 379 4662 436 4727; x_wconf 79' lang='grc' dir='ltr'><strong>καί</strong></span> <span class='ocrx_word' id='word_1_491' title='bbox 465 4662 625 4749; x_wconf 76' lang='grc' dir='ltr'><strong><em>[ἀμαξαν]</em></strong></span> <span class='ocrx_word' id='word_1_492' title='bbox 647 4664 749 4727; x_wconf 81' lang='grc' dir='ltr'><strong><em>έλκειν</em></strong></span> <span class='ocrx_word' id='word_1_493' title='bbox 776 4663 915 4727; x_wconf 87' lang='grc' dir='ltr'><strong><em>δύναται</em></strong></span> <span class='ocrx_word' id='word_1_494' title='bbox 938 4664 995 4728; x_wconf 81' lang='grc' dir='ltr'><strong>καὶ</strong></span> <span class='ocrx_word' id='word_1_495' title='bbox 1024 4665 1098 4727; x_wconf 90' lang='grc' dir='ltr'><strong><em>ύπο-</em></strong></span> <span class='ocrx_word' id='word_1_496' title='bbox 1128 4665 1293 4726; x_wconf 91' lang='lat' dir='ltr'><strong>iumentum</strong></span> <span class='ocrx_word' id='word_1_497' title='bbox 1321 4682 1421 4741; x_wconf 84' lang='lat' dir='ltr'><strong>agere:</strong></span> <span class='ocrx_word' id='word_1_498' title='bbox 1454 4682 1540 4724; x_wconf 90' lang='lat' dir='ltr'><strong>nemo</strong></span> <span class='ocrx_word' id='word_1_499' title='bbox 1571 4663 1651 4723; x_wconf 89' lang='lat' dir='ltr'><strong>enim</strong></span> <span class='ocrx_word' id='word_1_500' title='bbox 1679 4682 1780 4723; x_wconf 88' lang='lat' dir='ltr'><strong>eorum</strong></span> <span class='ocrx_word' id='word_1_501' title='bbox 1813 4660 1943 4741; x_wconf 83' lang='lat' dir='ltr'><strong>lapidem</strong></span> <span class='ocrx_word' id='word_1_502' title='bbox 1971 4680 2025 4721; x_wconf 91' lang='lat' dir='ltr'><strong>seu</strong></span> 
     </span>
     <span class='ocr_line' id='line_1_39' title="bbox 202 4766 2024 4853; baseline -0.003 -20"><span class='ocrx_word' id='word_1_503' title='bbox 202 4769 313 4851; x_wconf 86' lang='grc' dir='ltr'><strong><em>ζύγιον</em></strong></span> <span class='ocrx_word' id='word_1_504' title='bbox 336 4769 492 4833; x_wconf 78' lang='grc' dir='ltr'><strong><em>ἐλαύνειν·</em></strong></span> <span class='ocrx_word' id='word_1_505' title='bbox 516 4769 621 4845; x_wconf 77' lang='grc' dir='ltr'><strong><em>οὐδεὶς</em></strong></span> <span class='ocrx_word' id='word_1_506' title='bbox 644 4770 678 4834; x_wconf 82' lang='grc' dir='ltr'><strong>δέ</strong></span> <span class='ocrx_word' id='word_1_507' title='bbox 701 4772 812 4834; x_wconf 79' lang='grc' dir='ltr'><strong><em>αὐτῶν</em></strong></span> <span class='ocrx_word' id='word_1_508' title='bbox 834 4772 937 4837; x_wconf 77' lang='grc' dir='ltr'><strong><em>λίθον</em></strong></span> <span class='ocrx_word' id='word_1_509' title='bbox 960 4770 979 4849; x_wconf 77' lang='grc' dir='ltr'>ἢ</span> <span class='ocrx_word' id='word_1_510' title='bbox 1002 4770 1100 4853; x_wconf 85' lang='grc' dir='ltr'><strong><em>ξύλον</em></strong></span> <span class='ocrx_word' id='word_1_511' title='bbox 1127 4773 1244 4852; x_wconf 82' lang='lat' dir='ltr'><strong>tignum</strong></span> <span class='ocrx_word' id='word_1_512' title='bbox 1275 4771 1401 4844; x_wconf 87' lang='lat' dir='ltr'><strong>trahere,</strong></span> <span class='ocrx_word' id='word_1_513' title='bbox 1434 4771 1591 4831; x_wconf 80' lang='lat' dir='ltr'><strong>hostemve</strong></span> <span class='ocrx_word' id='word_1_514' title='bbox 1629 4768 1704 4829; x_wconf 82' lang='lat' dir='ltr'><strong>ferre</strong></span> <span class='ocrx_word' id='word_1_515' title='bbox 1739 4777 1853 4829; x_wconf 88' lang='lat' dir='ltr'><strong>rectam</strong></span> <span class='ocrx_word' id='word_1_516' title='bbox 1887 4766 2024 4849; x_wconf 85' lang='lat' dir='ltr'><strong>[potest]:</strong></span> 
     </span>
     <span class='ocr_line' id='line_1_40' title="bbox 202 4873 2025 4964; baseline -0.003 -24"><span class='ocrx_word' id='word_1_517' title='bbox 202 4877 304 4940; x_wconf 82' lang='grc' dir='ltr'><strong><em>έλκειν</em></strong></span> <span class='ocrx_word' id='word_1_518' title='bbox 330 4877 405 4940; x_wconf 78' lang='lat' dir='ltr'><strong>odra</strong></span> <span class='ocrx_word' id='word_1_519' title='bbox 433 4875 472 4941; x_wconf 87' lang='grc' dir='ltr'><strong><em>τὸ</em></strong></span> <span class='ocrx_word' id='word_1_520' title='bbox 501 4877 583 4961; x_wconf 90' lang='grc' dir='ltr'><strong><em>δόρυ</em></strong></span> <span class='ocrx_word' id='word_1_521' title='bbox 604 4878 785 4962; x_wconf 80' lang='grc' dir='ltr'><strong><em>βαστάζειν</em></strong></span> <span class='ocrx_word' id='word_1_522' title='bbox 810 4875 935 4962; x_wconf 80' lang='grc' dir='ltr'><strong><em>ὀρθὸν,</em></strong></span> <span class='ocrx_word' id='word_1_523' title='bbox 962 4878 1098 4964; x_wconf 89' lang='grc' dir='ltr'><strong><em>βλάπτει</em></strong></span> <span class='ocrx_word' id='word_1_524' title='bbox 1127 4879 1244 4940; x_wconf 86' lang='lat' dir='ltr'><strong>fructus</strong></span> <span class='ocrx_word' id='word_1_525' title='bbox 1266 4878 1346 4939; x_wconf 91' lang='lat' dir='ltr'><strong>enim</strong></span> <span class='ocrx_word' id='word_1_526' title='bbox 1369 4877 1470 4939; x_wconf 86' lang='lat' dir='ltr'><strong>laedit</strong></span> <span class='ocrx_word' id='word_1_527' title='bbox 1893 4873 1928 4935; x_wconf 86' lang='lat' dir='ltr'><strong>fr.</strong></span> <span class='ocrx_word' id='word_1_528' title='bbox 1946 4878 1963 4936; x_wconf 87' lang='lat'><strong>7</strong></span> <span class='ocrx_word' id='word_1_529' title='bbox 1980 4894 2025 4954; x_wconf 87' lang='lat' dir='ltr'><strong>pr.</strong></span> 
     </span>
     <span class='ocr_line' id='line_1_41' title="bbox 202 4980 1099 5069; baseline -0.001 -22"><span class='ocrx_word' id='word_1_530' title='bbox 202 4981 267 5067; x_wconf 88' lang='grc' dir='ltr'><strong>γάρ</strong></span> <span class='ocrx_word' id='word_1_531' title='bbox 292 4981 369 5058; x_wconf 86' lang='grc' dir='ltr'><strong><em>τούς</em></strong></span> <span class='ocrx_word' id='word_1_532' title='bbox 391 4980 553 5069; x_wconf 86' lang='grc' dir='ltr'><strong><em>καρπούς;</em></strong></span> <span class='ocrx_word' id='word_1_533' title='bbox 571 5023 612 5032; x_wconf 89' lang='grc'><strong>-</strong></span> <span class='ocrx_word' id='word_1_534' title='bbox 967 4985 1003 5047; x_wconf 85' lang='lat' dir='ltr'><strong>fr.</strong></span> <span class='ocrx_word' id='word_1_535' title='bbox 1022 4989 1038 5047; x_wconf 91' lang='lat'><strong>7</strong></span> <span class='ocrx_word' id='word_1_536' title='bbox 1056 5007 1099 5066; x_wconf 89' lang='lat' dir='ltr'><strong>pr.</strong></span> 
     </span>
    </p>

    <p class='ocr_par' dir='ltr' id='par_1_6' title="bbox 202 5087 2105 5388">
     <span class='ocr_line' id='line_1_42' title="bbox 265 5087 2105 5175; baseline -0.004 -21"><span class='ocrx_word' id='word_1_537' title='bbox 265 5089 356 5165; x_wconf 86' lang='grc' dir='ltr'><strong><em>Ὁδὸς</em></strong></span> <span class='ocrx_word' id='word_1_538' title='bbox 379 5090 517 5155; x_wconf 84' lang='grc' dir='ltr'><strong><em>πλατεῖά</em></strong></span> <span class='ocrx_word' id='word_1_539' title='bbox 540 5097 629 5154; x_wconf 88' lang='grc' dir='ltr'><strong><em>έστιν</em></strong></span> <span class='ocrx_word' id='word_1_540' title='bbox 652 5090 690 5155; x_wconf 89' lang='grc' dir='ltr'><strong><em>τδ</em></strong></span> <span class='ocrx_word' id='word_1_541' title='bbox 715 5095 866 5175; x_wconf 89' lang='grc' dir='ltr'><strong><em>παριέναι</em></strong></span> <span class='ocrx_word' id='word_1_542' title='bbox 886 5091 942 5155; x_wconf 78' lang='grc' dir='ltr'><strong>καί</strong></span> <span class='ocrx_word' id='word_1_543' title='bbox 958 5089 1101 5154; x_wconf 87' lang='grc' dir='ltr'><strong><em>έλαύνειν</em></strong></span> <span class='ocrx_word' id='word_1_544' title='bbox 1193 5091 1257 5153; x_wconf 83' lang='lat' dir='ltr'><strong>Via</strong></span> <span class='ocrx_word' id='word_1_545' title='bbox 1283 5100 1331 5152; x_wconf 88' lang='lat' dir='ltr'><strong>est</strong></span> <span class='ocrx_word' id='word_1_546' title='bbox 1360 5092 1432 5173; x_wconf 90' lang='lat' dir='ltr'><strong>[ius]</strong></span> <span class='ocrx_word' id='word_1_547' title='bbox 1461 5090 1553 5151; x_wconf 87' lang='lat' dir='ltr'><strong>eundi</strong></span> <span class='ocrx_word' id='word_1_548' title='bbox 1580 5097 1611 5151; x_wconf 90' lang='lat' dir='ltr'><strong>et</strong></span> <span class='ocrx_word' id='word_1_549' title='bbox 1638 5088 1748 5168; x_wconf 83' lang='lat' dir='ltr'><strong>agendi</strong></span> <span class='ocrx_word' id='word_1_550' title='bbox 1776 5098 1806 5149; x_wconf 89' lang='lat' dir='ltr'><strong>et</strong></span> <span class='ocrx_word' id='word_1_551' title='bbox 1838 5087 1965 5149; x_wconf 90' lang='lat' dir='ltr'><strong>ducendi</strong></span> <span class='ocrx_word' id='word_1_552' title='bbox 1997 5095 2028 5148; x_wconf 89' lang='lat' dir='ltr'><strong>et</strong></span> <span class='ocrx_word' id='word_1_553' title='bbox 2103 5113 2105 5117; x_wconf 48' lang='lat'><em>⁷</em></span> 
     </span>
     <span class='ocr_line' id='line_1_43' title="bbox 202 5190 2027 5283; baseline -0.003 -22"><span class='ocrx_word' id='word_1_554' title='bbox 202 5196 259 5261; x_wconf 79' lang='grc' dir='ltr'><strong>καί</strong></span> <span class='ocrx_word' id='word_1_555' title='bbox 287 5196 325 5260; x_wconf 85' lang='grc' dir='ltr'><strong><em>τό</em></strong></span> <span class='ocrx_word' id='word_1_556' title='bbox 349 5190 450 5260; x_wconf 76' lang='grc' dir='ltr'><strong><em>ἕλκειν</em></strong></span> <span class='ocrx_word' id='word_1_557' title='bbox 472 5196 528 5261; x_wconf 78' lang='grc' dir='ltr'><strong>καί</strong></span> <span class='ocrx_word' id='word_1_558' title='bbox 552 5196 591 5261; x_wconf 88' lang='grc' dir='ltr'><strong><em>τὸ</em></strong></span> <span class='ocrx_word' id='word_1_559' title='bbox 615 5198 697 5283; x_wconf 90' lang='grc' dir='ltr'><strong><em>δόρυ</em></strong></span> <span class='ocrx_word' id='word_1_560' title='bbox 717 5197 898 5283; x_wconf 83' lang='grc' dir='ltr'><strong><em>βαστάζειν</em></strong></span> <span class='ocrx_word' id='word_1_561' title='bbox 920 5196 1046 5282; x_wconf 71' lang='lat' dir='ltr'><strong>doddo,</strong></span> <span class='ocrx_word' id='word_1_562' title='bbox 1074 5202 1100 5260; x_wconf 86' lang='lat' dir='ltr'><strong>sl</strong></span> <span class='ocrx_word' id='word_1_563' title='bbox 1127 5199 1247 5261; x_wconf 78' lang='lat' dir='ltr'><strong>hastam</strong></span> <span class='ocrx_word' id='word_1_564' title='bbox 1274 5198 1387 5260; x_wconf 86' lang='lat' dir='ltr'><strong>ferendi</strong></span> <span class='ocrx_word' id='word_1_565' title='bbox 1414 5206 1538 5270; x_wconf 85' lang='lat' dir='ltr'><strong>rectam,</strong></span> <span class='ocrx_word' id='word_1_566' title='bbox 1566 5195 1702 5256; x_wconf 90' lang='lat' dir='ltr'><strong>simodo</strong></span> <span class='ocrx_word' id='word_1_567' title='bbox 1735 5194 1850 5256; x_wconf 83' lang='lat' dir='ltr'><strong>fructus</strong></span> <span class='ocrx_word' id='word_1_568' title='bbox 1880 5215 1941 5255; x_wconf 92' lang='lat' dir='ltr'><strong>non</strong></span> <span class='ocrx_word' id='word_1_569' title='bbox 1967 5193 2027 5255; x_wconf 85' lang='lat' dir='ltr'><strong>lae·</strong></span> 
     </span>
     <span class='ocr_line' id='line_1_44' title="bbox 203 5301 2026 5388; baseline -0.003 -21"><span class='ocrx_word' id='word_1_570' title='bbox 203 5303 244 5386; x_wconf 80' lang='grc' dir='ltr'><strong>μὴ</strong></span> <span class='ocrx_word' id='word_1_571' title='bbox 269 5307 301 5367; x_wconf 84' lang='grc' dir='ltr'><strong>οἱ</strong></span> <span class='ocrx_word' id='word_1_572' title='bbox 322 5303 447 5388; x_wconf 80' lang='grc' dir='ltr'><strong><em>καρποὶ</em></strong></span> <span class='ocrx_word' id='word_1_573' title='bbox 469 5304 696 5388; x_wconf 76' lang='grc' dir='ltr'><strong><em>βλάπτισνττιιε</em></strong></span> <span class='ocrx_word' id='word_1_574' title='bbox 713 5342 755 5352; x_wconf 91' lang='grc'>-</span> <span class='ocrx_word' id='word_1_575' title='bbox 967 5306 1003 5368; x_wconf 87' lang='lat' dir='ltr'><strong>fr.</strong></span> <span class='ocrx_word' id='word_1_576' title='bbox 1022 5311 1038 5368; x_wconf 88' lang='lat'><strong>7</strong></span> <span class='ocrx_word' id='word_1_577' title='bbox 1056 5328 1099 5387; x_wconf 89' lang='lat' dir='ltr'><strong>pr.</strong></span> <span class='ocrx_word' id='word_1_578' title='bbox 1128 5307 1247 5367; x_wconf 87' lang='lat' dir='ltr'><strong>dantur.</strong></span> <span class='ocrx_word' id='word_1_579' title='bbox 1895 5301 1930 5361; x_wconf 84' lang='lat' dir='ltr'><strong>fr.</strong></span> <span class='ocrx_word' id='word_1_580' title='bbox 1948 5304 1965 5361; x_wconf 93' lang='lat'><strong>7</strong></span> <span class='ocrx_word' id='word_1_581' title='bbox 1982 5322 2026 5381; x_wconf 86' lang='lat' dir='ltr'><strong>pr.</strong></span> 
     </span>
    </p>

    <p class='ocr_par' dir='ltr' id='par_1_7' title="bbox 153 5409 2026 5820">
     <span class='ocr_line' id='line_1_45' title="bbox 274 5409 2025 5496; baseline -0.003 -23"><span class='ocrx_word' id='word_1_582' title='bbox 274 5412 355 5484; x_wconf 86' lang='grc' dir='ltr'><strong><em>Ταῖς</em></strong></span> <span class='ocrx_word' id='word_1_583' title='bbox 377 5413 585 5495; x_wconf 87' lang='grc' dir='ltr'><strong><em>ἀγροικικαῖς</em></strong></span> <span class='ocrx_word' id='word_1_584' title='bbox 607 5411 767 5486; x_wconf 90' lang='grc' dir='ltr'><strong><em>δουλείαις</em></strong></span> <span class='ocrx_word' id='word_1_585' title='bbox 782 5411 941 5494; x_wconf 75' lang='grc' dir='ltr'><strong><em>ἐμποδίζει</em></strong></span> <span class='ocrx_word' id='word_1_586' title='bbox 959 5414 977 5474; x_wconf 90' lang='grc' dir='ltr'><strong><em>ό</em></strong></span> <span class='ocrx_word' id='word_1_587' title='bbox 998 5410 1101 5496; x_wconf 87' lang='grc' dir='ltr'><strong><em>ἀγρός</em></strong></span> <span class='ocrx_word' id='word_1_588' title='bbox 1195 5413 1386 5474; x_wconf 87' lang='lat' dir='ltr'><strong>Rustioorum</strong></span> <span class='ocrx_word' id='word_1_589' title='bbox 1409 5410 1600 5491; x_wconf 86' lang='lat' dir='ltr'><strong>praediorum</strong></span> <span class='ocrx_word' id='word_1_590' title='bbox 1616 5409 1811 5471; x_wconf 88' lang='lat' dir='ltr'><strong>servitutibus</strong></span> <span class='ocrx_word' id='word_1_591' title='bbox 1827 5409 1928 5470; x_wconf 89' lang='lat' dir='ltr'><strong>obstat</strong></span> <span class='ocrx_word' id='word_1_592' title='bbox 1941 5427 2025 5489; x_wconf 85' lang='lat' dir='ltr'><strong>prae·</strong></span> 
     </span>
     <span class='ocr_line' id='line_1_46' title="bbox 203 5514 2026 5602; baseline -0.003 -22"><span class='ocrx_word' id='word_1_593' title='bbox 203 5517 464 5602; x_wconf 86' lang='grc' dir='ltr'><strong><em>μεσολαμβιίνοιν</em></strong></span> <span class='ocrx_word' id='word_1_594' title='bbox 486 5517 542 5582; x_wconf 80' lang='grc' dir='ltr'><strong>καί</strong></span> <span class='ocrx_word' id='word_1_595' title='bbox 565 5518 608 5602; x_wconf 83' lang='grc' dir='ltr'><strong>μὴ</strong></span> <span class='ocrx_word' id='word_1_596' title='bbox 632 5518 805 5582; x_wconf 76' lang='grc' dir='ltr'><strong><em>δουλεύωνε</em></strong></span> <span class='ocrx_word' id='word_1_597' title='bbox 822 5557 863 5566; x_wconf 91' lang='grc'>-</span> <span class='ocrx_word' id='word_1_598' title='bbox 940 5521 975 5582; x_wconf 83' lang='lat' dir='ltr'><strong>fr.</strong></span> <span class='ocrx_word' id='word_1_599' title='bbox 994 5524 1021 5582; x_wconf 90' lang='lat'><strong>7.</strong></span> <span class='ocrx_word' id='word_1_600' title='bbox 1038 5528 1054 5598; x_wconf 64' lang='grc' dir='ltr'><strong>ξ</strong></span> <span class='ocrx_word' id='word_1_601' title='bbox 1074 5525 1100 5582; x_wconf 85' lang='grc'><strong>1.</strong></span> <span class='ocrx_word' id='word_1_602' title='bbox 1129 5520 1212 5581; x_wconf 89' lang='lat' dir='ltr'><strong>dium</strong></span> <span class='ocrx_word' id='word_1_603' title='bbox 1235 5520 1268 5580; x_wconf 93' lang='lat' dir='ltr'><strong>in</strong></span> <span class='ocrx_word' id='word_1_604' title='bbox 1290 5519 1388 5579; x_wconf 88' lang='lat' dir='ltr'><strong>medio</strong></span> <span class='ocrx_word' id='word_1_605' title='bbox 1411 5519 1511 5579; x_wconf 87' lang='lat' dir='ltr'><strong>iacens</strong></span> <span class='ocrx_word' id='word_1_606' title='bbox 1534 5526 1565 5578; x_wconf 87' lang='lat' dir='ltr'><strong>et</strong></span> <span class='ocrx_word' id='word_1_607' title='bbox 1586 5536 1646 5577; x_wconf 94' lang='lat' dir='ltr'><strong>non</strong></span> <span class='ocrx_word' id='word_1_608' title='bbox 1669 5517 1809 5577; x_wconf 91' lang='lat' dir='ltr'><strong>serviens.</strong></span> <span class='ocrx_word' id='word_1_609' title='bbox 1865 5514 1900 5577; x_wconf 79' lang='lat' dir='ltr'><strong>fr.</strong></span> <span class='ocrx_word' id='word_1_610' title='bbox 1919 5518 1946 5576; x_wconf 82' lang='lat'><strong>7.</strong></span> <span class='ocrx_word' id='word_1_611' title='bbox 1963 5522 1979 5592; x_wconf 65' lang='grc' dir='ltr'><strong>ξ</strong></span> <span class='ocrx_word' id='word_1_612' title='bbox 1999 5516 2026 5575; x_wconf 93' lang='grc'><strong>1.</strong></span> 
     </span>
     <span class='ocr_line' id='line_1_47' title="bbox 153 5621 2026 5712; baseline -0.003 -25"><span class='ocrx_word' id='word_1_613' title='bbox 153 5629 167 5683; x_wconf 92' lang='grc'><strong>’.</strong></span> <span class='ocrx_word' id='word_1_614' title='bbox 273 5621 372 5688; x_wconf 91' lang='grc' dir='ltr'><strong>Κατά</strong></span> <span class='ocrx_word' id='word_1_615' title='bbox 394 5625 496 5705; x_wconf 92' lang='grc' dir='ltr'><strong><em>νόμον</em></strong></span> <span class='ocrx_word' id='word_1_616' title='bbox 522 5628 542 5702; x_wconf 76' lang='grc' dir='ltr'><em>ἡ</em></span> <span class='ocrx_word' id='word_1_617' title='bbox 570 5627 708 5690; x_wconf 87' lang='grc' dir='ltr'><strong><em>πλατεῖα</em></strong></span> <span class='ocrx_word' id='word_1_618' title='bbox 736 5625 813 5701; x_wconf 85' lang='grc' dir='ltr'><strong><em>ὁδὸς</em></strong></span> <span class='ocrx_word' id='word_1_619' title='bbox 839 5633 883 5702; x_wconf 82' lang='grc' dir='ltr'><strong>εἰς</strong></span> <span class='ocrx_word' id='word_1_620' title='bbox 910 5628 967 5710; x_wconf 79' lang='grc' dir='ltr'><strong>μὲν</strong></span> <span class='ocrx_word' id='word_1_621' title='bbox 989 5625 1102 5712; x_wconf 78' lang='grc' dir='ltr'><strong><em>ὀρθόν</em></strong></span> <span class='ocrx_word' id='word_1_622' title='bbox 1197 5625 1370 5689; x_wconf 83' lang='lat' dir='ltr'><strong>Secundum</strong></span> <span class='ocrx_word' id='word_1_623' title='bbox 1393 5625 1491 5703; x_wconf 82' lang='lat' dir='ltr'><strong>legem</strong></span> <span class='ocrx_word' id='word_1_624' title='bbox 1514 5625 1565 5685; x_wconf 87' lang='lat' dir='ltr'><strong>via</strong></span> <span class='ocrx_word' id='word_1_625' title='bbox 1586 5624 1618 5683; x_wconf 92' lang='lat' dir='ltr'><strong>in</strong></span> <span class='ocrx_word' id='word_1_626' title='bbox 1640 5630 1811 5703; x_wconf 87' lang='lat' dir='ltr'><strong>porrectum</strong></span> <span class='ocrx_word' id='word_1_627' title='bbox 1826 5632 1893 5684; x_wconf 88' lang='lat' dir='ltr'><strong>octo</strong></span> <span class='ocrx_word' id='word_1_628' title='bbox 1915 5623 2026 5703; x_wconf 90' lang='lat' dir='ltr'><strong>pedum</strong></span> 
     </span>
     <span class='ocr_line' id='line_1_48' title="bbox 205 5728 2026 5820; baseline -0.003 -25"><span class='ocrx_word' id='word_1_629' title='bbox 205 5729 292 5795; x_wconf 83' lang='grc' dir='ltr'><strong>όκτά</strong></span> <span class='ocrx_word' id='word_1_630' title='bbox 308 5730 419 5794; x_wconf 82' lang='grc' dir='ltr'><strong><em>ποδῶν</em></strong></span> <span class='ocrx_word' id='word_1_631' title='bbox 433 5735 536 5795; x_wconf 86' lang='grc' dir='ltr'><strong><em>έστιν·</em></strong></span> <span class='ocrx_word' id='word_1_632' title='bbox 552 5736 596 5805; x_wconf 78' lang='grc' dir='ltr'><strong>είς</strong></span> <span class='ocrx_word' id='word_1_633' title='bbox 612 5732 645 5795; x_wconf 86' lang='grc' dir='ltr'><strong>δέ</strong></span> <span class='ocrx_word' id='word_1_634' title='bbox 660 5734 792 5820; x_wconf 80' lang='grc' dir='ltr'><strong><em>κάμψιν</em></strong></span> <span class='ocrx_word' id='word_1_635' title='bbox 807 5732 1005 5818; x_wconf 67' lang='grc' dir='ltr'><strong>δεκιιέξε-4</strong></span> <span class='ocrx_word' id='word_1_636' title='bbox 1031 5735 1100 5797; x_wconf 84' lang='lat' dir='ltr'><strong>fr.8.</strong></span> <span class='ocrx_word' id='word_1_637' title='bbox 1130 5743 1188 5808; x_wconf 89' lang='lat' dir='ltr'><strong>est;</strong></span> <span class='ocrx_word' id='word_1_638' title='bbox 1211 5735 1241 5795; x_wconf 90' lang='lat' dir='ltr'><strong>in</strong></span> <span class='ocrx_word' id='word_1_639' title='bbox 1266 5732 1435 5795; x_wconf 85' lang='lat' dir='ltr'><strong>anfractum</strong></span> <span class='ocrx_word' id='word_1_640' title='bbox 1457 5752 1529 5793; x_wconf 88' lang='lat' dir='ltr'><strong>vero</strong></span> <span class='ocrx_word' id='word_1_641' title='bbox 1552 5731 1662 5792; x_wconf 88' lang='lat' dir='ltr'><strong>decem.</strong></span> <span class='ocrx_word' id='word_1_642' title='bbox 1946 5728 1980 5789; x_wconf 89' lang='lat' dir='ltr'><strong>fr.</strong></span> <span class='ocrx_word' id='word_1_643' title='bbox 1998 5732 2026 5790; x_wconf 85' lang='grc'><strong>8.</strong></span> 
     </span>
    </p>
   </div>
   <div class='ocr_carea' id='block_1_6' title="bbox 205 5942 1117 6105">
    <p class='ocr_par' dir='ltr' id='par_1_8' title="bbox 205 5942 1117 6105">
     <span class='ocr_line' id='line_1_49' title="bbox 278 5942 1100 6018; baseline 0.004 -22"><span class='ocrx_word' id='word_1_644' title='bbox 278 5944 286 5975; x_wconf 88' lang='lat'><strong>¹</strong></span> <span class='ocrx_word' id='word_1_645' title='bbox 304 5943 390 5998; x_wconf 84' lang='lat' dir='ltr'><strong>habet</strong></span> <span class='ocrx_word' id='word_1_646' title='bbox 407 5942 473 6015; x_wconf 85' lang='lat' dir='ltr'><strong>Syn.</strong></span> <span class='ocrx_word' id='word_1_647' title='bbox 557 5944 568 5976; x_wconf 87' lang='lat'><strong>¹</strong></span> <span class='ocrx_word' id='word_1_648' title='bbox 586 5944 671 6000; x_wconf 85' lang='lat' dir='ltr'><strong>habet</strong></span> <span class='ocrx_word' id='word_1_649' title='bbox 689 5944 755 6016; x_wconf 77' lang='lat' dir='ltr'><strong>Syn.</strong></span> <span class='ocrx_word' id='word_1_650' title='bbox 839 5945 1009 6018; x_wconf 72' lang='lat' dir='ltr'><strong>³hucusque</strong></span> <span class='ocrx_word' id='word_1_651' title='bbox 1028 5948 1100 6000; x_wconf 92' lang='lat' dir='ltr'><strong>simi-</strong></span> 
     </span>
     <span class='ocr_line' id='line_1_50' title="bbox 205 6030 1117 6105; baseline 0.013 -21"><span class='ocrx_word' id='word_1_652' title='bbox 205 6031 268 6085; x_wconf 88' lang='lat' dir='ltr'><strong>liter</strong></span> <span class='ocrx_word' id='word_1_653' title='bbox 285 6030 351 6104; x_wconf 82' lang='lat' dir='ltr'><strong>Syn</strong></span> <span class='ocrx_word' id='word_1_654' title='bbox 423 6032 538 6090; x_wconf 79' lang='lat' dir='ltr'><strong>‘habet</strong></span> <span class='ocrx_word' id='word_1_655' title='bbox 555 6032 621 6105; x_wconf 83' lang='lat' dir='ltr'><strong>Syn</strong></span> <span class='ocrx_word' id='word_1_656' title='bbox 1114 6068 1117 6079; x_wconf 90' lang='lat'>·</span> 
     </span>
    </p>
   </div>
   <div class='ocr_carea' id='block_1_7' title="bbox 0 0 2428 7012">
    <p class='ocr_par' dir='ltr' id='par_1_9' title="bbox 0 0 2428 7012">
     <span class='ocr_line' id='line_1_51' title="bbox 0 0 2428 7012; baseline 0 0"><span class='ocrx_word' id='word_1_657' title='bbox 0 0 2428 7012; x_wconf 95' lang='lat' dir='ltr'><strong> </strong></span> 
     </span>
    </p>
   </div>
  </div>
 </body>
</html>
