4978 7018
923 427 1079 496 LIBER
1099 423 1240 494 XXXV.
1284 423 1455 493 'rinus
2007 476 2012 486 .
2063 429 2101 491 51

273 615 306 678 οί
329 612 362 677 δέ
384 619 510 698 καρποί
533 613 573 676 ori
588 616 629 699 τῇ
644 612 861 697 κληρονομίᾳ,
884 605 971 673 ἀλλά
985 616 1057 683 τοῖς
1072 608 1176 693 πράγ-
1204 616 1307 669 autem
1333 627 1395 669 non
1421 608 1590 683 hereditati,
1618 609 1671 671 sed
1702 608 1792 670 rebus
1823 609 2022 689 imputantur.
2073 607 2107 671 Si

272 743 354 802 μασι
377 720 666 801 καταλογίζονται.
711 720 753 782 Εἰ
769 718 803 783 δέ
826 718 959 799 ληγάτῳ
983 715 1175 798 τιμηθείςό
1203 733 1275 776 vero
1312 713 1413 795 legato
1450 715 1615 777 honoratus
1647 716 1732 777 heres
1762 727 1886 797 rogatus
1918 717 1958 777 sit
1988 723 2106 797 partem

272 828 477 913 κληρονόμος
505 826 642 913 ἀξιωθῇ
671 822 711 891 τὸ
738 829 837 910 μέρος
864 836 922 901 τῆς
954 823 1176 906 κληρονομίας
1203 822 1312 902 (suam)
1326 821 1500 883 hereditatis
1515 824 1681 897 restituere,
1705 822 1846 902 legatum,
1865 832 2014 904 quatenus
2030 823 2107 886 acci·

273 937 568 1012 ἀποκαταστῆσαι,
605 930 645 997 τὸ
681 932 841 1013 ληγάτον,
878 931 965 995 καθ’
1000 927 1084 993 ὅσον
1118 931 1176 1011 μέν
1202 928 1250 1008 pit
1276 948 1296 989 a
1326 927 1482 1003 coherede,
1513 928 1634 990 retinet:
1668 938 1818 1009 quatenus
1849 950 1919 992 vero
1951 951 2007 1011 pro
2038 950 2106 1010 por·

272 1039 389 1125 ἔλαβεν
411 1044 446 1104 ὲκ
468 1049 531 1104 τοῦ
545 1039 826 1124 συγκληρονόμον,
850 1046 1073 1124 παρακρατεῖ·
1093 1033 1176 1100 ὅσον
1203 1035 1285 1097 tione
1307 1055 1380 1098 suae
1394 1034 1594 1097 institutionis
1613 1036 1727 1109 babuit
1750 1035 1888 1098 restituit
1933 1036 1969 1098 fr.
1983 1040 2032 1099 19.
2049 1038 2105 1114 53.

273 1147 307 1213 δέ
342 1144 433 1211 κατά
465 1146 525 1226 τὴν
558 1148 682 1211 οίκείαν
717 1149 874 1210 ένστασιν
911 1147 1174 1230 παρακατέσχεν,

272 1252 580 1331 ἀποκαθίστησιν.1
990 1252 1027 1314 fr.
1045 1255 1094 1314 19.
1112 1258 1128 1329 5
1146 1256 1175 1315 3.

336 1357 410 1425 Ἐἀν
426 1361 559 1444 ἀξιώσω
570 1356 630 1424 τὸν
644 1359 852 1444 κληρονόμον
865 1358 1076 1444 μερίσασθαι
1091 1359 1175 1440 μετά
1270 1355 1303 1419 Si
1325 1377 1470 1436 rogavero
1494 1357 1632 1418 heredem
1655 1355 1764 1437 partiri
1786 1363 1885 1418 tecum
1910 1357 2106 1419 hereditatam

272 1490 335 1532 σον
357 1466 418 1545 τὴν
439 1468 665 1553 κληρονομίαν
686 1488 759 1549 μον,
782 1469 999 1551 μετέρχονται
1023 1469 1067 1539 είς
1086 1466 1122 1528 σέ
1138 1467 1176 1528 αἱ
1203 1483 1309 1537 meam,
1332 1472 1492 1527 transeunt
1513 1464 1546 1526 in
1561 1474 1590 1526 te
1606 1464 1750 1537 actiones,
1773 1462 1868 1526 veluti
1890 1463 1916 1525 si
1931 1463 2036 1525 dixero
2051 1464 2107 1525 tibi

271 1574 415 1656 ἀγωγαί,
444 1577 489 1649 ὡς
516 1570 574 1640 έάν
601 1578 693 1638 είπω·
721 1574 1007 1648 ἀποκαταστῆσαί
1031 1594 1086 1636 σοι
1114 1570 1175 1649 τὴν
1202 1569 1418 1632 restituendam
1441 1570 1651 1645 hereditatem
1674 1570 1854 1632 sententiam
1872 1570 1952 1632 enim
1969 1579 2000 1632 et
2014 1571 2107 1633 verba

270 1682 507 1767 κληρονομίαν·
535 1684 575 1768 τῇ
603 1677 669 1766 γάρ
697 1680 810 1761 ε’ννοία
841 1678 898 1744 καί
932 1688 1002 1753 τοῖς
1029 1678 1175 1763 ῥήμασιν
1203 1676 1362 1739 observare
1385 1686 1511 1758 oportet.
1920 1677 1957 1739 fr.
1974 1680 2024 1740 20.
2042 1683 2059 1755 ξ
2079 1681 2105 1739 1.

271 1789 323 1853 δεῖ
341 1798 535 1874 παρασχεῖν.
989 1786 1024 1849 ir.
1042 1789 1092 1849 20.
1111 1793 1127 1864 5
1147 1789 1174 1848 l.

337 1897 514 1977 [λογίζεται
538 1900 585 1977 τῷ
607 1895 802 1980 κληρονόμῳ
819 1891 863 1959 τά
878 1897 923 1968 είς
938 1890 1092 1980 φυλακὴν
1108 1903 1174 1956 τῶν
1269 1889 1384 1953 Herodi
1410 1891 1555 1972 imputari
1582 1890 1694 1953 debent
1721 1911 1799 1972 quae
1824 1892 1856 1952 in
1883 1911 1981 1953 rerum
2009 1900 2107 1954 custo·

271 2004 478 2088 πραγμάτων
500 2002 557 2068 καί
581 2002 764 2087 διάπρασιν
787 2002 898 2067 αὐτῶν
921 1999 1150 2082 δαπανώμενα.
1203 1997 1285 2059 diam
1301 2017 1463 2079 earumque
1479 1998 1703 2060 distractionem
1718 1998 1876 2079 impendit
1921 1997 1957 2060 fr.
1974 2000 2024 2060 20.
2042 2004 2059 2076 ξ
2077 2002 2106 2060 2.

986 2107 1022 2170 fr.
1042 2110 1092 2169 20.
1110 2114 1127 2186 ῆ
1145 2110 1173 2170 2.

226 2254 232 2266 ·
335 2215 410 2280 Ἐἀν
436 2216 632 2302 ληγατευθῇ
659 2237 715 2297 μοι
743 2219 787 2290 είς
813 2211 934 2298 καιρὸν
961 2213 1174 2288 παιδοποιίας
1268 2211 1303 2275 Si
1324 2211 1444 2293 legatur
1466 2212 1540 2281 mihi
1563 2212 1602 2274 ad
1617 2221 1736 2293 tempus
1758 2212 1920 2274 liberorum
1943 2221 1973 2275 et
1987 2214 2106 2288 moriar,

269 2321 326 2387 καί
351 2323 531 2401 τελευτήσω
559 2333 618 2400 τῆς
645 2323 802 2404 γυναικός
828 2343 892 2404 μου
919 2321 1020 2397 οὔσης
1047 2319 1173 2401 ἐγκύου,
1202 2339 1297 2382 uxore
1319 2339 1387 2381 mea
1409 2330 1574 2400 praegnata
1599 2320 1717 2394 relicta,
1746 2320 1918 2381 transmitto
1941 2319 2044 2383 heredi
2067 2320 2107 2382 le·

270 2434 477 2515 παραπέμπω
500 2430 693 2515 κληρονόμῳ
718 2426 757 2493 τὸ
781 2428 939 2509 ληγάτονι
956 2424 1015 2473 —2
1201 2434 1315 2505 gatum.
1832 2424 1868 2487 fr.
1886 2428 1936 2486 21.
1954 2426 1992 2488 Ι).
2010 2430 2061 2499 36,
2079 2431 2107 2489 1.

899 2535 935 2598 fr.
953 2538 1004 2597 21.
1020 2535 1059 2598 D.
1077 2537 1128 2609 36,
1147 2538 1174 2596 1.

182 2637 232 2713 κί’·
334 2643 368 2710 Ὀ
403 2644 610 2727 κληρονόμος
646 2642 690 2725 μὴ
728 2651 958 2728 παρακρατῶν
995 2640 1175 2727 φαλκίδιον
1269 2639 1369 2702 Heres
1401 2640 1454 2722 qui
1485 2641 1640 2703 falcidiam
1671 2661 1733 2702 non
1760 2641 1868 2703 retinet
1895 2660 1992 2722 neque
2020 2641 2107 2703 satis·

268 2752 348 2833 μήτε
381 2751 571 2838 ἀσφάλειαν
598 2748 712 2834 λαβὼν
744 2747 858 2832 δμοιός
889 2752 959 2812 έστι
993 2752 1040 2829 τῷ
1070 2749 1175 2829 μόνην
1202 2747 1356 2810 dationem
1388 2748 1499 2828 accipit
1530 2748 1636 2811 similis
1667 2755 1715 2809 est
1745 2747 1772 2808 ei
1804 2748 1857 2827 qui
1887 2746 1983 2810 solam
2016 2749 2108 2811 babet

269 2863 378 2937 έχοντι
412 2858 711 2939 παρακατάσχεσιν
737 2855 795 2920 καί
827 2856 1027 2919 ἀπολέσαντι
1061 2854 1174 2933 αὐτήν,
1201 2854 1397 2916 retentionem
1430 2864 1460 2917 et
1492 2854 1607 2916 amittit
1637 2875 1717 2928 eam,
1754 2855 1808 2916 sed
1843 2864 1943 2936 potest
1973 2865 2107 2935 repetere

269 2965 408 3029 δύναται
426 2965 461 3048 δέ
471 2968 624 3030 ἀπαιτεῖν
639 2962 699 3041 τὴν
715 2962 818 3045 νομὴν
834 2974 901 3026 τῶν
909 2963 1174 3045 κληρονομιαίων
1201 2961 1418 3041 possessionem
1433 2981 1532 3023 rerum
1555 2961 1804 3023 hereditariamm
1820 2962 1871 3023 vel
1889 2963 2023 3024 nancisci
2039 2983 2106 3024 eam

269 3074 476 3158 πραγμάτων
490 3072 509 3149 ί]
525 3070 742 3157 δράσσεσθαι
760 3071 862 3146 αὐτῆς
874 3068 930 3133 καί
948 3067 1008 3133 τὸν
1017 3078 1174 3132 κινοῦντα
1201 3076 1231 3129 ot
1255 3079 1391 3146 agentem
1415 3068 1559 3148 repellere
1578 3069 1753 3148 exceptione
1776 3079 1806 3130 et
1822 3068 2001 3131 denuntiare
2023 3070 2106 3132 bere·

268 3179 438 3266 ἐκβάλλειν
461 3182 682 3264 παραγραφῇ,
707 3177 945 3261 παραγγέλλειν
964 3175 998 3239 δέ
1013 3185 1084 3250 τοῖς
1099 3177 1174 3252 κλη-
1201 3174 1317 3236 ditariis
1340 3174 1527 3237 debitoribus
1549 3197 1588 3237 ne
1611 3175 1740 3238 solvant
2002 3176 2037 3238 fr.
2055 3179 2105 3239 22.

269 3290 474 3372 ρονομιαιόις
490 3287 679 3368 χρεώσταις
693 3282 736 3366 μὴ
752 3284 968 3369 καταβαλεῖνε
986 3321 1028 3330 -
1068 3284 1104 3347 fr.
1122 3288 1172 3346 22.

334 3391 423 3470 Γυνὴ
463 3392 585 3465 παῖδας
622 3391 837 3474 ὑπεξοιισίους
874 3398 936 3453 τοῦ
969 3375 1032 3474 π-ρς
1062 3391 1174 3454 αὐτῶν
1266 3387 1379 3449 Mulier
1416 3388 1493 3451 filios
1525 3389 1557 3449 in
1588 3398 1738 3471 potestate
1769 3409 1871 3451 eorum
1903 3391 1999 3470 patris
2036 3412 2105 3453 cum

267 3505 393 3579 έχουσα
414 3498 472 3563 καί
496 3499 635 3582 δευτέρῳ
659 3497 756 3582 ἀνδρί
780 3499 1002 3585 συναφθεῖσα
1023 3497 1079 3561 καί
1098 3498 1173 3574 κλη-
1199 3496 1325 3558 baberet
1351 3504 1382 3557 et
1409 3494 1496 3557 alteri
1527 3495 1594 3559 viro
1621 3504 1718 3576 nupta
1745 3504 1836 3569 esset,
1869 3517 1937 3558 eum
1965 3498 2105 3560 heredem

267 3610 412 3692 ρονόμον
435 3603 539 3670 αὐτόν
561 3607 731 3691 γράψασα
753 3606 891 3688 ῆξίωσεν
910 3602 993 3687 μετά
1014 3605 1173 3669 θάνατον
1200 3603 1321 3683 scripsit
1350 3603 1529 3683 rogavitque
1556 3611 1626 3683 post
1652 3612 1779 3664 mortem
1802 3604 1910 3685 prioris
1933 3605 2035 3665 mariti
2058 3606 2105 3667 sui

266 3724 327 3778 τοῦ
350 3716 485 3798 πρώτον
513 3713 615 3789 αὑτῆς
642 3711 766 3797 ἀνδρὸς
793 3715 1073 3789 ἀποκαταστῆσαι
1102 3721 1172 3786 τοῖς
1199 3710 1357 3771 restituere
1381 3709 1442 3770 suis
1464 3709 1535 3770 filiis
1557 3708 1607 3771 vel
1629 3710 1665 3783 ei,
1688 3709 1739 3790 qui
1758 3710 1967 3791 supervixerit,
1990 3712 2105 3773 heredi·

267 3820 383 3886 παισίν
407 3823 509 3896 αὐτῆς
525 3816 584 3882 τόν
599 3818 722 3901 κλῆρον
740 3818 757 3895 l)
774 3823 821 3900 τῷ
838 3819 871 3902 έξ
887 3819 999 3882 αὐτῶν
1015 3821 1170 3903 περιόντι.
1199 3825 1301 3878 tatem.
1346 3815 1447 3879 Vivus
1485 3836 1587 3877 eorum
1620 3825 1708 3895 pater
1743 3836 1794 3877 eos
1833 3817 2038 3897 emancipavit
2074 3829 2105 3881 at

266 3931 331 4008 ζῶν
354 3930 372 3991 ό
396 3914 462 4011 πηρ
487 3922 609 3999 αὐτοὺς
625 3925 858 4009 αὐτεξουσίους
874 3925 1023 4001 έποιήσεν
1037 3923 1094 3988 καὶ
1111 3922 1172 4001 τίγν
1198 3922 1396 3983 hereditatem
1420 3922 1463 3984 eis
1485 3923 1641 4003 privignus
1655 3923 1800 3984 restituit:
1824 3941 1884 3984 uno
1899 3933 2017 3987 mortuo
2033 3934 2104 3987 ante

265 4036 489 4118 κληρονομίαν
505 4035 619 4108 αὐτοῖς
636 4031 812 4117 δπατρῳίς
826 4030 896 4106 υίὸς
910 4034 1170 4111 ἀποκατέστησε,
1199 4038 1325 4110 patrem,
1355 4037 1507 4110 superstes
1534 4029 1611 4110 petit
1636 4038 1755 4109 partem
1786 4028 1831 4090 illi
1863 4030 1965 4092 datam
1998 4042 2104 4113 utpote

265 4142 322 4206 καί
346 4151 407 4206 τοῦ
429 4138 501 4215 ένδς
524 4141 847 4227 προτελευτῆσαντος
875 4149 936 4203 τοῦ
955 4125 1038 4222 πρς,
1066 4140 1172 4202 dtas·
1200 4145 1270 4198 ante
1296 4146 1417 4218 tempus
1444 4137 1583 4199 solutam.
1630 4137 1674 4198 ait
1700 4157 1761 4199 non
1787 4147 1868 4199 recte
1895 4157 1963 4198 eum
1987 4149 2102 4219 petera;

265 4246 388 4329 ζήσας3
416 4251 554 4312 ἀπαιτεῖ
573 4245 611 4311 τὸ
637 4247 744 4310 δοθὲν
767 4248 876 4327 ἐκείνῳ
899 4249 1005 4329 μέρος,
1035 4248 1079 4319 ὡς
1106 4244 1171 4329 πρὸ
1199 4263 1268 4304 cum
1283 4244 1363 4305 enim
1386 4245 1453 4325 quis
1473 4253 1596 4323 rogetur
1615 4243 1717 4306 liberis
1732 4244 1897 4319 restituere,
1921 4265 1991 4306 oum
2005 4254 2103 4307 morta

264 4364 386 4438 καιροῦ
400 4354 629 4439 καταβληθέν.
668 4351 752 4440 φησί
767 4351 811 4434 μὴ
826 4355 936 4425 καλῶς
955 4348 1058 4415 αὐτόν
1074 4354 1171 4415 ἀπαι·
1199 4351 1357 4431 patrissui
1377 4350 1451 4412 iuris
1467 4349 1645 4424 efficiantur,
1666 4360 1696 4413 et
1715 4350 1747 4411 hi
1767 4351 2003 4432 emancipentur,
2024 4353 2103 4432 cogi-

265 4472 346 4526 τεῑν·
363 4459 418 4525 δτε
437 4463 504 4547 γάρ
521 4484 570 4535 τις
587 4461 739 4544 ἀξιοῦται
756 4458 872 4522 παισίν
888 4461 1170 4536 ἀποκαταστῆσαι
1199 4466 1250 4517 tur
1264 4456 1367 4518 statim
1389 4456 1653 4519 fideicommissum
1675 4457 1717 4519 eis
1740 4465 1901 4536 praestare
1951 4458 1986 4520 fr.
1999 4461 2040 4522 23
2055 4480 2101 4541 pr.

265 4572 449 4652 γενομένοις
485 4568 711 4651 αὐτεξουσίως
744 4567 889 4648 θανάτῳ
921 4574 983 4629 τοῦ
1020 4552 1084 4648 ab}
1114 4564 1171 4629 καί

266 4674 474 4759 αὐτεξούσιοι
507 4676 673 4756 γίνονται,
707 4673 931 4754 ἀναγκάζεται
965 4682 1172 4757 παραχρῆμα

266 4782 542 4869 φιδεικόμμισσον
566 4782 680 4854 αὐτοῖς
704 4789 899 4865 παρασχεῖν.
1016 4779 1051 4841 fr.
1068 4779 1110 4841 23
1127 4801 1171 4861 pr.

333 4889 403 4954 Καί
427 4890 446 4953 δ
469 4888 587 4962 δοῦλος
611 4887 751 4951 δύναται
769 4883 830 4951 τὸν
845 4885 1053 4972 κληρονόμον
1069 4888 1170 4967 ἀναγ-
1263 4882 1307 4944 Et
1329 4902 1434 4946 servus
1456 4891 1557 4964 potest
1578 4883 1718 4946 heredem
1742 4903 1846 4963 cogere
1865 4885 1949 4948 adire
1972 4896 2002 4949 et
2016 4888 2100 4949 resti·

264 4997 369 5060 κάσαι
394 4995 597 5081 προσελθεῖν
619 4993 676 5058 καί
705 4996 986 5070 ἀποκαταστῆσαι
1010 4992 1115 5073 αὐτῷ,
1143 4996 1170 5056 εί
1197 4998 1281 5051 tuere
1303 4990 1369 5064 sibi,
1392 4991 1531 5071 quamvis
1554 4990 1688 5052 nondum
1703 4991 1800 5072 possit
1814 4991 1941 5074 (petere),
1964 4993 2100 5056 relictam

264 5102 321 5167 καί
351 5099 396 5166 τά
422 5103 570 5185 μάλιστα
598 5097 706 5164 οὕτω*
733 5099 874 5165 δύναται
904 5097 964 5176 τὴν
990 5099 1169 5187 καταλειφ-
1197 5097 1255 5159 sibi
1278 5097 1421 5159 dueotam
1445 5096 1495 5160 rel
1518 5097 1825 5160 fideicommissariam
1847 5098 2028 5163 libertatem.
2112 5119 2114 5123 ’

264 5211 390 5274 θεῖσαν
417 5211 508 5292 αὐτῷ
536 5207 651 5294 ὀρθὴν
678 5206 697 5285 ῆ
725 5206 1065 5293 φιδεικομμισσαρίαν
1087 5206 1169 5269 ἐλευ-
1915 5206 1951 5267 fr.
1969 5209 2019 5269 23.
2036 5213 2052 5284 5
2072 5211 2099 5271 1.

265 5318 401 5403 θερίανε
418 5353 461 5363 -
984 5313 1019 5376 fr.
1037 5317 1088 5377 23.
1105 5319 1121 5391 §
1141 5313 1168 5376 1.

328 5422 395 5487 Ἐπί
419 5435 487 5488 τῶν
506 5421 611 5507 χωρίς
632 5423 788 5506 αἱρέσεως
806 5420 1118 5484 ἀποκαταστάσεων
1137 5421 1170 5482 ol
1262 5416 1300 5478 ln
1329 5417 1568 5480 restitutionibus
1600 5439 1662 5479 non
1693 5417 1949 5482 condicionalibus
1981 5420 2098 5483 fructus

265 5529 389 5616 καρποί
417 5539 478 5594 τοῦ
503 5533 606 5610 μέσον
630 5529 758 5614 χρόνον
784 5526 901 5610 κέρδος
927 5527 1077 5608 γίνονται
1108 5535 1169 5589 τοῦ
1196 5524 1286 5587 medii
1308 5526 1450 5604 temporis
1472 5524 1556 5587 lucro
1579 5525 1692 5587 cedunt
1709 5525 1821 5600 heredi,
1846 5547 1917 5587 nam
1940 5528 2098 5608 neglegen-

265 5638 484 5723 κληρονόμον,
500 5634 608 5711 ἐπειδὴ
623 5631 713 5699 κατά
729 5634 907 5719 ῥαθυμίαν
922 5641 984 5697 τοῦ
999 5632 1166 5721 φιδεικομ
1194 5632 1239 5692 tia
1260 5630 1527 5693 fideicommissarii
1549 5652 1599 5694 eos
1622 5632 1757 5714 percepit
1771 5642 1802 5694 et
1819 5643 1974 5713 praeterea
1988 5634 2099 5696 retinet

336 5883 428 5938 ¹hab.
447 5881 514 5954 Syn.
588 5882 658 5936 ’Ex
676 5880 762 5937 schol.
780 5880 845 5936 Bas.
862 5880 919 5935 Hb.
991 5879 1170 5949 ι-ζητήσος

264 5974 325 6029 cod.
396 5972 560 6027 ‘lodessa
