4978 7018
908 469 1061 536 LIBER
1084 468 1221 536 XXXV.
1265 469 1346 535 ΤΙΤ.
1369 470 1428 535 ΙΧ.
2022 477 2063 541 47

233 673 360 726 στασις.
406 649 463 716 καλ
496 661 557 715 τοῦ
588 651 768 739 φαλκιδίου
799 654 918 737 χώραν
947 651 1133 737 λαμβάνον·
1162 651 1242 714 cidia
1264 660 1367 713 autem
1389 651 1490 714 locum
1512 652 1651 727 habente,
1674 655 1794 735 utrique
1817 664 1956 717 servatur
1976 658 2066 719 tertia

232 779 289 833 τος
312 759 442 841 έκάστῳ
471 767 685 844 περιποιεῖται
714 755 754 822 τδ
783 761 899 841 τρίτον
926 771 984 836 τῆς
1012 761 1134 834 οίκείας
1161 779 1234 840 pars
1262 779 1335 820 suae
1361 758 1571 835 institutionis,
1599 760 1679 822 idest
1705 761 1847 823 dimidiae
1873 762 2064 837 hereditatis;

231 866 425 946 ένστάσεως,
449 869 601 931 τουτέστι
625 875 686 930 τοῦ
708 867 847 947 ἡμίσεως
870 877 927 943 τῆς
951 867 1079 942 οὐσίας·
1108 871 1134 930 sl
1162 866 1244 946 quod
1281 866 1308 927 si
1346 866 1446 928 adhuc
1477 868 1630 929 incertum
1667 868 1708 929 sit
1739 888 1779 930 an
1810 868 1934 932 falcidia
1964 870 2065 933 locum

232 972 266 1036 δὲ
299 976 378 1047 τέως
410 971 658 1059 ἀμφιβάλλεται
691 971 735 1037 τά
762 973 834 1059 περὶ
862 983 924 1038 τοῦ
955 973 1135 1062 φαλκιδίσυ
1162 974 1283 1048 babeat
1305 973 1436 1035 invicem
1459 984 1595 1036 caveant.
1879 975 1915 1039 fr.
1934 979 1984 1039 35.
2002 984 2018 1055 ξ
2037 982 2064 1039 1.

232 1079 392 1157 ἀλλήλους
414 1080 740 1167 ἀσφαλιζέσθινσανε
756 1079 814 1128 —¹
951 1082 987 1148 fr.
1003 1085 1054 1144 35.
1071 1088 1088 1159 §
1108 1086 1134 1143 1.

148 1191 194 1254 tt.
299 1186 367 1250 Δύο
389 1187 531 1274 γράψας
552 1187 778 1273 κληρονόμους
800 1183 891 1253 εἶπον
906 1185 1028 1263 αύτούς
1044 1185 1136 1262 έντδς
1229 1187 1359 1249 Duobus
1381 1187 1543 1250 heredibus
1566 1189 1697 1269 scriptis,
1721 1189 1785 1250 dixi
1807 1210 1859 1252 eos
1882 1191 1962 1253 intra
1984 1191 2065 1254 diem

232 1293 445 1378 προθεσμίας
482 1296 623 1371 ποιῆσαί
655 1316 711 1375 μοι
747 1304 918 1376 μνημεῖον·
955 1299 982 1360 εὶ
1020 1295 1054 1359 δέ
1091 1294 1135 1378 μή
1162 1293 1294 1356 facbuos
1321 1294 1396 1355 mihi
1422 1304 1650 1357 monumentum
1672 1305 1704 1357 et
1729 1297 1788 1357 nisi
1815 1306 1941 1378 uterque
1962 1298 2066 1361 fecerit

231 1401 508 1474 hucmareserce
534 1401 661 1477 ποιήσει
690 1402 819 1476 πάντας
841 1403 1135 1487 ἀποκληρουόμους
1163 1402 1286 1463 omnino
1313 1402 1457 1463 exeredes
1486 1401 1561 1463 fore:
1594 1402 1621 1463 si
1648 1402 1725 1464 alter
1750 1402 1949 1466 hereditatem
1979 1426 2065 1487 repu-

231 1503 328 1571 εἶυαι·
361 1504 419 1571 έάν
450 1509 469 1570 ό
500 1503 544 1582 εἷς
574 1508 824 1591 παραιτήσηται
856 1507 916 1574 τὸν
949 1510 1085 1594 κλήρου,
1114 1513 1133 1575 ό
1162 1509 1266 1582 ἀίοτὶῐ,
1282 1508 1360 1571 alter
1375 1517 1603 1570 monumentum
1618 1507 1759 1571 faciendo
1774 1510 1862 1572 heres
1877 1511 1936 1573 fiet
1975 1532 2064 1575 nemo

231 1614 331 1688 ἀλλος
354 1625 458 1679 ποιῶν
480 1611 520 1678 τὸ
547 1625 659 1697 μνῆμα
688 1615 892 1701 κληρονομεῖ
937 1616 1043 1690 οὐδεὶς
1066 1615 1132 1702 γάρ
1162 1616 1242 1677 enim
1273 1634 1328 1697 per
1359 1616 1491 1676 alienum
1518 1615 1632 1677 factum
1659 1615 1709 1678 vel
1739 1617 1900 1679 hereditati
1930 1618 2067 1700 illigatur

230 1721 265 1804 έξ
293 1721 471 1807 ἀλλοτρίου
498 1722 633 1809 φάκτου
664 1721 684 1799 ή
712 1726 855 1800 ἐνέχεται
882 1723 1087 1809 κληρονομία
1113 1723 1133 1800 h
1161 1723 1212 1785 vel
1235 1723 1358 1785 exheres
1380 1722 1423 1785 fit.
1960 1725 1996 1787 fr.
2012 1730 2064 1788 44.

231 1828 515 1911 ἀποκληρονομῶν
536 1830 672 1910 γίνεται.
1029 1832 1065 1893 fr.
1081 1835 1133 1894 44.

294 1934 340 1998 Ἡ
350 1934 509 2000 δέσποινα
525 1932 585 1999 τὸν
600 1934 650 2000 ecl
665 1939 797 2019 μοιχεία
812 1937 914 2014 αύτής
928 1936 1134 2021 κατηγορού-
1227 1936 1361 1997 Domina
1388 1956 1510 1999 servum
1536 1957 1621 1998 reum
1648 1938 1790 2000 adulterii
1818 1940 1983 2021 συνείρει
2013 1941 2064 2002 ed-

229 2065 327 2125 μενον
350 2042 469 2106 δοῦλον
492 2042 670 2127 ἀχρήστως
693 2041 758 2129 πρὸ
776 2044 899 2131 φήφσυ
913 2045 1037 2131 γράφει
1053 2042 1135 2108 έλεύ-
1161 2043 1245 2105 missi
1270 2043 1458 2125 postulatum
1485 2042 1601 2106 frustra
1628 2053 1698 2107 ante
1725 2046 1905 2108 sententiam
1936 2046 2065 2109 liberum

231 2150 339 2235 θερον
362 2148 382 2225 ή
405 2149 625 2235 κληρονόμους
642 2148 706 2197 —²
948 2152 985 2214 fr.
1001 2155 1053 2215 48.
1071 2158 1087 2229 §
1106 2154 1133 2213 2.
1162 2150 1266 2212 scribit
1288 2149 1339 2213 vel
1360 2150 1510 2211 heredem.
1881 2153 1916 2214 fr.
1933 2157 1984 2217 48.
2002 2160 2018 2231 §
2036 2158 2065 2219 2.

140 2262 194 2333 μή.
297 2254 460 2341 Αίρετική
484 2258 638 2331 ένστασίς
660 2261 730 2320 έστι
754 2254 794 2321 τδ
817 2261 932 2322 είπεΐν·
955 2254 1034 2339 „lobs
1057 2261 1134 2322 είσω
1229 2256 1453 2320 condicionalis
1485 2258 1634 2321 institutio
1666 2267 1713 2321 est
1742 2260 1767 2321 si
1798 2261 1865 2340 quis
1897 2261 1990 2323 dicat:
2022 2262 2066 2336 „si

231 2375 300 2428 τῶν
326 2363 555 2450 ἑβδομήκοντα
583 2368 665 2427 ἐτῶν
692 2364 877 2445 ἀποθάνιυ,
905 2368 990 2427 ’έστιο
1018 2365 1135 2448 κληρο-
1162 2362 1242 2425 intra
1279 2365 1473 2445 septuaginta
1510 2385 1606 2427 annos
1645 2366 1819 2442 decessero,
1857 2376 1921 2429 esto
1956 2368 2065 2430 Petrus

232 2473 333 2554 νόμος
348 2473 500 2552 πέτροςέέι
517 2509 559 2518 -
983 2473 1020 2534 fr.
1036 2477 1078 2534 56
1095 2473 1134 2534 ib.
1161 2470 1275 2532 heres“.
1962 2474 1997 2536 fr.
2014 2474 2065 2537 56.

161 2585 194 2637 ν.
299 2576 450 2660 Δύναμαι
474 2576 547 2663 περὶ
570 2585 632 2641 τού
647 2579 815 2663 παρόντος
835 2577 1003 2653 δεικτικῶς
1018 2579 1134 2660 λέγειν·
1228 2576 1357 2639 Possum
1372 2587 1563 2658 praesentem
1570 2581 1767 2661 monstrando
1783 2581 1893 2644 dicere:
1909 2583 1978 2659 „hic
1992 2583 2066 2643 mihi

233 2689 338 2768 ,έστα
360 2706 425 2767 μου
449 2677 547 2759 οὗτος
565 2686 803 2771 κληρονόμοςέέε
820 2722 862 2733 -
980 2687 1015 2748 fr.
1033 2689 1074 2748 68
1090 2709 1135 2768 pr.
1162 2684 1251 2746 heres
1273 2692 1366 2746 esto.“
1909 2688 1947 2751 fr.
1964 2691 2006 2750 58
2021 2710 2065 2770 pr.

146 2796 195 2871 ιβ’.
300 2791 369 2856 Καὶ
393 2797 437 2866 είς
460 2792 681 2875 παρελθόντα
695 2788 816 2874 καιρόν
831 2792 1039 2869 συντέθηται
1055 2795 1136 2856 ἀπο·
1230 2791 1273 2853 Et
1295 2792 1327 2852 in
1349 2793 1545 2872 praeteritum
1569 2801 1688 2874 tempus
1703 2793 1857 2857 confertur
1871 2795 2066 2859 exheredatio

233 2900 368 2985 κήρυξις
383 2895 470 2962 οἷον·
487 2896 564 2980 „ded
580 2908 681 2963 τοῦτο
697 2896 966 2982 γάράπόκληρον
980 2901 1136 2985 γέγραφα
1163 2898 1272 2960 veluti:
1300 2898 1387 2972 „ideo
1414 2907 1444 2961 te
1471 2899 1650 2962 exheredem
1678 2902 1795 2982 scripsi,
1827 2903 1900 2982 quia
1926 2904 2010 2964 volui
2038 2912 2068 2965 te

233 3029 278 3089 σε,
311 3004 418 3083 έπειδή
450 3006 605 3084 ήθέλησά
638 3027 675 3070 σε
707 3006 918 3089 ἀρκεσθήναι
950 3009 992 3093 τῇ
1025 3007 1139 3089 προικί
1164 3015 1338 3068 contentam
1360 3025 1425 3067 esse
1449 3015 1503 3068 tua
1526 3006 1622 3069 dote.“
1962 3010 1998 3072 fr.
2016 3011 2066 3072 61.

234 3117 328 3177 σου“ι
346 3150 388 3161 -
1032 3113 1068 3176 fr.
1086 3116 1136 3174 61.

297 3217 372 3284 Ἐἀν
399 3216 541 3294 πολλοὺς
567 3223 652 3297 έχων
684 3220 802 3306 φίλους
835 3222 975 3305 πέτρους
1009 3219 1136 3306 γράφω
1231 3218 1264 3281 si
1287 3219 1390 3299 plures
1413 3221 1525 3283 amicos
1547 3220 1655 3282 Petros
1682 3221 1810 3297 habens,
1837 3222 1963 3284 Petrum
1985 3224 2068 3286 here-

233 3332 355 3413 πέτρον
377 3328 585 3413 κληρονόμον
599 3326 656 3390 καὶ
671 3324 714 3409 μή
732 3326 888 3403 δηλοῦται
906 3335 1011 3407 ποῖον,
1035 3328 1137 3411 ἀχρη-
1164 3326 1234 3387 dem
1257 3328 1404 3407 scripsero
1428 3337 1459 3391 et
1487 3348 1548 3389 non
1575 3338 1722 3410 appareat
1748 3350 1852 3409 quem,
1880 3330 1995 3392 inutilis
2022 3340 2069 3394 eet

234 3438 314 3510 στός
337 3440 427 3499 ἐστιν
449 3436 469 3511 ή
493 3438 660 3508 ἔνστασιςι
677 3470 719 3482 -
906 3434 942 3497 fr.
960 3438 1010 3497 62.
1028 3440 1044 3511 ξ
1063 3436 1079 3496 1
1097 3433 1137 3496 ib.
1164 3434 1321 3495 institutio.
1883 3438 1919 3499 fr.
1937 3440 1987 3499 62.
2004 3443 2020 3514 6
2040 3439 2067 3513 1,

144 3553 196 3618 νζ.
306 3539 352 3606 To
386 3542 589 3622 ληγατεῦσαί
617 3563 655 3622 με
687 3538 754 3605 ἀπὸ
786 3549 848 3604 τοῦ
872 3537 917 3621 μή
948 3544 1138 3627 γραφέντος
1231 3539 1278 3600 Εο
1305 3540 1385 3620 quod
1412 3540 1547 3621 legatum
1573 3542 1723 3622 reliquero
1751 3542 1791 3604 ab
1817 3543 1870 3605 illo
1897 3546 1950 3625 qui
1980 3544 2068 3607 heres

234 3650 443 3735 κληρονόμου
470 3649 510 3712 ού
537 3657 626 3713 ποιεῖ
644 3634 748 3712 αὐτὸν
769 3648 978 3731 κληρονόμον
1000 3646 1075 3710 ούδέ
1098 3644 1137 3711 τδ
1166 3646 1296 3726 scriptus
1327 3667 1389 3707 non
1416 3649 1466 3723 sit,
1499 3669 1561 3710 non
1588 3649 1623 3710 fit
1649 3648 1700 3710 ille
1730 3649 1830 3725 heres;
1863 3671 1959 3731 neque
1987 3652 2014 3712 si
2040 3653 2068 3713 ei

236 3757 468 3842 παραθέσθαι
491 3756 583 3837 αὐτῷ
606 3750 666 3819 τὸν
689 3754 808 3818 δοῦλόν
829 3775 894 3835 μου
912 3753 1139 3839 ἀπελεύθερον
1166 3753 1395 3815 commendatus
1421 3755 1461 3815 sit
1483 3774 1587 3818 servus
1610 3777 1695 3819 meus
1722 3767 1869 3838 tanquam
1891 3756 2018 3820 libertus
2041 3759 2068 3819 ei

236 3864 311 3928 οὔτε
335 3871 435 3925 τοῦτο
459 3871 622 3946 περιποιεῖ
640 3862 841 3946 ἐλευθερίαν.
975 3865 1024 3943 ἐν.
1042 3866 1082 3925 65
1099 3861 1138 3923 ib.
1165 3860 1336 3923 libertatem
1359 3860 1499 3941 adquirit
1964 3863 2000 3925 fr.
2017 3868 2067 3928 65.

147 3983 197 4052 νιγ.
306 3964 418 4043 θύτας
441 3964 545 4033 εἷπον·
569 3972 709 4054 πέτρος
732 3965 798 4032 έάν
826 3971 878 4041 εἰς
906 3965 950 4032 τδ
977 3970 1139 4032 καπιτό-
1233 3967 1267 4030 Si
1293 3968 1369 4029 dixi:
1401 3968 1529 4043 „Petrus
1562 3970 1588 4031 si
1619 3970 1651 4031 in
1683 3969 1868 4052 Capitolium
1900 3971 2070 4033 escenderit

235 4076 321 4139 λιον
337 4076 487 4162 ἀνέλθῃ
506 4076 751 4161 κληρονόμος
766 4078 878 4139 lotor·
897 4077 1037 4159 πέτρος
1052 4075 1140 4150 κλη-
1166 4073 1253 4136 heres
1275 4084 1352 4136 esto:
1385 4074 1494 4138 Petrus
1521 4076 1607 4138 heres
1631 4085 1728 4153 esto“‚
1756 4078 1893 4140 secunda
1919 4079 2070 4159 scriptura

237 4184 405 4269 ρονόμος
428 4185 540 4247 ἔστιν·
564 4180 603 4247 τὸ
626 4178 768 4266 ύστερον
789 4190 913 4267 κρατεῖ.
1035 4181 1070 4243 fr.
1089 4185 1139 4244 67.
1166 4182 1264 4262 potior
1287 4182 1350 4244 erit
1964 4186 2000 4247 fr.
2018 4188 2068 4248 67.

81 4281 130 4350 fol.
144 4283 198 4421 ξύν.
303 4341 371 4408 Καὶ
401 4345 419 4406 ό
446 4340 490 4426 μή
515 4340 664 4417 δεκτικὸς
690 4351 753 4405 τοῦ
779 4338 905 4415 παντὸς
931 4342 1056 4422 γίνεται
1080 4350 1141 4405 τοῦ
1233 4341 1276 4404 Et
1297 4343 1349 4423 qui
1372 4343 1503 4405 solidum
1526 4364 1633 4425 capere
1655 4365 1716 4407 non
1738 4354 1839 4427 potest
1860 4346 1924 4408 eius
1940 4346 1992 4426 qui
2007 4365 2069 4407 non

236 4452 367 4535 ἀπόρου
376 4451 580 4535 κληρονόμος
590 4453 634 4523 εἰς
643 4449 886 4532 ὀλόκληρονι-
910 4449 1140 4523 fr.72.D.2s,5.
1167 4458 1214 4510 est
1236 4448 1381 4511 solvendo
1404 4449 1437 4510 in
1459 4450 1589 4511 solidum
1612 4451 1698 4513 heres
1720 4452 1763 4514 fit.
1817 4452 1916 4515 672.
1925 4452 1965 4515 D.
1978 4455 2029 4526 28,
2040 4457 2069 4514 5.

301 4554 376 4622 Ἑάν
412 4560 430 4620 ό
467 4558 710 4640 ἀμυημόνευτος
746 4552 816 4628 υίὸς
851 4553 1055 4630 ἀπεκατέστη
1093 4559 1141 4637 τῷ
1234 4556 1268 4619 Si
1298 4556 1379 4616 filius
1410 4557 1593 4636 praeteritus
1624 4557 1729 4621 heredi
1756 4560 1937 4621 substitutus
1968 4558 2069 4634 fuerit,

237 4664 431 4750 κληρονόμῳ
455 4665 516 4727 ούκ
538 4664 572 4747 ἐξ
595 4662 785 4727 ἀδιαθέτου
807 4660 878 4724 ἀλλ’
908 4666 944 4725 ἐκ
973 4661 1141 4739 διαθήκης
1168 4683 1229 4724 non
1253 4663 1292 4724 ab
1314 4663 1456 4725 intestato
1479 4663 1533 4725 sed
1556 4684 1595 4726 ex
1617 4674 1798 4728 testamento
1821 4666 1908 4728 heres
1929 4666 1975 4740 fis
1999 4667 2072 4747 quia

237 4773 445 4857 κληρονομεῖ,
476 4769 581 4848 έπειδή
609 4773 636 4833 εὶ
663 4768 720 4833 καὶ
744 4766 899 4852 έξατικὸς
920 4768 1140 4855 ύποκαταστῖ
1168 4770 1259 4832 etiam
1286 4770 1311 4831 si
1334 4779 1495 4832 extraneus
1524 4769 1616 4835 fuerit
1638 4773 1819 4835 substitutus
1847 4782 1878 4834 et
1905 4774 1945 4836 sit
1972 4774 2011 4836 ab
2034 4793 2070 4836 eo

237 4878 294 4943 καὶ
318 4878 509 4963 ἀπόκληρος
530 4881 664 4959 γένηται
688 4875 746 4940 ἀπ’
765 4877 870 4940 αὐτοῦ
892 4872 1006 4956 (loide,
1029 4879 1065 4939 ἐκ
1081 4884 1141 4940 τοῦ
1168 4877 1368 4939 exheredatus
1395 4875 1484 4952 filius,
1513 4899 1532 4939 a
1555 4878 1719 4941 substituto
1741 4879 1825 4942 valet
1846 4889 2070 4942 testamentum.

238 4985 523 5050 ύποκαταστάτου
545 4986 687 5069 έρροιται
711 4985 731 5060 ή
755 4982 918 5061 διαθήκης
936 5019 978 5030 -
1037 4983 1073 5044 fr.
1091 4987 1140 5046 75.
1964 4987 1999 5048 fr.
2020 4990 2070 5049 75.

305 5092 347 5156 Εἰ
370 5091 426 5156 καλ
442 5096 476 5155 έν
495 5090 703 5165 κιοδικέλλοις
721 5090 927 5176 κληρονομία
945 5090 985 5153 ού
1001 5088 1140 5168 δίδοται,
1234 5089 1324 5151 Licet
1350 5091 1382 5151 in
1409 5090 1554 5153 codicillis
1585 5091 1735 5157 hereditas
1757 5115 1817 5156 non
1845 5094 1940 5169 detur,
1968 5104 2070 5156 umen
2111 5096 2113 5099 ’

240 5197 328 5282 ὅμως
350 5203 384 5262 έν
407 5200 522 5272 αύτοῖς
545 5195 689 5262 δυνατὸν
711 5192 751 5260 τὸ
775 5198 882 5276 ὄνομα
906 5205 967 5260 τοῦ
983 5196 1141 5281 κληρονό-
1168 5198 1200 5257 in
1227 5196 1287 5258 iliis
1314 5207 1414 5277 potest
1436 5218 1545 5260 nomen
1571 5198 1688 5261 heredis
1715 5200 1915 5275 manifestari,
1948 5221 2017 5262 cum
2040 5202 2070 5261 in

240 5328 303 5388 μου
322 5306 524 5392 σαφηνίζειν,
552 5300 637 5367 όταν
659 5308 693 5367 έν
716 5303 866 5389 διαθήκη
890 5307 982 5367 εἴπω·
1006 5303 1141 5387 ,κληρο-
1169 5312 1351 5365 testamento
1374 5303 1493 5368 dixero:
1525 5305 1628 5381 „heres
1657 5316 1722 5370 esto
1749 5327 1839 5390 quern
1866 5309 1897 5369 in
1925 5307 2070 5369 codicillis

240 5415 341 5495 νόμος
367 5415 453 5476 έστα
481 5408 520 5475 ὃν
547 5408 590 5474 ἀν
616 5415 650 5473 έν
676 5418 747 5484 τοῖς
773 5409 981 5484 κωδικέλλοις
1013 5410 1141 5485 ποιήσω
1168 5409 1308 5471 heredem
1334 5410 1449 5473 fecero“
1475 5423 1506 5475 et
1531 5414 1580 5475 bic
1602 5415 1685 5495 quod
1710 5416 1865 5477 residuum
1893 5415 2005 5476 mansit
2032 5434 2071 5475 ex

240 5521 467 5606 κληρονόμον(
493 5515 551 5582 καὶ
579 5520 597 5580 ό
625 5526 778 5591 τοιοῦτος
805 5513 844 5580 τὸ
873 5516 984 5580 λεῖπον
1012 5524 1086 5590 ταῖς
1109 5520 1143 5579 έν
1169 5516 1328 5579 duodecim
1354 5519 1451 5579 unciis
1478 5519 1510 5578 in
1536 5528 1718 5582 tenemento
1745 5521 1914 5585 distributis
1936 5523 2026 5603 capit

242 5627 393 5714 διαθήκη
424 5624 695 5702 διαυεμηθείσαις
723 5623 851 5688 δώδεκα
883 5624 1032 5704 ούγκίαις
1063 5622 1142 5705 λαμ-
1967 5629 2003 5691 fr.
2021 5632 2071 5693 77.

241 5732 347 5819 βάνειτ
363 5730 427 5781 —³
994 5731 1029 5793 fr.
1047 5734 1086 5794 77
1103 5732 1143 5793 ib.

315 5928 325 5960 ¹
344 5927 387 5984 Cf.
407 5928 453 5996 τὴν
470 5930 566 6000 πεῖραν
584 5932 616 5980 41
637 5928 654 5995 ἓ
674 5931 716 5980 13.
833 5925 844 5957 ¹
862 5924 926 5980 hab.
945 5923 1012 5996 Syn.

243 6017 254 6050 ⁸
272 6017 337 6073 hab.
356 6016 424 6089 Syn.
