4842 7018
435 1366 565 1433 ειειιίοιι
591 1380 661 1449 uu‘,
688 1380 808 1434 τιτιιοε
831 1381 866 1434 ι’
1375 1380 1800 1450 LIBERLIV‚T1TULUSI

70 1448 102 1484 o.
131 1437 167 1485 θ’.

56 1432 151 1572 sm]
445 1543 466 1575 π
483 1523 599 1576 πολιτῶν
617 1525 663 1576 καὶ
680 1524 859 1598 λειτουργιῶν.
1386 1525 1422 1579 ds
1440 1523 1550 1580 civibus
1569 1528 1598 1579 et
1615 1522 1784 1578 muneribus.

131 1672 166 1725 α’.
270 1664 421 1741 Πολίτην
436 1673 525 1729 ποιεῖ
536 1668 556 1743 η
575 1670 723 1747 γέννησις
742 1665 761 1742 λ)
777 1664 817 1730 τό
833 1668 1105 1752 ἐλευθερωθηναι
1200 1670 1306 1733 Civem
1343 1669 1418 1731 iaoit
1455 1678 1510 1731 eut
1547 1668 1630 1748 origo
1669 1678 1722 1730 aut
1757 1668 1953 1730 manumissio
1979 1674 2039 1730 'aut

204 1769 278 1847 λτύ
295 1772 544 1850 υίσθετηθηναι
562 1774 639 1851 [ful
656 1794 701 1854 pr.
717 1774 756 1835 D.
772 1776 823 1848 50,
842 1774 875 1857 1]
890 1773 947 1838 καλ
964 1777 983 1838 ὁ
999 1778 1107 1839 τικτό·
1134 1778 1257 1859 adoptio
1282 1777 1331 1861 [fr.
1350 1780 1365 1836 1
1383 1797 1428 1858 pr.
1444 1776 1483 1837 D.
1501 1777 1555 1848 50,
1574 1775 1617 1859 1.]
1639 1785 1670 1838 et
1691 1775 1742 1856 qui
1759 1774 1893 1837 nascitur
1906 1774 2038 1856 patriam

203 1898 298 1958 μενος
321 1882 361 1964 τῇ
385 1878 520 1961 πατρίδι
544 1888 605 1943 τοῦ
622 1876 751 1962 πατρὸς
769 1883 888 1961 ἕπεται,
911 1885 939 1944 εί
960 1880 1003 1964 μὴ
1028 1905 1107 1965 προ-
1134 1884 1230 1966 patris
1268 1885 1417 1964 sequitur,
1458 1883 1516 1943 nisi
1553 1882 1744 1963 privilegium
1786 1880 1893 1943 civitas
1931 1882 2037 1943 matris

204 1985 319 2065 νόμιον
351 1987 371 2060 ί]
400 1985 493 2059 πόλις
524 1988 582 2072 ἐχῃ
610 1997 668 2063 της
695 1983 833 2068 μητρὸς,
866 1985 950 2051 ὥστε
981 1990 1107 2070 μᾶλλον
1134 1992 1255 2065 habeat,
1272 1999 1306 2051 ut
1320 2010 1386 2051 eam
1403 1990 1504 2070 potius
1519 1998 1670 2070 sequatur,
1686 1988 1775 2049 siouii
1794 1987 1928 2071 [civitas]
1945 1988 2037 2049 Ilien·

204 2091 288 2176 αὐτῇ
311 2092 524 2172 ἀκολουθεῖν,
553 2094 596 2166 ὡς
619 2095 638 2169 ἡ
663 2103 729 2156 τῶν
757 2094 848 2157 Ιλιύν
874 2093 1018 2158 καὶτῶν
1041 2094 1107 2159 δελ-
1135 2099 1212 2160 sium
1245 2106 1276 2158 et
1306 2096 1529 2178 Delphioorum
1560 2105 1592 2157 et
1622 2094 1825 2156 Ponticorum.
1871 2094 1913 2155 Et
1944 2095 2037 2175 vulgo

204 2207 279 2284 φῶν
310 2196 367 2261 καλ
399 2210 466 2263 τῶν
499 2209 664 2263 ποντικῶν
698 2198 756 2263 καὶ
789 2203 807 2264 ὁ
840 2201 1039 2285 πορνογενίγς
1067 2206 1107 2290 τῇ
1135 2213 1298 2286 conceptus
1320 2203 1475 2266 civitatem
1497 2211 1529 2263 et
1550 2200 1754 2263 oondioionem
1773 2201 1878 2262 matris
1894 2203 2037 2282 sequitur.

206 2304 295 2367 πόλει
320 2316 378 2382 τῆς
400 2303 526 2391 μητρός
548 2304 605 2369 καί
629 2309 670 2393 τῇ
693 2305 776 2393 τύχῃ
800 2307 995 2372 ἀκολουθεῖε
1016 2346 1058 2357 -
1829 2306 1865 2368 fr.
1883 2310 1911 2370 1.
1929 2314 1944 2384 5
1964 2309 1991 2370 1.
2009 2310 2037 2370 2.

727 2414 1106 2492 fr.1.51.2.1>.50.1.

135 2521 167 2594 ῥ’.
272 2515 341 2580 Καί
369 2520 388 2581 ό
418 2517 610 2600 ύπεξσύσιος
638 2522 700 2597 ἐχει
730 2524 859 2598 οἴκησιν
886 2522 947 2585 οὐκ
974 2523 1106 2587 ἐνθαύ
1201 2524 1243 2585 Et
1265 2523 1319 2603 qui
1345 2523 1377 2583 in
1403 2531 1555 2603 postestate
1582 2531 1629 2582 est
1651 2520 1835 2583 domicilium
1862 2521 1955 2583 habet
1976 2542 2037 2583 non

204 2608 279 2707 u—oo,
302 2624 375 2688 ἀλλ’
401 2625 491 2689 ἐνθα
514 2622 615 2699 αὐτὸς
640 2626 788 2712 [ἐζεται];
806 2664 847 2676 -
1025 2630 1061 2691 fr.
1078 2635 1106 2693 3.
1134 2631 1187 2693 ubi
1209 2640 1305 2712 pater,
1328 2629 1382 2691 sed
1405 2629 1459 2691 ubi
1479 2630 1545 2711 ipse
1568 2629 1660 2691 sedet.
1955 2627 1990 2689 fr.
2007 2631 2036 2690 3.

131 2738 165 2811 qs.
270 2730 340 2795 Καὶ
362 2735 397 2795 ἐν
419 2730 599 2818 διαφόροις
622 2733 745 2814 τόποις,
769 2739 803 2797 ἐν
818 2730 868 2810 οἷς
886 2758 937 2809 τις
955 2757 1106 2821 πραγμα-
1200 2738 1243 2800 Et
1264 2737 1296 2799 in
1319 2736 1445 2799 diversis
1467 2735 1555 2811 loois,
1583 2735 1747 2817 inquibus
1770 2735 1880 2817 aliquis
1902 2734 2036 2815 nogotia-

202 2841 339 2918 τευίται,
362 2837 422 2915 τὴν
445 2842 574 2915 οἴκησιν
597 2842 670 2917 ἔχει.
1025 2843 1060 2905 fr.
1078 2848 1106 2907 5.
1134 2855 1194 2923 tur,
1218 2843 1403 2906 domicilium
1426 2842 1528 2905 habet.
1953 2841 1990 2903 fr.
2007 2845 2036 2904 5.

133 2949 166 3004 δ’.
266 2944 299 3009 ‘0
321 2943 392 3019 υίὸς
419 2949 460 3032 τῇ
488 2948 713 3030 ἀρχαιογονία
740 2957 801 3011 τοῦ
827 2947 955 3031 πατρὸς
982 2950 1022 3013 ού
1044 2949 1107 3031 μὴν
1201 2950 1299 3012 Filius
1318 2950 1463 3029 originem
1477 2948 1582 3030 patris,
1606 2969 1666 3009 non
1682 2968 1754 3011 vero
1770 2947 1954 3010 domioilium
1971 2948 2036 3009 eius

203 3054 243 3138 τῇ
260 3052 383 3128 οἰκήσει
400 3053 506 3116 αὐτοῦ
528 3053 720 3117 ἀκολουθεῖ.
756 3052 813 3118 καί
837 3059 871 3118 ἐν
894 3054 968 3118 δυσί
992 3058 1107 3131 τόποις
1134 3058 1279 3140 sequitur.
1316 3066 1347 3120 et
1368 3057 1400 3117 in
1423 3057 1542 3119 duobus
1565 3055 1638 3118 loois
1660 3064 1761 3137 potest
1775 3054 1900 3135 quidam
1922 3053 2035 3116 habere

203 3156 346 3221 δύναταί
366 3181 416 3232 τις
439 3162 523 3237 ἐχειν
546 3163 688 3237 ολκησινε
705 3198 746 3207 -
898 3162 934 3225 fr.
952 3167 980 3224 6.
997 3171 1013 3241 5
1033 3169 1060 3225 1.
1078 3169 1106 3227 2.
1134 3164 1327 3228 domicilium.
1827 3160 1863 3222 fr.
1881 3164 1909 3223 6.
1927 3168 1943 3238 5
1963 3164 1990 3223 1.
2007 3164 2036 3223 2.

270 3264 338 3329 Καὶ
363 3267 396 3328 οί
418 3265 635 3351 ἀπελεύθεροι
659 3264 717 3330 καλ
740 3268 773 3329 οἱ
795 3266 908 3341 παῖδες
931 3270 1042 3333 αὐτῶν
1066 3275 1105 3357 τῇ
1199 3273 1243 3335 Et
1273 3271 1373 3334 liberti
1393 3279 1432 3332 'et
1461 3269 1548 3332 liberi
1574 3289 1678 3331 eorum
1710 3267 1854 3348 originem
1881 3279 1911 3330 et
1943 3270 2036 3331 domi·

202 3371 426 3453 ύρχαιογονίμ
448 3371 506 3436 καί
529 3376 569 3459 τῇ
598 3374 722 3450 οἰκήσει
746 3381 807 3437 τοῦ
831 3373 999 3459 πάτρονος
1029 3379 1106 3441 ciao-
1133 3379 1236 3441 cilium
1259 3377 1381 3460 patroni
1405 3385 1581 3457 sequuntur.
1874 3375 1909 3438 fr.
1927 3379 1954 3437 6.
1972 3382 1988 3452 5
2006 3380 2034 3437 3.

203 3477 407 3542 λουθοῦσινε
423 3517 465 3526 -
945 3482 981 3545 fr.
998 3488 1026 3545 6.
1043 3491 1059 3561 5
1077 3489 1105 3547 3.

131 3594 165 3657 ς.
273 3582 341 3648 Οὐκ
363 3586 611 3666 ἀναγκάζονται
637 3589 671 3650 οἱ
697 3587 937 3670 πολιτευόμενοι
967 3584 1106 3666 ἥττονος
1133 3591 1205 3653 Νοιι
1228 3601 1378 3671 eoguntur
1400 3590 1482 3653 oives
1504 3588 1629 3651 minoris
1651 3587 1740 3669 pretii
1762 3587 1879 3650 eivitati
1902 3588 2035 3650 frumen·

203 3690 385 3772 τιμήματος
407 3697 449 3779 τῇ
472 3693 561 3757 πόλει
586 3693 784 3776 πιπράσκειν
807 3692 866 3758 τὸν
889 3704 996 3759 σῖτονε
1014 3695 1075 3743 —1
1133 3707 1198 3759 tum
1221 3698 1360 3760 vendere.
1953 3694 1987 3754 fr·
2005 3696 2034 3756 8·

52 3844 100 3911 M
114 3847 165 3896 53¹.
854 3802 889 3865 fr.
907 3805 935 3865 6.
951 3804 991 3865 D.
1009 3807 1060 3878 50,
1078 3808 1105 3867 1.

122 3911 165 3966 ιδ’.
266 3903 299 3968 ‘0
337 3904 561 3990 ἀπελεύθερος
598 3903 660 3980 τὰς
693 3906 865 3982 πολιτικὰς
897 3909 1020 3972 ἐκτελεῖ
1046 3911 1106 3973 λιι·
1199 3910 1343 3972 Libertus
1353 3910 1492 3973 civilibus
1502 3908 1678 3970 muneribus
1693 3906 1830 3985 fungitur
1845 3905 1912 3967 etsi
1927 3925 2034 3985 operes

202 4012 369 4095 τσυργίας,
391 4010 455 4075 κύν
471 4013 629 4096 ἐργασίας
644 4013 766 4078 ἐκτελεῑ
784 4018 832 4095 τῷ
848 4016 991 4101 πύτρονι
1015 4015 1106 4094 ἐγκαλ
1133 4016 1242 4080 reddat
1264 4026 1392 4098 patrono
1415 4016 1465 4079 vel
1486 4016 1514 4077 ei
1537 4034 1627 4077 eoeoo
1654 4013 1854 4074 ministerium
1881 4011 2034 4093 praebeat.

203 4118 318 4205 τυφλῷ
335 4119 427 4200 αὐτῷ
450 4119 521 4181 ὄντι
541 4119 695 4201 ὑπηρετεῖ
698 4142 704 4157 ·
730 4120 831 4204 [fr.17
845 4144 891 4203 pr.
904 4124 944 4184 D.
956 4126 1007 4199 50,
1021 4124 1062 4207 1.]
1087 4125 1106 4186 ό
1135 4122 1185 4207 [fr.
1203 4123 1242 4186 17
1258 4143 1305 4204 pr.
1324 4123 1364 4184 D.
1381 4125 1436 4197 50,
1455 4121 1503 4205 L]
1552 4121 1678 4183 libertus
1716 4138 1788 4181 vero
1818 4116 2034 4198 patrimonium

203 4224 236 4286 δὲ
252 4224 477 4310 ἀπελεύθερος
491 4232 554 4288 τοῦ
567 4226 788 4306 συγκλητικοῦ
800 4226 860 4305 τλγν
873 4229 992 4293 οὐσίαν
1002 4231 1107 4294 αὐτοῦ
1133 4231 1197 4292 eius
1220 4229 1434 4293 administrans
1457 4249 1476 4289 a
1499 4226 1597 4289 tutela
1618 4235 1788 4289 exeusatur.
1850 4224 1886 4285 fr.
1904 4226 1954 4286 17.
1970 4229 1987 4300 5
2006 4227 2033 4285 1.

202 4329 336 4394 διοικῶν
351 4337 527 4413 ἐπιτροπῆς
542 4332 825 4414 ἐξκουσατεύεταιτ
841 4371 882 4381 -
921 4336 957 4398 fr.
976 4340 1025 4400 17.
1043 4345 1059 4415 5
1078 4342 1105 4400 1.

266 4436 299 4501 Ὁ
322 4441 358 4502 ἐκ
380 4448 438 4515 τῆς
461 4440 692 4521 αἰχμαλωσίας
715 4440 932 4527 ὑποστρέψας
960 4445 1105 4529 λειτουρ·
1200 4441 1261 4520 Qui
1283 4464 1322 4506 ex
1344 4442 1481 4504 hostibus
1509 4441 1598 4503 rediit
1623 4437 1801 4502 incivitate
1828 4457 1884 4499 sua
1906 4439 2034 4501 muneri-

201 4553 254 4625 γεῖ
272 4549 306 4607 ἐν
329 4549 369 4631 τῇ
392 4546 483 4609 πόλει
506 4546 611 4610 αὐτοῦ
632 4544 697 4610 κᾶν
719 4551 753 4610 ἐν
775 4549 872 4632 ἐτέρρι
894 4551 1004 4625 όντοςι
1021 4548 1083 4599 —²
1133 4550 1189 4612 bus
1204 4548 1350 4628 fungitur,
1372 4548 1511 4630 quemvis
1525 4547 1557 4608 in
1572 4547 1634 4608 alia
1650 4546 1806 4609 oonsistat.
1848 4544 1884 4605 fr.
1903 4547 1952 4607 17.
1970 4551 1985 4621 5
2004 4548 2034 4607 6.

922 4656 958 4720 s.
976 4662 1026 4720 ιτ.
1042 4665 1058 4735 ς
1077 4663 1105 4720 o.

273 4754 319 4820 Τὸ
347 4757 567 4843 λειτούργημα
594 4770 653 4836 τῆς
676 4758 821 4835 ἀνύσεως
844 4772 911 4824 τῶν
938 4760 1106 4842 δημοσίαν
1199 4760 1425 4840 Exigendorum
1441 4759 1633 4841 publicorum
1648 4758 1831 4819 tributorum
1846 4776 1957 4818 munus
1971 4778 2033 4819 non

202 4865 263 4928 ούκ
286 4868 356 4928 ἐστι
380 4864 605 4949 ῥυπαρόνε-
886 4924 889 4929 ,
920 4868 956 4929 fr.
974 4870 1024 4931 17.
1041 4874 1057 4946 5
1077 4873 1104 4931 7.
1132 4876 1178 4929 est
1200 4866 1364 4929 sordidum.
1850 4862 1886 4923 fr.
1905 4866 1954 4925 17.
1971 4868 1988 4939 5
2006 4867 2035 4924 7.

266 4969 298 5035 '0
320 4973 624 5035 fideicommissarc'ms
647 4971 889 5055 ἐλευθερωθεὶς
909 4977 942 5036 ἐν
957 4977 997 5059 τῇ
1014 4974 1103 5037 πόλει
1198 4973 1261 5050 Qui
1284 4993 1323 5035 ex
1336 4971 1566 5034 fideicommisso
1580 4970 1784 5032 manumissus
1799 4979 1845 5031 est
1863 4971 1894 5029 in
1910 4969 2033 5032 civitate

201 5087 263 5141 τοῦ
277 5079 512 5164 ἐλευθερώτου,
532 5080 572 5142 οὐ
586 5077 650 5160 μὴν
665 5087 725 5142 τοῦ
738 5079 982 5152 καταλιπόντος
1001 5079 1105 5156 αὐτὴν
1131 5081 1205 5155 eius,
1231 5080 1285 5159 qui
1310 5098 1380 5140 eum
1407 5078 1562 5151 liberavit,
1591 5097 1652 5137 non
1675 5077 1753 5150 eius,
1785 5077 1838 5156 qui
1864 5075 2034 5138 libertatem
2100 5122 2102 5126 -

201 5185 393 5268 λειτουργεῖε
417 5223 459 5232 -
920 5188 956 5249 fr.
975 5189 1024 5249 17.
1041 5193 1057 5263 5
1075 5189 1103 5248 8.
1131 5186 1261 5267 reliquit,
1284 5204 1411 5247 munera
1433 5184 1523 5246 subit.
1851 5182 1887 5243 fr.
1905 5184 1955 5244 17.
1971 5187 1988 5258 5
2005 5183 2034 5242 8.

265 5290 297 5356 ‘0
319 5290 410 5355 κατὰ
433 5291 560 5368 πλοίνην
583 5293 628 5366 ὡς
643 5293 777 5370 πολίτης
792 5293 991 5377 λειτουργεῖν
1009 5297 1104 5373 ἐπαγ·
1197 5293 1262 5370 Qui
1283 5313 1338 5374 per
1352 5312 1481 5353 errorem
1497 5298 1653 5370 tamquam
1668 5290 1743 5352 civis
1758 5288 1934 5350 muneribus
1948 5287 2034 5367 iungi
2099 5362 2102 5369 .

201 5398 389 5479 γειλσίμενος
399 5400 460 5462 οὐκ
470 5399 602 5464 ἀπόλλει
620 5397 679 5476 τὴν
688 5407 749 5462 τοῦ
757 5399 861 5481 νόμον
873 5397 1102 5483 βούθειανε-
1131 5399 1270 5480 promisit
1283 5419 1344 5460 non
1362 5398 1463 5479 perdit
1484 5397 1557 5459 iuris
1579 5395 1755 5458 remedium.
1829 5394 2034 5469 fr.17.510.

897 5506 932 5567 s.
952 5510 1001 5568 17.
1019 5513 1034 5583 ς
1054 5506 1104 5569 10.

266 5611 299 5676 Ὁ
331 5610 400 5686 υίὸς
427 5617 461 5675 ἐν
489 5616 586 5697 ἑτέρα
616 5612 704 5676 πόλει
736 5614 838 5674 οἰκῶν
867 5612 928 5674 οὐκ
958 5613 1103 5692 ύναγκεί-
1197 5612 1296 5674 Filius
1322 5612 1354 5673 in
1377 5610 1440 5672 elia
1462 5609 1585 5670 civitate
1606 5608 1751 5671 habitans
1778 5627 1840 5669 nou
1862 5607 1981 5686 cogitur
2002 5606 2034 5666 in

201 5720 289 5798 ζεται
314 5719 512 5801 λειτουργεῖν
535 5724 567 5782 ἐν
590 5723 630 5806 τῇ
655 5719 778 5795 οἰκήσει
802 5719 1022 5802 torismodo.
1131 5719 1281 5781 domicilio
1303 5718 1399 5798 patris
1422 5714 1599 5777 muneribus
1621 5715 1716 5794 fungi.
1827 5713 1865 5775 fr.
1882 5715 1964 5788 175
1984 5713 2033 5771 11.

898 5825 933 5885 fr.
952 5827 1000 5887 17.
1018 5831 1034 5901 ς
1054 5827 1102 5887 11.

274 6000 284 6034 ¹
302 6001 388 6057 babet
405 6001 472 6072 Syn.
545 5999 613 6054 'ita
631 6000 692 6053 eod.

264 6099 330 6140 saul.
354 6098 439 6139 mvn.
