4978 7018
390 450 432 529 ts
772 458 926 532 LIBER
947 462 1074 534 XXXI.
1106 462 1195 534 utu.
1210 460 1493 535 VII-LIBER
1514 460 1658 532 XXXII.
1690 460 1780 531 ulu.
1803 458 1831 529 I.

388 644 561 729 ἀργυρίοις
583 642 822 730 ἀγορασθιλςῑ,
846 648 930 711 έοικε
944 644 1010 734 γάρ
1027 650 1046 713 d
1062 646 1291 734 ἐλευθερώσας
1318 659 1437 731 emptus
1453 659 1512 724 εις
1534 666 1606 712 nam
1629 650 1676 711 est
1697 646 1804 710 similis
1825 646 1852 708 is
1874 645 1927 727 qui
1943 664 2013 707 enm
2035 641 2178 705 liberavit
2192 641 2221 704 ei

388 749 492 816 αύτδν
526 756 573 834 τῷ
605 752 806 817 άπολέσαντι
838 751 878 818 τὸ
910 753 1135 819 deicerentur
1161 756 1290 822 ἀπελευ-
1317 758 1369 839 qni
1390 757 1438 819 ins
1460 762 1639 839 patronatus
1662 754 1795 818 amiserit
1816 754 1984 817 mercedem
2006 749 2191 831 accipiendo.

388 857 504 942 θέρων
526 854 583 922 διά
605 868 666 923 τοῦ
687 859 802 945 λαβεῖν
823 860 981 942 μισθούς.
1105 864 1141 926 ir.
1158 868 1186 926 5.
1204 872 1220 942 ξ
1238 868 1289 928 22.
2036 852 2072 920 fi·-
2089 862 2118 922 5·
2134 858 2151 930 i
2168 857 2219 918 22·

454 963 513 1041 Μὴ
538 967 635 1041 ὄντος
658 967 828 1052 πάτρονος
850 967 869 1044 ἢ
894 967 1022 1032 παίδων
1045 971 1162 1049 αὐτοῦ,
1186 973 1287 1053 ἀναγ-
1381 970 1455 1033 Non
1476 980 1601 1033 extante
1615 978 1744 1052 patrono
1762 968 1903 1032 liberisve
1918 968 1983 1031 eiua
1999 969 2119 1047 cogitur
2132 968 2220 1031 liber·

385 1071 521 1152 κάζεται
554 1076 573 1137 ὁ
605 1073 828 1159 ἀπελεύθερος
860 1075 1009 1162 εὐπορῶν
1038 1074 1099 1141 τδν
1128 1062 1200 1162 π-ρα
1230 1078 1287 1144 καλ
1314 1087 1365 1140 tus
1387 1077 1521 1160 locuples
1543 1087 1663 1160 patrem
1677 1087 1709 1139 et
1723 1084 1850 1138 matrem
1868 1075 1990 1157 patroni
2008 1073 2115 1156 inopes
2130 1075 2219 1137 alere.

386 1176 446 1257 τῆν
468 1163 546 1266 μ-ρα
561 1190 622 1245 τοῦ
644 1180 813 1268 πάτρονος
835 1185 970 1270 τρέφειν
992 1187 1194 1266 πενομένους.
2035 1181 2071 1243 fr.
2089 1185 2119 1244 t.
2135 1187 2151 1258 5
2169 1180 2219 1244 26.

1104 1290 1139 1354 fr.
1156 1296 1185 1356 5.
1202 1300 1218 1370 ξ
1236 1296 1286 1356 26.

450 1390 525 1458 ’Eois
541 1397 567 1474 ί,
575 1393 799 1480 ἀπελεύθερος
815 1388 1007 1484 ἀποδειχθῇ
1021 1397 1102 1483 βίαν
1111 1396 1288 1480 ἐπαγαγὼν
1381 1398 1563 1462 sinbertus
1593 1397 1741 1480 probatur
1766 1397 1829 1460 vim
1855 1395 1992 1458 intulisse
2019 1403 2148 1477 patrono
2170 1395 2219 1459 vel

385 1503 432 1580 τῷ
464 1492 626 1585 πάτρανιῖ
657 1501 677 1579 b
704 1501 863 1588 σφοδρῶς
890 1502 1004 1589 τύψας
1031 1503 1051 1581 b
1078 1509 1112 1568 έν
1138 1503 1245 1586 ένδείρι
1268 1505 1287 1583 i
1314 1507 1448 1585 graviter
1469 1500 1653 1587 percussisse
1675 1500 1726 1568 tel
1744 1524 1813 1566 eum
1835 1503 1867 1564 in
1889 1511 2026 1583 egestate
2048 1501 2099 1564 vel
2120 1504 2152 1563 in
2175 1503 2218 1563 in·

384 1606 550 1688 ἀσθενείᾳ
570 1606 765 1672 καταλιπὼν
788 1606 900 1689 αύτδν,
929 1622 1064 1695 πρῶτον
1086 1612 1145 1694 μέν
1167 1617 1211 1687 εἰς
1227 1610 1288 1689 τῆν
1314 1608 1456 1676 firmitate
1478 1613 1682 1694 dereliquisse,
1704 1612 1837 1693 primum
1857 1610 1890 1672 in
1913 1616 2095 1691 potestatem
2118 1628 2218 1672 rever-

384 1714 539 1796 ἐξουσίαν
560 1711 662 1788 αύτδς
684 1714 885 1801 ὑποστρέφει
909 1720 1101 1803 έπεργιίσων
1123 1720 1286 1801 αύτῳ”·εί
1315 1720 1389 1781 titur
1418 1740 1473 1800 pro
1510 1740 1545 1782 eo
1577 1740 1653 1801 opus
1690 1719 1840 1793 facturum
1861 1718 1920 1780 ain
1951 1725 2055 1778 autern
2086 1736 2143 1779 nee
2174 1716 2219 1778 sle

384 1819 419 1884 δὲ
440 1820 520 1903 μήτε
543 1816 648 1895 ούτως
674 1821 892 1910 ύπομνησθῇ,
920 1827 1143 1911 πιπράσκεται
1166 1825 1223 1891 καὶ
1246 1824 1286 1891 τὸ
1315 1827 1521 1902 admoneatur,
1546 1827 1687 1890 venditur
1708 1835 1739 1888 et
1760 1824 1892 1906 pretium
1914 1820 2006 1886 datur
2027 1833 2165 1904 patrono.

382 1927 508 2010 τίμημα
531 1925 662 1991 δίδοται
685 1933 734 2011 τῷ
757 1928 926 2014 πάτρουι.8
1124 1934 1160 1995 ir.
1177 1938 1205 1996 6.
1223 1941 1239 2011 5
1259 1938 1285 1996 1.
2056 1931 2218 2007 fr.6.§1.

316 2042 347 2106 ζ’.
446 2031 479 2099 Ὁ
494 2034 597 2117 λέγων
612 2033 786 2100 δύνασθαι
803 2036 958 2102 δεικνύειν
973 2036 1094 2115 δούλην
1108 2038 1169 2117 τῆν
1183 2041 1287 2107 αὐτοῦ
1379 2041 1444 2119 Qui
1467 2040 1511 2102 ait
1532 2060 1619 2122 posse
1643 2040 1800 2102 ostendere
1827 2054 1947 2102 servam
1971 2044 2037 2100 esee
2059 2037 2218 2117 coniugem

382 2140 527 2224 γαμετὴν
550 2146 584 2206 έν
606 2147 653 2224 τῷ
676 2140 799 2227 μεταξύ
817 2148 950 2231 τρέφειν
973 2147 1185 2231 ἀπροκρίτως
1208 2145 1286 2222 τούς
1313 2168 1408 2224 auam,
1435 2149 1552 2210 interea
1578 2148 1642 2209 sine
1667 2146 1856 2228 praeiudioio
1883 2146 1961 2208 tilios
1984 2145 2065 2208 alere
2092 2144 2218 2226 cogitur.

383 2247 507 2324 παίδας
529 2249 779 2331 ἀναγκάζεται.4
1203 2254 1239 2318 fr.
1258 2261 1285 2318 7.
2135 2252 2171 2314 fr.
2189 2257 2217 2314 7.

306 2364 346 2419 δ’.
450 2357 583 2432 Ζωυτος
601 2367 662 2422 τοῦ
680 2358 914 2443 ἀπελευθέρου,
930 2357 1061 2424 δίκαιον
1077 2359 1171 2424 οὐδὲν
1186 2364 1285 2440 έχειὸ
1379 2361 1461 2426 Vivo
1493 2362 1609 2435 liberto,
1641 2361 1718 2423 nihil
1748 2361 1821 2421 iuris
1857 2359 1952 2422 habet
1981 2368 2129 2441 patronus
2166 2359 2217 2421 vel

383 2464 521 2549 πάτρων
535 2463 556 2541 ί)
571 2465 590 2527 δ
606 2461 676 2539 υίδς
691 2466 796 2529 αὐτοῦ
810 2463 894 2551 πρδς
909 2463 953 2531 τά
973 2469 1157 2552 πράγματα
1172 2470 1284 2548 αὐτοῦ,
1312 2468 1392 2532 filius
1415 2469 1479 2531 eius
1505 2470 1538 2530 in
1559 2489 1606 2531 res
1628 2466 1724 2544 illius,
1752 2467 1811 2529 nisi
1837 2467 1945 2549 probet
1971 2466 2063 2530 indici
2085 2487 2118 2530 se
2141 2467 2217 2529 adeo

383 2575 409 2634 al
432 2568 475 2653 μῆ
504 2569 593 2657 δείξῃ
616 2575 664 2653 τῷ
686 2574 827 2657 άργοντι
850 2583 1016 2638 τοσοῦτον
1042 2576 1202 2639 ἀσθενεῖν
1228 2574 1284 2639 καλ
1312 2574 1462 2638 infirmum
1485 2594 1709 2657 pauperemque
1731 2595 1809 2650 esse,
1837 2584 1873 2636 ut
1898 2574 2034 2655 indigeat
2055 2575 2217 2636 menstruis

384 2678 547 2742 πένεσθαι
563 2680 607 2752 ιύς
623 2677 760 2743 δεῖσθαι
776 2682 931 2761 μηνιαίας
942 2684 1119 2767 γορηγίαςε
1136 2720 1177 2729 -
1209 2682 1245 2745 ir.
1257 2686 1284 2746 9.
1313 2682 1473 2745 alimentis.
2133 2680 2169 2742 fr.
2186 2685 2216 2743 9.

304 2789 347 2845 ιδ’.
450 2785 595 2849 Κάκεῖνο
619 2785 653 2849 δέ
677 2784 885 2850 διατυπῶσαι
901 2788 1083 2872 συνίδομευ,
1107 2788 1163 2853 ίνα
1178 2793 1285 2853 είποτε
1378 2788 1421 2851 Et
1448 2789 1525 2851 illud
1547 2790 1789 2852 constituendum
1819 2788 2029 2869 cognovimns,
2056 2797 2092 2850 ut
2114 2789 2139 2850 si
2162 2791 2398 2850 υε-Ν117.α7.

248 2874 346 2989 γ’νρρι,
383 2888 443 2955 τὸν
465 2889 588 2975 μεταξύ
611 2890 734 2977 ἀνδρὸς
755 2892 812 2957 καί
831 2892 988 2974 γυναικὸς
1010 2897 1119 2977 γάμον
1137 2896 1283 2973 λυθῆναι
1312 2917 1404 2977 quam
1435 2897 1514 2959 inter
1544 2897 1643 2959 virum
1669 2905 1701 2959 et
1731 2916 1856 2975 uxorem
1883 2896 2108 2959 matrimonium
2139 2896 2217 2958 solvi

267 3007 292 3041 ²¹·
305 2986 334 3050 ἶ·
384 2997 539 3083 συμβαίη,
564 3002 597 3063 ol
619 3003 655 3063 έκ
677 3008 739 3064 τοῦ
760 3000 917 3064 τοιούτου
939 3003 1049 3083 γάμου
1071 3002 1285 3084 γεννηθέντες
1312 3004 1477 3084 contigerit,
1501 3005 1554 3084 qui
1577 3025 1615 3066 ex
1637 3023 1673 3065 eo
1688 3003 1879 3066 matrimonio
1894 3003 1960 3066 nati
1975 3003 2036 3065 sint
2050 3002 2105 3065 filii
2119 3002 2216 3064 nullo·

384 3106 497 3180 παῖδες
511 3105 622 3188 μηδενὶ
641 3107 755 3190 τρόπῳ
778 3106 953 3193 βλαβῶσιν
971 3113 1006 3173 ἐκ
1022 3120 1080 3186 τῆς
1096 3109 1285 3193 διαζεύξεως
1312 3112 1401 3173 modo
1425 3111 1535 3172 damno
1559 3110 1739 3173 adficiuntur
1765 3111 1948 3173 matrimonii
1970 3110 2133 3186 solutione;
2162 3110 2218 3173 sed

383 3221 445 3277 τοῦ
469 3215 591 3295 γάμου,
620 3210 706 3277 ἀλλά
729 3211 811 3298 πρὸς
839 3213 899 3293 τὴν
925 3226 993 3279 τῶν
1018 3220 1142 3297 γονέων
1168 3216 1285 3303 κληρο-
1314 3218 1353 3279 ad
1374 3227 1535 3299 parentum
1562 3218 1761 3280 hereditatem
1784 3228 1931 3282 vocentur
1956 3239 1994 3279 ex
2021 3217 2118 3299 patris
2146 3216 2216 3279 sub·

382 3320 502 3401 νομίαν
515 3320 757 3384 καλείσθωσαν
772 3322 808 3385 έκ
822 3332 881 3398 τῆς
897 3332 958 3386 τοῦ
972 3345 1035 3404 πρς
1051 3324 1167 3398 οὐσίας
1183 3326 1285 3406 ἀναμ
1313 3325 1427 3387 stantia
1457 3325 1521 3386 aine
1553 3323 1619 3385 alla
1648 3325 1854 3387 oontroversia
1890 3345 1923 3386 se
1955 3325 2084 3388 alentes:
2122 3333 2154 3386 et
2190 3325 2218 3385 ai

383 3424 557 3514 φισβύτως
580 3429 856 3514 ἀποτρεφόμευοι.
892 3428 950 3494 καὶ
966 3434 992 3493 εὶ
1012 3431 1070 3513 μέν
1093 3432 1111 3494 ὀ
1134 3416 1205 3517 {qd
1226 3429 1285 3508 την
1312 3440 1545 3512 paternensem
1569 3432 1690 3494 divortii
1711 3432 1854 3513 praebuit
1875 3440 1907 3494 et
1928 3440 2026 3493 mater
2049 3432 2088 3493 ad
2111 3452 2218 3493 secun·

383 3535 558 3622 πρόφασιν
581 3546 639 3611 τῆς
662 3534 851 3617 διαζεύξεως
875 3534 1094 3638 πάρεσγε-καλ
1117 3524 1217 3623 ημῙ-ηρ
1241 3543 1285 3613 είς
1313 3538 1368 3600 das
1399 3559 1460 3600 non
1492 3539 1611 3601 venerit
1641 3540 1773 3620 nuptias,
1804 3559 1897 3622 penes
1929 3550 2056 3601 matrem
2086 3539 2218 3613 alanum,

383 3639 535 3724 δεύτερον
551 3642 612 3705 οὐκ
626 3637 712 3720 ἦλθε
727 3645 835 3726 γάμου
851 3640 944 3729 παρά
964 3647 1005 3731 τῇ
1019 3667 1076 3728 μρι
1093 3644 1283 3733 τρέφεσθαι
1312 3653 1450 3726 sumptus
1472 3646 1636 3726 praebente
1659 3646 1788 3726 [seilicet
1809 3648 1917 3728 patro].
1999 3646 2079 3708 Nos.
2098 3649 2171 3720 117,
2189 3649 2217 3708 7.

382 3743 444 3820 τάς
467 3747 620 3823 δαπάνας
641 3750 877 3835 παρέχοντος.“
1029 3752 1108 3815 Nor.
1126 3755 1198 3815 117.
1214 3774 1239 3815 ο.
1257 3755 1284 3814 7.

208 3980 366 4091 δραμε
624 4013 808 4085 auctora,
828 4014 1038 4071 creatorae
1528 4015 1695 4074 amotus
1713 4016 1736 4085 1,
1754 4015 1994 4073 nmarxxxn
2236 4022 2390 4076 ursas

382 4139 515 4211 περὶτῶν
533 4136 561 4193 tu
579 4137 674 4194 νδθων
690 4141 842 4214 γενομένων
859 4143 976 4215 γνησίων
992 4142 1038 4194 καὶ
1057 4143 1108 4196 τῶν
1124 4143 1286 4196 παλλακῶν.ο
1313 4143 1349 4197 de
1367 4144 1403 4197 iis
1421 4144 1469 4213 qui
1483 4158 1518 4198 ex
1529 4141 1703 4198 naturalibus
1721 4142 1840 4214 legitimi
1858 4140 1930 4198 fiunt
1948 4148 1977 4199 el
1988 4143 2024 4198 du
2043 4142 2215 4200 concubinis

299 4286 348 4341 αδ
449 4278 496 4345 st
520 4302 570 4356 τις
593 4284 738 4364 γνησίων
760 4288 807 4362 εἴη
831 4283 959 4348 παίδων
982 4283 1092 4370 πατὴρ
1115 4280 1172 4349 καὶ
1192 4286 1286 4349 ἀπελ-
1379 4287 1413 4351 si
1443 4289 1510 4369 quis
1541 4288 1739 4369 ingenuorum
1771 4288 1864 4351 inerit
1893 4287 2024 4350 filiorum
2055 4297 2143 4370 pater
2175 4297 2215 4360 et,

382 4387 516 4465 θούσης
539 4391 644 4454 αὐτοῦ
666 4402 724 4468 τῆς
746 4402 888 4474 γαμετῆς
910 4392 945 4475 έξ
968 4392 1164 4478 ἀνθρώπων
1187 4391 1206 4470 η
1228 4391 1286 4457 καλ
1313 4394 1459 4456 defuncta
1489 4395 1554 4457 eius
1585 4415 1679 4457 uxore
1709 4395 1800 4457 rebus
1830 4394 1972 4458 humanis
2001 4386 2051 4458 vei
2083 4390 2216 4475 legitime

383 4497 528 4578 νομίμως
555 4496 772 4573 διαλυθείσης
798 4502 867 4576 έχοι
895 4494 973 4562 τινὰ
996 4499 1181 4576 συνήθειαν
1203 4497 1287 4584 πρὸς
1314 4500 1443 4565 divortio
1475 4500 1569 4577 litato,
1604 4501 1746 4565 habuerit
1775 4502 1931 4584 quandam
1967 4500 2216 4565 consuetudinem

383 4603 486 4680 ἀλλην
516 4602 660 4686 γύναικα
696 4602 737 4682 ἣν
768 4605 842 4688 ἐξῆν
872 4604 929 4670 καλ
961 4606 1105 4688 νομίμως
1136 4606 1286 4688 άγεσθαι
1314 4629 1383 4670 eum
1410 4607 1472 4671 alia
1499 4609 1637 4684 muliera,
1669 4629 1761 4690 quam
1793 4606 1927 4672 licuisset
1954 4609 1982 4672 εἰ
2009 4609 2075 4671 iure
2103 4609 2216 4672 ducere

384 4708 529 4792 γαμετὴν
564 4709 621 4775 καὶ
658 4714 807 4793 γένοιντο
844 4712 957 4787 παῖδες
994 4714 1086 4795 αύτῷ
1118 4709 1183 4798 πρδ
1220 4722 1287 4776 τῶν
1315 4734 1448 4791 uxorem,
1476 4717 1601 4798 natique
1628 4716 1689 4779 sint
1715 4718 1742 4779 ei
1769 4716 1823 4778 filii
1849 4725 1921 4779 ante
1953 4716 2102 4779 dotalium
2128 4715 2217 4779 tabu-

457 4924 467 4957 ¹
485 4923 629 4995 bucusque
646 4924 719 4995 Tip.,
737 4925 812 4979 ande
833 4924 870 4979 H.
906 4924 981 4980 Male
999 4925 1103 4996 legitur
1124 4925 1200 4995 apud
1222 4925 1286 4996 Tip.

382 5010 447 5067 ’ύπὸ
466 5010 530 5087 ὅρον
548 5012 769 5085 ίλευθερωθιίς’.
801 5012 876 5069 Vera
893 5013 977 5068 leutio
995 5031 1070 5069 nune
1088 5030 1122 5068 ex
1140 5013 1211 5068 libro
1229 5031 1287 5068 am-

384 5100 516 5157 brosiano
534 5105 697 5158 restituitur.
774 5101 928 5175 ’πατρώνη
947 5100 1015 5158 uod.
1093 5101 1105 5134 ⁸
1123 5102 1187 5157 Non
1205 5102 1288 5174 longe

385 5190 468 5251 aliter
484 5191 553 5262 Epa
572 5197 655 5246 aucta
672 5190 836 5246 XXXVIII.
851 5197 893 5245 66.
907 5195 949 5245 66.
1025 5190 1037 5222 ⁴
1056 5189 1099 5245 cf.
1117 5191 1187 5262 Epa.
1206 5198 1289 5246 aneta

384 5274 487 5336 XLVI.
512 5285 554 5334 14.
653 5280 728 5334 8Ει
755 5279 822 5350 Syn.
848 5280 909 5348 (sed
935 5296 1025 5350 usque
1052 5279 1137 5335 adv.
1163 5279 1288 5352 ’ἀποτρε-

385 5367 522 5441 φόμενοί)
539 5369 672 5425 exhibent
689 5370 720 5424 F.
733 5364 769 5424 Η.
806 5368 873 5440 Syn.
892 5369 946 5423 hoo
963 5374 1049 5438 eaput
1064 5374 1197 5439 tanquam
1216 5368 1289 5423 XIII

384 5459 468 5514 huius
485 5459 559 5513 tituli
576 5456 685 5528 laudat3
703 5461 764 5514 cod.
777 5457 967 5514 ambrosianus
979 5455 1126 5513 manifeste
1139 5456 1224 5513 babet
1236 5456 1288 5512 IA'

385 5565 449 5604 cum
468 5566 523 5620 quo
541 5550 671 5621 congruit
688 5549 867 5605 Novellarum
885 5547 982 5614 index,
1005 5549 1053 5617 qui
1076 5546 1202 5619 Reginae
1221 5547 1288 5601 dioi-

385 5642 443 5692 tur:
467 5636 503 5692 of.
522 5637 679 5693 Heimbaeh
696 5637 844 5692 Aneodota
861 5636 904 5704 11,
923 5640 983 5690 246.
1073 5635 1085 5669 ⁸
1103 5637 1152 5690 sed
1171 5637 1200 5690 in
1219 5634 1287 5691 Ood.

385 5730 430 5780 καί
439 5725 534 5781 νόθων
546 5726 650 5781 παίδων
662 5730 707 5781 καὶ
717 5746 746 5781 π.
769 5725 830 5780 lnd.
841 5724 925 5782 (toul.
935 5730 964 5781 et
971 5725 1035 5794 Tip.
1045 5722 1151 5779 ‘addua
1162 5722 1288 5779 uuldnr’.

441 5816 451 5848 ²
469 5815 532 5888 lege
555 5814 592 5871 δ’.
647 5816 659 5849 ⁸
675 5815 759 5871 Patet
775 5817 862 5887 igitur
878 5815 1100 5870 luculentissimo
1119 5813 1288 5869 ambrosiani

387 5905 491 5960 codicis
508 5907 668 5961 testimonio
681 5906 756 5976 qnod
773 5904 860 5960 fuerit
876 5906 996 5976 primum
1011 5904 1094 5959 huius
1106 5903 1182 5958 tituli
1194 5908 1286 5974 eaput.

386 5996 511 6067 longius
533 5999 636 6051 erravit
653 5995 689 6050 II.
709 5997 757 6066 qui
780 5994 851 6049 del.
871 6000 905 6050 10
924 5992 999 6050 cod·
1016 5994 1060 6062 (V,
1077 5995 1122 6062 27)
1144 5994 1286 6064 cogitavit.
