4978 7018
900 444 1053 513 LIBER
1074 444 1167 513 XIX.
1211 446 1300 515 als.
1322 447 1364 513 K
1386 446 1464 517 xli.
2052 450 2095 513 25

264 632 363 691 alneis
385 627 429 699 ὡς
452 624 567 702 ἐδέθη·
595 625 808 690 ἀντιτίθεται
836 622 902 712 γὰρ
926 628 973 708 τῷ
988 626 1165 711 ἀγοραοτη·
1191 648 1283 708 quam
1319 628 1418 690 dieere
1453 628 1486 691 in
1511 628 1641 691 vinealis
1672 629 1766 710 [eam]
1801 628 1902 703 fuisse,
1934 629 2096 710 opponitur

264 730 474 820 παραγραφὴ
500 734 699 813 γινώσκοντι
726 731 799 817 περί
825 743 884 810 τῆς
911 742 1019 820 φυγῆς
1047 732 1067 810 ἢ
1098 743 1165 797 τᾶν
1192 736 1272 797 enim
1294 736 1422 815 emptori
1436 735 1587 816 exoeptio:
1611 735 1733 808 „sinon
1748 735 1866 798 noverit
1888 735 1926 797 de
1949 735 2023 816 fuga
2040 743 2095 797 sut

264 838 392 922 δεσμῶν
406 838 465 903 καί
479 849 546 903 τᾶν
561 840 696 922 δμοίοινι
713 837 775 887 -¹
812 839 1164 917 fr.43.53.41).21,1.
1192 841 1230 903 de
1251 840 1381 905 modulis
1403 851 1434 903 et
1456 841 1632 904 similibus.“
1702 841 1738 903 ir.
1754 842 1806 905 48.
1823 847 1839 918 ξ
1857 844 1925 905 3.4.
1941 841 1981 903 D.
1998 843 2049 917 21,
2067 844 2095 903 1.
2208 858 2213 866 ·

327 961 451 1042 Ἐπειδὴ
489 967 668 1050 ὡρισμένος
699 961 790 1027 ἐστὶν
826 966 845 1028 ὁ
874 965 999 1048 χρόνος
1030 974 1098 1027 τῶν
1131 962 1166 1046 ἐξ
1259 965 1412 1042 Quoniam
1435 965 1510 1028 utile
1533 975 1580 1028 est
1601 974 1722 1051 tempus
1744 986 1799 1028 sex
1818 967 1966 1028 mensium
1984 967 2096 1028 aetioni

262 1082 373 1153 μηνῶν
399 1082 458 1149 τῆς
485 1068 558 1157 περὶ
585 1073 805 1157 ἀναστροφῆς
833 1072 974 1152 ἀγωγῆς,
1007 1070 1047 1133 οὐ
1077 1069 1168 1133 δοκεῖ
1191 1072 1414 1167 redhibitoriae,
1438 1092 1501 1134 non
1519 1072 1640 1134 videtur
1661 1071 1839 1135 facultatem
1861 1072 2004 1135 habuisse
2026 1074 2094 1154 quis

262 1180 429 1263 εὐχέρειαν
450 1180 623 1256 ἐσχηκέναι
646 1186 708 1241 τοῦ
728 1188 860 1254 κινῆσαι
878 1173 933 1240 ὅτε
955 1177 1168 1241 λανδάνεταί
1193 1179 1310 1260 agendi,
1333 1198 1402 1241 eum
1424 1180 1577 1259 ignoraret
1599 1214 1641 1227 -
1666 1215 1708 1225 -·
1733 1214 1776 1225 -
1799 1214 1842 1224 —
1928 1215 1970 1226 -
1990 1179 2026 1240 fr.
2043 1182 2094 1242 55.

263 1307 313 1360 τις
348 1319 996 1333 ————————
1061 1284 1096 1346 fr.
1113 1288 1164 1347 55.

210 1416 225 1470 ¹.
327 1406 402 1473 Ἐὰν
426 1406 487 1493 [ἐνί
514 1408 672 1491 τιμήματι
695 1407 846 1492 δούλους]
876 1403 1017 1482 πολλοὺς
1044 1409 1164 1492 ὴγόρα-
1258 1409 1292 1472 si
1320 1408 1396 1492 [uno
1426 1410 1524 1491 pretio
1553 1412 1668 1491 servos]
1698 1409 1803 1492 piures
1835 1410 1945 1485 emisti,
1978 1410 2030 1473 sed
2057 1409 2096 1473 de

262 1538 334 1596 σας,
358 1512 444 1580 ἀλλά
467 1514 540 1600 περί
563 1524 625 1580 τοῦ
639 1512 711 1589 ἐνὸς
734 1514 838 1601 θέλῃς
855 1525 989 1591 κινῆσαι
1006 1511 1089 1598 πρδς
1104 1512 1165 1591 τὴν
1192 1536 1252 1578 uno
1275 1535 1364 1596 agere
1378 1515 1462 1590 velia
1485 1517 1651 1579 seeundum
1672 1517 1840 1579 bonitatem
1861 1517 1897 1579 fit
1917 1517 2094 1591 aestimatio,

260 1620 425 1700 καλλονῆν
446 1625 467 1699 iv
489 1623 690 1705 ἀποτίμησις
711 1622 836 1702 γίνεται
860 1616 940 1704 ὅπερ
963 1621 1089 1701 γίνεται
1106 1618 1164 1685 καί
1191 1623 1223 1684 id
1249 1623 1331 1704 quod
1357 1623 1392 1685 fit
1418 1624 1509 1687 etiam
1537 1644 1606 1686 eum
1632 1643 1704 1705 pars
1732 1624 1846 1688 venditi
1877 1623 1965 1686 fundi
1998 1623 2093 1707 [avin-

262 1726 317 1793 δτε
339 1732 438 1813 μέρος
459 1737 521 1793 τοᾶ
542 1730 736 1814 πραθέντος
758 1730 865 1811 ἀγροῦ
887 1727 1104 1812 [ἐκνικεῑται]ι
1121 1765 1162 1776 -
1192 1728 1302 1813 estu}
1938 1729 1974 1791 fr.
1992 1732 2034 1792 64
2048 1752 2093 1812 pr.

1008 1835 1044 1897 fr.
1062 1840 1103 1899 64
1118 1857 1163 1918 pr.

207 1968 223 2020 ‘.
324 1961 371 2023 ‘H
387 1957 470 2042 μετὰ
492 1958 554 2038 τῆν
576 1970 701 2045 πρᾶσιν
720 1967 782 2022 τοῦ
796 1962 926 2022 οίκέτου
948 1957 1048 2046 φυγὴ,
1072 1964 1098 2023 εί
1120 1958 1163 2042 μῆ
1257 1959 1404 2042 Manoipii
1430 1961 1504 2040 fuga
1528 1970 1599 2043 post
1623 1961 1835 2037 venditionem,
1862 1961 1921 2024 nisi
1948 1962 2095 2043 probatur

261 2066 428 2131 δείκνυται
449 2066 507 2131 καί
530 2064 595 2151 πρὸ
619 2076 677 2143 τῆς
700 2065 853 2151 πράσεως
868 2063 1045 2151 πεφευγὼς,
1070 2065 1164 2129 οὐδέν
1191 2076 1223 2130 et
1244 2076 1316 2129 ante
1342 2067 1546 2131 venditionem
1568 2067 1694 2149 fugisse,
1723 2068 1799 2130 nihil
1825 2068 1973 2131 venditori
1993 2080 2093 2132 nocet

260 2170 321 2238 τὸν
353 2173 484 2258 πράτην
520 2169 774 2258 madidans?
826 2169 884 2236 ἐάν
915 2171 950 2236 δέ
985 2175 1004 2237 ὁ
1035 2172 1164 2258 πράτης
1191 2174 1217 2235 ai
1247 2194 1319 2237 vero
1350 2174 1490 2237 venditor
1515 2174 1686 2256 promiserit
1711 2174 1788 2236 nihil
1814 2175 1863 2239 vel
1889 2185 1960 2256 post
1989 2177 2093 2239 vendi·

260 2280 476 2361 ἐπηγγείλατο
512 2279 593 2361 μηδέ
629 2275 712 2362 μετά
750 2277 811 2356 την
849 2289 973 2365 πρᾶσιν
1010 2279 1164 2344 ὑπαίτιον
1191 2280 1304 2342 tionem
1327 2280 1528 2343 admiemm
1551 2301 1617 2344 esse
1639 2301 1767 2358 servum,
1790 2283 1929 2363 quamvis
1943 2283 2093 2346 venditori

261 2387 405 2452 ἔσεσθαι
420 2385 482 2464 τῆν
496 2388 635 2467 οἰκέτην,
658 2383 723 2449 κάν
737 2388 785 2467 τῷ
802 2385 942 2473 [προί]τη
957 2395 1067 2450 ταῦτα
1087 2384 1164 2451 ἀδύ-
1191 2387 1266 2449 haec
1288 2389 1350 2449 sint
1370 2387 1576 2470 impossibilia,
1600 2389 1724 2470 quidam
1746 2389 1827 2451 enim
1849 2398 1960 2471 putant
1983 2425 2024 2437 -
2048 2426 2090 2439 -

260 2494 348 2558 νατοί
371 2497 470 2574 ἐστιν,
498 2493 582 2567 τινές
609 2489 674 2576 γὰρ
698 2495 826 2557 οἴονται
869 2529 2092 2546 ---------------

261 2637 303 2647 -
349 2637 392 2648 -
437 2636 480 2647 -
526 2637 568 2646 —
600 2599 838 2681 ἐπαγγελλομεν
869 2636 1585 2649 —————————
1618 2610 1738 2665 tenetur
1760 2611 1878 2685 emptor
1892 2624 1931 2667 ex
1946 2605 2094 2668 eiusmodi

254 2699 303 2754 '—
349 2744 391 2754 —
415 2711 451 2770 ἐκ
468 2714 530 2770 τοῦ
550 2707 752 2783 κατέχοντος
775 2711 801 2769 εί
825 2704 1006 2792 σύμφωνον
1028 2710 1163 2787 ἐγένετο,
1191 2707 1398 2787 eonventione.
1860 2731 1885 2772 ο.
1902 2713 1930 2774 3.
1945 2711 1980 2774 Ο.
1995 2714 2025 2788 4,
2042 2714 2093 2776 58.

261 2814 404 2890 ἐνέχεται
443 2815 462 2876 d
500 2810 693 2897 ἀγοραστης
725 2810 798 2897 περί
830 2811 952 2877 τούτου
989 2822 1051 2877 τοῦ
1086 2833 1163 2894 συμ

261 2920 386 3006 φοέυου.
927 2940 952 2982 o.
969 2925 998 2983 3.
1015 2920 1050 2983 O.
1065 2924 1095 2996 4,
1112 2922 1162 2982 58.

84 3014 242 3123 sidia-[off.
326 3042 401 3106 Ἐοίν
432 3065 483 3118 τις
514 3041 554 3108 τδ
587 3042 673 3107 έδιον
704 3054 843 3129 πρᾶγμα
869 3043 1047 3122 ἐλαχίστου
1073 3044 1164 3124 τιμή·
1280 3045 1313 3108 si
1340 3045 1407 3126 quis
1436 3065 1498 3108 rem
1526 3065 1612 3107 suam
1640 3045 1763 3109 minimo
1790 3049 1888 3129 pretio
1915 3049 2092 3125 vendiderit,
2115 3066 2260 3120 serm.

113 3143 214 3266 Lfmwc']
260 3171 366 3231 ματος
398 3150 546 3237 παλῆοη,
579 3149 718 3214 δύναται
751 3148 790 3214 τὸ
822 3151 948 3237 τίμημα
975 3145 1163 3230 ἀναδιδοὺς,
1190 3159 1292 3233 potest
1313 3152 1443 3234 pretium
1464 3151 1626 3215 restituens
1652 3154 1805 3239 propriam
1827 3175 1891 3217 rem
1918 3157 2085 3238 reciperare
2140 3137 2235 3192 doado

84 3266 235 3339 πῆραῆιεος.
261 3255 441 3341 λαμβάνειν
456 3254 495 3321 τδ
512 3257 598 3322 έδιον
613 3267 759 3343 πρᾶγμα.
797 3255 974 3334 ἐλάχιστον
990 3255 1024 3320 δέ
1039 3256 1164 3338 τίμημά
1191 3259 1348 3321 minimam
1380 3266 1482 3321 autem
1508 3259 1639 3340 pretium
1665 3261 1777 3336 estid,
1810 3263 1892 3343 quod
1918 3283 1956 3325 ne
1983 3263 2023 3324 ad
2051 3263 2094 3323 di·
2129 3209 2248 3335 ”affl

260 3366 330 3426 ἐστι
359 3360 398 3426 τὸ
425 3363 506 3445 μηδὲ
533 3369 577 3439 είς
603 3365 755 3446 ἡμίσειαν
782 3361 971 3445 διατίμησιν
998 3365 1164 3450 ἀναφερό-
1191 3365 1318 3427 midium
1349 3365 1471 3446 quidem
1503 3367 1720 3429 aestimationis
1751 3369 1899 3451 pervenit.
1954 3370 2037 3451 quod
2068 3371 2094 3432 si

260 3490 366 3551 μενον.
403 3466 462 3533 ἐάν
484 3470 519 3533 δέ
542 3473 561 3534 d
584 3468 777 3556 ἀγοραστδγς
792 3469 975 3553 ἐπιλέξηται
991 3466 1031 3534 τδ
1054 3470 1164 3535 λεῖπον
1191 3481 1309 3553 emptor
1330 3472 1455 3551 elegerit
1476 3472 1507 3533 id
1530 3473 1612 3554 quod
1629 3474 1709 3537 iusto
1730 3476 1828 3557 pretio
1843 3476 1929 3538 deest
1943 3477 2093 3557 supplere,

260 3579 309 3658 τῷ
324 3575 442 3659 δικαίφ
465 3578 623 3661 τιμήματι
643 3577 769 3658 δοῦναι,
792 3578 856 3654 ἐγει
880 3573 963 3640 αὐτὸ
986 3573 1026 3640 τὸ
1043 3598 1164 3662 πεπρα-
1191 3579 1300 3641 retinet
1321 3597 1386 3640 rem
1409 3578 1573 3640 venditam.
1618 3580 1657 3642 Id
1679 3582 1753 3644 iuris
1776 3593 1807 3645 et
1833 3583 1865 3644 in
1887 3582 1999 3645 liberos
2021 3603 2093 3646 ven·

260 3685 358 3763 μένον
381 3693 527 3768 πρᾶγμα.
566 3680 606 3748 τδ
622 3680 706 3748 αὐτὸ
730 3683 765 3747 δέ
788 3682 919 3747 δίκαιον
940 3680 997 3747 καί
1020 3680 1071 3746 ἐπὶ
1093 3691 1164 3757 τοῖς
1191 3684 1296 3747 ditoris
1318 3686 1549 3749 transmittatur.
1859 3710 1885 3751 o.
1902 3690 1930 3751 2.
1946 3688 1980 3752 O.
1995 3691 2025 3765 4,
2041 3693 2093 3752 44.

261 3788 357 3853 παισί
374 3798 435 3853 τοῦ
450 3790 581 3875 προίτου
596 3789 819 3875 προβαινέται
834 3786 893 3836 —³
930 3811 955 3852 r.
972 3792 1001 3851 2.
1016 3790 1050 3853 O.
1066 3792 1096 3865 4,
1111 3794 1163 3853 44.
1288 3823 1290 3827 ν

208 3931 223 3983 '.
328 3950 370 3960 —
410 3951 451 3961 -
491 3951 532 3961 -
571 3952 613 3962 -
637 3916 809 3996 ἄχρηστος
824 3919 850 3978 sl
867 3913 901 3976 δέ
917 3914 1023 3978 πίστει
1043 3913 1164 4000 ἀγαθῇ
1192 3952 2093 3969 -----------

261 4023 373 4101 γέγονε
405 4057 447 4068 -
487 4059 528 4068 -
567 4060 608 4069 ω
640 4023 757 4103 μείζων
783 4017 823 4098 ἦν
850 4031 918 4084 τῶν
944 4024 1047 4084 είκοσι
1071 4023 1164 4084 πέντε
1193 4059 2093 4075 -----------

260 4131 420 4190 ἐνιαυτῶν
461 4166 502 4175 -
545 4167 586 4174 -
628 4166 670 4175 -
709 4154 774 4190 :-
1093 4133 1153 4191 et
1157 4165 2093 4188 ------------

206 4268 223 4320 ¹,
330 4287 723 4299 -----
774 4250 835 4329 τὴν
864 4262 989 4337 πρᾶσιν
1033 4288 2092 4308 —————————————

260 4357 363 4438 λέγων
386 4355 438 4422 δτι
463 4368 573 4442 χρεῶν
601 4357 620 4436 λ)
648 4358 859 4444 λειτουργιῶν
886 4360 1091 4439 ἐπικειμένων
1114 4361 1152 4422 πέ
1153 4395 2093 4414 ------------

261 4486 396 4549 πρακευι
413 4463 476 4513 ——⁴

610 4733 751 4800 ΤΙΤΛΟ(
776 4732 819 4799 ΙΒ’
1500 4733 1688 4801 TITULUS
1710 4738 1778 4801 XII

278 4834 299 4927 δι
316 4875 498 4947 παραγραφῆς
514 4875 673 4948 πράγματος
689 4874 846 4947 πραθέντος
862 4875 908 4925 ιιαέ
925 4870 1140 4946 παραδοθέντος.
1332 4875 1368 4928 de
1386 4876 1548 4946 exceptione
1566 4877 1607 4931 rei
1625 4877 1756 4934 venditae
1774 4884 1803 4934 et
1820 4880 1947 4936 traditae.

326 5013 401 5080 Ὲάν
431 5013 572 5095 ἥττονος
602 5008 702 5100 οὗπερ
734 5016 939 5097 ἐνετειλάμην
970 5015 1092 5101 πραθῇ
1124 5011 1163 5078 td
1259 5017 1292 5079 si
1314 5019 1437 5081 minoris
1459 5040 1551 5101 qnam
1574 5023 1780 5086 mandaverim
1803 5026 1932 5088 venierit
1953 5046 2002 5089 res
2017 5048 2108 5105 mea,

262 5125 401 5210 πρᾶγμιί
422 5145 487 5205 μου
510 5124 550 5186 οὐ
572 5121 666 5187 δοκεῖ
683 5123 940 5209 (παρέρχεσθαι)
964 5122 1162 5205 πεπρᾶσθαι
1192 5143 1254 5185 non
1284 5125 1404 5187 videtur
1435 5127 1569 5190 alienata
1600 5148 1666 5192 esse
1695 5150 1793 5211 neque
1826 5123 1989 5212 opponitur
2019 5135 2094 5197 mihi

260 5229 318 5296 καί
351 5232 413 5294 οὐκ
439 5230 626 5295 ἀντίκειταί
648 5251 704 5312 μοι
732 5227 942 5317 παραγραφὴ
965 5230 1163 5293 ἀπαιτοῦντι
1192 5231 1330 5312 exceptio
1353 5252 1420 5294 eam
1443 5237 1599 5317 repetenti.
1762 5237 1799 5299 fr.
1817 5241 1844 5301 1.
1862 5244 1878 5315 ἐ
1896 5244 1924 5302 3.
1940 5240 1979 5302 D.
1997 5244 2048 5315 21,
2063 5244 2092 5303 3.

262 5338 358 5402 aava:
375 5374 417 5386 -
833 5337 868 5399 fr.
887 5340 914 5398 1.
931 5342 948 5414 ς
965 5339 994 5398 3.
1009 5336 1049 5398 1).
1067 5339 1117 5412 21,
1135 5339 1163 5397 s.

327 5476 402 5544 Ἐἀν
440 5478 557 5554 δοῦλος
600 5480 776 5560 ἀγοράσας
818 5482 854 5542 ἐκ
883 5442 953 5541 τοῦ
992 5478 1165 5541 πεκουλιόυ
1257 5479 1291 5543 si
1314 5501 1419 5544 servus
1442 5503 1511 5544 oum
1538 5484 1660 5548 emisset
1686 5506 1723 5548 ex
1750 5488 1868 5568 peculio
1891 5491 2094 5552 manumissus

261 5586 481 5673 ἐλευθεραδῇ
511 5582 576 5671 πρδ
607 5584 825 5671 παραδόσεως
854 5582 938 5667 μετὰ
967 5593 1029 5647 τοῦ
1051 5605 1164 5648 πεκου-
1192 5585 1233 5647 ait
1259 5597 1330 5649 ante
1358 5587 1551 5651 traditionem
1578 5611 1647 5652 cum
1673 5593 1740 5674 ipso
1765 5594 1888 5675 pesulio
1915 5604 1947 5658 et
1968 5606 2095 5679 potata

335 5886 449 5943 ¹habet
466 5885 533 5958 Syn.
632 5884 777 5958 ’huense
796 5883 862 5957 Syn.
965 5884 977 5917 ⁸
994 5884 1080 5940 habet
1098 5882 1164 5956 Syn.

261 5975 274 6009 ⁴
291 5976 378 6032 habet
395 5974 462 6047 syn.
682 5966 690 5990 ‘

377 6073 445 6118 saal.
468 6075 493 6116 r.
503 6074 554 6116 vm
