4978 7018
405 474 447 538 22
1082 472 1238 540 LIBER
1259 472 1352 540 xix
1397 471 1487 539 ΤΙΤ.
1509 473 1550 540 X

403 655 620 741 στρέφονσαν
642 650 682 717 τὸ
706 653 841 739 πραθὲν
865 650 999 735 ἀγωγην
1014 654 1149 735 εἰσάγει·
1173 652 1223 718 ἐπὶ
1238 650 1305 740 γάρ
1332 657 1363 717 in
1379 656 1471 718 enimi
1486 656 1566 718 vitiis
1582 655 1661 717 sotio
1680 675 1718 717 ex
1732 653 1854 717 vendito
1869 654 1909 716 ad
1930 654 2126 717 minutionem
2145 654 2235 736 pretii

403 770 471 824 τῶν
501 770 657 847 ψυχικῶν
688 761 708 836 η
739 756 807 824 ἀπὸ
834 770 893 837 τῆς
920 760 1073 845 πράσεως
1099 760 1150 825 ἐπὶ
1176 762 1305 842 μειῶσει
1332 763 1487 844 competit:
1511 760 1685 845 [fr.1.510]
1709 762 1755 823 uti
1775 771 1822 823 est
1840 763 1872 822 in
1886 762 1975 822 nimis
1993 760 2106 822 timidis
2120 760 2169 824 vel
2184 781 2235 822 cu·

402 876 465 931 τοῦ
486 866 669 949 τιμήματος
691 868 834 952 ἁρμόζει,
858 866 908 951 [fr.
929 871 956 930 1.
977 867 1068 951 510]
1097 869 1142 942 ὡς
1164 866 1214 933 ἐπὶ
1237 879 1306 932 τῶν
1331 869 1410 951 pidia
1432 868 1482 932 vel
1505 870 1606 932 avaris
1628 867 1679 932 vel
1700 868 1851 931 iracundis
1870 868 1920 930 vel
1939 867 2163 930 melancholicis
2184 866 2235 930 vel

402 974 491 1055 άγαν
520 972 654 1050 δείλωνη
681 973 897 1056 ἐπιθυμητῶν
923 973 943 1050 η
970 973 1150 1051 ἀπλήστων
1172 973 1191 1052 η
1216 975 1305 1058 ὀργί-
1333 976 1382 1061 [fr.
1394 975 1428 1060 2]
1455 976 1603 1058 protervis
1625 973 1676 1038 vel
1702 974 1848 1055 giberosis
1875 974 1924 1039 vel
1946 975 2046 1037 curvis
2068 973 2118 1037 vel
2139 975 2235 1055 pruri-

401 1079 469 1143 λοιν
490 1079 510 1156 ἢ
532 1080 780 1162 μελαγχολικῶν
803 1079 853 1164 [fr.
875 1080 910 1164 2]
939 1080 959 1158 ἢ
989 1090 1164 1165 προπετῶν
1178 1080 1206 1158 ἠ
1228 1103 1305 1165 κορ·
1332 1085 1444 1164 ginosis
1467 1083 1518 1147 vel
1540 1080 1734 1166 sca[biosis].
2152 1080 2188 1142 fr.
2204 1084 2233 1143 3.

225 1217 382 1289 [sopffl]
402 1197 469 1250 τῶν
491 1186 511 1264 η
534 1185 728 1269 συνάμωνη
750 1197 980 1269 κνησμονικῶν
1002 1187 1022 1265 l>
1044 1191 1133 1276 φωρ,
1223 1188 1259 1251 fr.
1276 1191 1305 1250 3.

233 1290 281 1359 1⁰1·
296 1295 364 1345 161¹.
463 1291 497 1358 Ὁ
513 1296 600 1372 ἐγων
615 1292 783 1379 χοιράδας
805 1290 950 1368 παλαιάς
968 1295 1127 1369 ἀνιάτους
1149 1295 1305 1378 ἐμπαθης
1398 1297 1462 1376 Qui
1484 1306 1615 1361 strumas
1638 1304 1756 1359 veteres
1778 1295 1871 1357 habet
1892 1295 2078 1357 insanabiles
2097 1304 2144 1355 est
2157 1314 2234 1355 mor-

400 1405 502 1464 ἐστινε
519 1397 580 1448 -¹
952 1400 988 1464 fr.
1006 1402 1056 1463 14.
1072 1408 1089 1479 5
1107 1406 1136 1466 8.
1151 1403 1191 1464 Ι).
1208 1405 1259 1478 21,
1277 1406 1304 1464 l.
1331 1403 1432 1467 bosus.
1881 1401 1918 1464 fr.
1936 1404 1986 1464 14.
2002 1408 2018 1479 5
2036 1406 2065 1464 8.
2079 1401 2120 1465 D.
2136 1402 2187 1475 21,
2207 1403 2234 1461 1.

468 1505 617 1571 Δύναται
644 1509 663 1570 ό
690 1507 820 1591 πράτης
846 1511 881 1570 ἐν
908 1506 1025 1582 πάθος
1055 1508 1216 1592 ὑπεξελεῖν
1246 1506 1304 1573 καλ
1397 1511 1505 1574 Potest
1526 1509 1667 1572 venditor
1694 1528 1788 1571 unum
1815 1508 1955 1570 morbum
1981 1508 2121 1588 excipere
2143 1507 2235 1570 etde

400 1611 473 1697 napi
495 1622 554 1689 τῆς
576 1648 2232 1665 --------------------

400 1757 443 1768 —
480 1710 523 1768 -’-
563 1756 604 1767 -
643 1757 685 1767 -
709 1718 903 1804 ἐκβάλλεται
926 1723 968 1807 τῇ
990 1729 1053 1785 τοῦ
1074 1721 1175 1785 δόλον
1197 1743 1291 1807 παρα
1291 1757 2234 1773 ------------

399 1830 527 1914 γραφῇ.
1119 1829 1155 1892 fr.
1173 1833 1256 1907 1115
1275 1834 1303 1893 9.
1331 1867 1373 1878 —
1420 1867 1461 1877 -
1508 1867 1550 1877 -
1577 1830 1732 1912 repellitur
1747 1828 1808 1891 doli
1822 1829 2005 1910 exceptione.
2050 1827 2086 1889 fr.
2104 1829 2153 1890 14.
2170 1832 2186 1905 5
2204 1830 2234 1888 9.

464 1932 497 1998 ‘0
519 1930 743 2021 καταφεύγων
770 1938 814 2008 εἰς
841 1934 947 1997 τόπον
974 1935 1100 1999 άσυλον
1127 1972 1171 1983 -
1194 1975 1237 1985 -
1260 1975 1303 1985 —
1397 1938 1461 2017 Qui
1482 1939 1515 1999 in
1538 1937 1658 2019 asylum
1681 1936 1818 2016 confugit
1854 1969 2233 1982 —————

399 2077 442 2088 -
466 2078 509 2088 —
532 2077 575 2087 -
599 2043 775 2124 πέπρακενε
792 2079 834 2090 -
1096 2044 1132 2106 fr.
1151 2047 1234 2122 17η
1253 2047 1302 2107 12.
1331 2081 1374 2093 -
1421 2081 1462 2090 -
1509 2080 1550 2090 —
1597 2081 1640 2091 —

399 2150 444 2221 ele
459 2148 553 2228 ἀγωγ
575 2143 586 2234 ΙΙ
608 2166 806 2233 πραγματος
837 2168 969 2235 πιπρασ
1009 2184 2143 2199 ---------------
2175 2183 2234 2231 ,-

400 2253 461 2321 οόκ
489 2256 534 2327 εἰς
560 2249 681 2338 καιρὸν
708 2290 751 2301 -
774 2290 817 2302 -
840 2292 882 2302 -
907 2255 970 2318 ἀλλ
996 2293 1039 2303 -
1067 2293 1109 2303 -
1137 2261 1164 2320 εἰ
1191 2259 1303 2338 μεντοι
1331 2290 2234 2304 -----------

399 2396 1048 2409 --------
1072 2364 2234 2449 σειμάγειρον-----------

400 2679 523 2765 θερίας
549 2687 716 2744 κινεῖν-
757 2719 800 2729 -
841 2684 962 2767 φὲντος
1007 2719 1049 2728 -
1095 2720 1138 2730 -
1162 2705 1214 2748 oo:
1237 2715 2234 2732 ————————————

489 2822 885 2835 -----
930 2789 1013 2870 μετά
1051 2793 1374 2875 τιναςημέρας-
1419 2827 1461 2838 -
1507 2826 1549 2835 -
1596 2826 1638 2835 -
1685 2826 1726 2835 -
1768 2826 1804 2836 -
1852 2825 1894 2835 -
1936 2825 1978 2835 -
2020 2824 2062 2833 -
2104 2823 2145 2832 -
2188 2822 2234 2832 -

399 2930 441 2940 -
485 2929 529 2940 ·-
570 2894 777 2979 παράγρημα
804 2892 944 2958 δύναται
967 2904 1081 2959 κινεῖτε
1105 2934 1146 2943 -
1198 2897 1234 2960 fr.
1251 2900 1293 2960 20
1295 2928 2234 2958 ------------

489 3036 972 3049 ------
1036 3004 1212 3083 ἐνάγονται
1244 3002 1300 3068 καὶ

230 3112 278 3180 [οἱ.
293 3115 364 3165 161'.
400 3108 433 3170 οἰ
454 3107 540 3194 καλῇ
563 3107 669 3170 πίστει
697 3109 759 3170 εἴτε
781 3106 951 3190 ἐλεύθεροι
979 3111 1041 3172 εἴτε
1068 3109 1179 3174 δοῦλοι
1208 3111 1303 3174 ἀλλό-
1329 3113 1382 3192 qui
1411 3111 1493 3173 bona
1523 3109 1584 3171 fide
1615 3111 1679 3173 sive
1704 3109 1792 3171 liberi
1824 3109 1888 3172 sive
1918 3108 1998 3172 servi
2026 3106 2118 3168 alieni
2146 3105 2236 3167 nobis

400 3234 487 3297 τριοι
525 3211 733 3287 δουλεύοντες
770 3215 847 3294 ἡμῖν
883 3215 1093 3291 πωλήσονσιν
1132 3217 1302 3298 εἰσάγουσι
1331 3217 1466 3280 serviunt
1480 3216 1625 3291 vendunt,
1647 3216 1796 3278 inducunt
1814 3225 1921 3278 contra
1935 3235 1991 3277 nos
2005 3213 2236 3276 redhibitoriam

399 3318 486 3382 καθ’
511 3322 603 3402 ἡμῶν
625 3317 687 3396 τὴν
709 3321 1005 3407 ἀναστρεφομένην
1027 3323 1171 3404 ἀγωγήν.
1331 3323 1488 3385 actionem.
1880 3322 1916 3384 fr.
1933 3324 1984 3384 23.
2001 3327 2018 3397 5
2035 3324 2064 3382 6.
2079 3320 2120 3381 D.
2136 3321 2187 3393 21,
2206 3321 2236 3380 1.

949 3428 984 3491 fr.
1002 3431 1133 3506 2356.
1148 3431 1188 3493 D.
1206 3433 1257 3505 21,
1275 3434 1302 3492 1.

466 3534 608 3606 Γενικῶς
638 3529 705 3616 γάρ
738 3535 757 3595 ὁ
789 3535 1013 3621 ἀναστρέφων
1050 3538 1081 3598 ei'
1112 3558 1144 3599 τι
1175 3534 1217 3600 ἀν
1247 3534 1304 3600 διὰ
1397 3535 1587 3598 Generaliter
1617 3536 1643 3596 si
1673 3537 1699 3598 is
1731 3535 1783 3617 qui
1814 3535 1953 3597 redhibet
1983 3533 2057 3614 quid
2087 3551 2142 3613 per
2173 3551 2236 3592 ser·

400 3648 461 3702 τοῦ
497 3637 618 3701 δούλου
649 3639 814 3716 ἐκτήσατο
845 3638 888 3722 μὴ
926 3645 962 3704 ἐκ
992 3650 1061 3704 τῶν
1098 3644 1304 3727 πραγμάτων
1330 3663 1403 3707 vum
1418 3643 1586 3722 quaesierit,
1609 3662 1668 3703 non
1685 3663 1723 3704 ex
1745 3642 1837 3704 rebus
1852 3641 1923 3715 suis,
1946 3640 2084 3702 restituit
2128 3637 2165 3700 ir.
2181 3641 2235 3698 24.

400 3746 505 3809 αὐτοῦ
527 3744 741 3808 ἀποδίδωσιν.
1029 3748 1066 3811 b.
1083 3751 1134 3812 24.
1149 3750 1188 3812 D.
1206 3753 1257 3825 21,
1275 3754 1302 3811 1.

466 3851 591 3915 Πάντα
622 3847 666 3915 τά
697 3855 850 3936 εἰρημένα
875 3856 924 3935 τῷ
954 3854 1044 3936 νόμῳ
1071 3855 1148 3919 τότε
1174 3855 1193 3917 ό
1225 3859 1303 3937 ἀγο-
1396 3855 1604 3937 Quaecunque
1629 3856 1662 3916 in
1690 3854 1757 3935 lege
1789 3855 1871 3917 dicta
1904 3862 1975 3915 sunt
2011 3862 2084 3915 tunc
2116 3860 2236 3932 emptor

400 3955 528 4042 ραστὴς
554 3959 756 4045 ἐπιγινώσκει
786 3955 840 4022 ὅτε
866 3960 1022 4041 γεγόνασι
1051 3958 1116 4045 πρὸ
1143 3972 1202 4039 τῆς
1225 3983 1304 4046 προ·
1332 3962 1475 4043 agnoscit,
1498 3982 1567 4023 cum
1589 3970 1660 4023 ante
1682 3960 1743 4022 litis
1767 3961 2017 4023 contestationem
2042 3967 2113 4021 sunt
2141 3957 2235 4019 facta

399 4064 606 4150 κατάρζεως·
629 4061 674 4128 cci
696 4062 763 4148 γάρ
787 4063 1017 4150 συμβαίνοντα
1039 4064 1122 4148 μετά
1144 4065 1205 4145 τὴν
1224 4088 1304 4153 προ·
1330 4088 1402 4131 nam
1418 4087 1513 4150 quaec
1521 4068 1647 4131 veniunt
1661 4076 1729 4148 post
1744 4066 1805 4128 litis
1820 4067 2067 4129 contestationem
2084 4065 2123 4127 ab
2133 4064 2234 4125 officio

399 4171 564 4257 κάταρξιν
587 4179 649 4235 τοῦ
670 4173 836 4258 ὀφφικίον
858 4181 920 4236 τοῦ
942 4172 1137 4253 δικάζοντος
1152 4176 1302 4258 ἤρτηται.
1330 4173 1601 4255 iudicispendcnt.
2048 4172 2085 4234 fr.
2101 4175 2151 4234 25.
2169 4176 2185 4247 5
2202 4172 2234 4231 8.

1119 4281 1156 4342 ir.
1173 4284 1223 4344 25.
1240 4288 1257 4359 5
1275 4284 1303 4344 8.

314 4389 363 4457 κη’.
467 4385 508 4448 El
530 4382 573 4466 μὴ
597 4386 616 4447 ὸ
639 4385 768 4468 πράτης
790 4385 1006 4471 ησφαλίσατο
1029 4384 1102 4471 περὶ
1120 4397 1188 4450 τῶν
1202 4409 1304 4474 κεφα·
1396 4388 1465 4449 Nisi
1500 4386 1639 4450 venditor
1682 4387 1796 4449 caverit
1841 4386 1879 4448 de
1917 4384 2066 4467 capitibus
2104 4383 2236 4446 aedilicii
2273 4400 2321 4451 2&

399 4491 503 4556 λαίεον
525 4501 584 4568 τῆς
606 4489 783 4564 αλδιλικίας
805 4493 956 4572 ἀνάγεται
972 4495 1014 4578 τῇ
1029 4495 1304 4580 ἀναστρεφομένη
1332 4493 1459 4577 [edicti],
1482 4495 1660 4556 convenitur
1680 4493 1876 4555 redhibitoria
1894 4493 2006 4573 negotii
2021 4492 2138 4554 actione
2152 4492 2236 4551 intra

399 4594 440 4660 τό
463 4597 599 4683 πραθὲν
621 4600 736 4682 ἀγωγῇ
759 4600 835 4660 εἴσω
852 4596 911 4660 δύο
933 4609 1044 4679 μηνῶν
1066 4598 1086 4676 ἢ
1105 4602 1146 4687 τῇ
1168 4599 1304 4687 μειοάση
1331 4601 1407 4664 duos
1430 4618 1547 4663 menses
1575 4601 1624 4665 vel
1647 4601 1752 4682 quanti
1774 4601 1896 4661 minoris
1923 4600 2003 4661 intre
2029 4618 2084 4660 sex
2105 4616 2235 4658 menses

400 4701 440 4767 τό
463 4705 588 4787 τίμημα
611 4708 687 4767 εἴσω
711 4701 745 4786 ἓξ
767 4701 907 4784 μηνῶν.ι
1198 4707 1235 4771 fr.
1253 4710 1303 4769 28.
2128 4703 2164 4766 fr.
2181 4705 2236 4764 28.

470 4808 517 4875 Οὐ
539 4809 799 4889 καταδικάζεται
823 4810 1000 4895 όπράτης,
1023 4815 1050 4874 el
1072 4810 1115 4894 μη
1133 4811 1303 4877 δίδωσινὸ
1397 4813 1469 4875 Non
1491 4813 1654 4874 damnatur
1675 4812 1814 4875 venditor
1834 4813 1892 4874 nisi
1914 4812 2030 4875 dederit
2058 4821 2238 4893 emptores

401 4914 595 5000 ἀγοραστης
610 4912 654 5007 roi
669 4920 703 4979 ἐν
717 4919 760 5003 τῇ
776 4917 890 5003 ἀγωγῇ
906 4917 1147 5000 ἐπιζητούμενα.
1169 4920 1303 5002 fr.29pr.
1332 4939 1410 5001 quae
1433 4921 1464 4981 in
1486 4919 1544 4981 hoc
1566 4920 1684 4981 actione
1706 4918 1923 4982 desiderantur.
2079 4918 2114 4980 fr.
2130 4920 2171 4978 29
2187 4938 2235 4998 pr.

346 5028 363 5083 '.
388 5100 393 5109 Ι
463 5021 646 5108 Ὸπράτης
669 5021 760 5105 εἰμὴ
785 5022 877 5086 θέλει
900 5020 960 5086 τὸν
976 5022 1095 5087 δοῦλον
1114 5025 1304 5111 ἀναλαβεῖν,
1398 5026 1549 5090 Venditor
1577 5027 1603 5088 si
1629 5046 1691 5087 non
1718 5026 1792 5088 velit
1819 5046 1937 5090 servum
1966 5026 2110 5106 recipere,
2136 5044 2237 5104 neque
2275 5041 2326 5091 tl.

400 5130 440 5193 οὐ
460 5129 575 5194 δίδωσι
591 5127 653 5204 τάς
668 5128 711 5193 δι’
729 5126 833 5193 αὐτόν
849 5133 1107 5215 προςγενομένας
1127 5133 1242 5215 ζημίας
1257 5137 1305 5215 τῷ
1332 5132 1444 5195 demna
1457 5153 1512 5214 per
1526 5154 1595 5196 sum
1609 5132 1706 5194 inlota
1720 5134 1847 5213 emptori
1863 5134 1966 5207 sarcit,
1989 5132 2042 5195 sed
2057 5131 2122 5193 sols
2135 5131 2238 5211 pretia

400 5238 585 5324 ἀγοραστῇ,
614 5233 700 5299 ἀλλά
727 5237 831 5320 μόνας
858 5235 920 5311 τάς
947 5234 1045 5321 τιμάς
1069 5236 1127 5301 καλ
1157 5236 1202 5303 rei
1231 5249 1306 5314 ταῖς
1332 5248 1362 5301 et
1385 5260 1464 5321 quae
1486 5241 1590 5321 pretiis
1613 5249 1764 5303 secuntur.
2079 5238 2116 5300 fr.
2132 5240 2171 5298 31
2190 5258 2238 5317 pr.

400 5352 511 5425 τιμαῖς
534 5342 875 5429 παρακολουθοῦντα.
1149 5345 1185 5410 fr.
1202 5350 1242 5409 31
1259 5368 1305 5429 pr.

465 5447 539 5513 Ἐάν
562 5451 581 5512 ό
604 5450 733 5535 πράτης
756 5450 928 5537 ὲπαγγείλη
950 5448 993 5532 μὴ
1013 5447 1095 5514 εἶναι
1111 5448 1171 5515 τόν
1187 5450 1306 5516 δοῦλον
1398 5451 1432 5515 Si
1455 5451 1649 5514 affirmaverit
1671 5450 1811 5514 venditor
1832 5472 1893 5513 non
1909 5471 1975 5513 esse
1995 5471 2115 5514 servum
2138 5451 2240 5514 furem

399 5557 541 5633 κλέπτην
562 5555 620 5620 καὶ
642 5556 759 5644 κλέιγη,
783 5559 926 5634 ἐνέχεται
950 5554 1017 5621 ἀπό
1032 5567 1091 5634 τῆς
1107 5557 1194 5632 ἰδίας
1208 5562 1305 5640 ἐπαγ·
1332 5560 1416 5639 isque
1443 5559 1561 5620 furatus
1589 5560 1636 5633 sit,
1668 5567 1786 5620 tenetur
1812 5579 1852 5620 ex
1878 5559 2001 5640 propria
2022 5559 2241 5640 promissione;

400 5662 523 5744 γελίας·
545 5663 684 5741 κλεπτης
706 5664 772 5747 γάρ
796 5667 886 5726 ἐστιν
909 5662 959 5727 ἐπὶ
983 5662 1105 5727 τούτου
1124 5672 1185 5728 τοῦ
1200 5663 1306 5747 θέμα-
1333 5664 1382 5726 iur
1404 5666 1483 5728 enim
1506 5674 1552 5728 est
1574 5666 1605 5725 in
1627 5664 1685 5727 hoo
1703 5666 1780 5726 'casu
1802 5674 1833 5727 et
1855 5666 1906 5745 qui
1927 5662 1950 5726 'a
1964 5664 2085 5726 domino
2108 5665 2242 5729 furatur.

400 5790 459 5843 τος
480 5768 538 5833 καὶ
561 5771 580 5832 ό
604 5766 671 5833 ἀπὸ
695 5777 756 5833 τοῦ
778 5769 942 5833 δεσπότου
963 5770 1099 5856 κλέψας.
1138 5771 1305 5847 fr.3l.51.
2050 5772 2086 5833 fr.
2104 5774 2154 5833 31.
2172 5778 2189 5850 5
2208 5778 2243 5837 1.

474 5998 484 6029 ¹
501 5995 587 6052 hebet
604 5995 671 6068 syn
744 5996 992 6070 ¹simi1itersyn
