4978 7018
722 496 882 564 INDEX
904 494 1004 564 CUM
1025 495 1123 563 DEO
1146 497 1211 564 1v¹
1232 496 1365 565 tom
1410 497 1564 565 LIBER
1585 498 1655 566 Lx
2061 502 2102 565 13

148 750 169 785 ι.
181 732 232 801 με’.
335 726 436 808 νόμος
459 726 581 802 ίοάλιος
603 725 693 793 κατά
716 740 783 793 τῶν
801 732 1049 818 νοσφιζομένων
1070 691 1173 795 καίίι
1267 734 1335 795 Lex
1350 732 1431 795 Iulia
1445 733 1483 795 de
1498 733 1728 827 admittentibus
1739 733 1914 816 peculatum
1923 741 1954 796 et
1966 733 2005 796 de
2013 734 2104 797 sacri-
2140 743 2158 793 t.
2171 731 2214 795 45.

269 831 449 917 ἱεροσύλων
462 832 520 897 καί
536 845 603 898 τῶν
614 835 776 922 χρήματα
791 835 935 920 δημόσια
949 837 1173 925 κεκλοφότων.
1201 837 1276 919 legis
1298 849 1329 901 ct
1351 839 1389 901 de
1411 840 1447 902 iis
1470 841 1523 921 qui
1544 840 1684 921 publicas
1705 841 1849 922 pecunias
1871 841 2088 922 surripuerunt

146 997 231 1067 τιμῖ·
335 1013 358 1056 π
381 994 466 1058 ἀνον
488 994 667 1081 ἐλευθέρου
688 998 1006 1071 ἀποκαταστάσεως.
1268 998 1307 1061 de
1327 998 1456 1061 hominis
1479 998 1566 1062 liberi
1588 1000 1784 1074 restitutione,
2139 1010 2157 1060 ι.
2170 1009 2215 1062 4⁵1.

143 1158 231 1228 ευτ’.
334 1154 435 1236 νόμος
457 1153 585 1242 βάφιος
607 1115 630 1220 ab
653 1156 942 1242 ἀνδραποδιστῶν.
1267 1158 1335 1221 Lex
1356 1158 1457 1221 Fabia
1479 1159 1517 1221 de
1539 1159 1703 1242 plagiariis.
2139 1169 2157 1219 t.
2171 1170 2214 1221 48.

136 1337 157 1371 τ.
169 1317 231 1387 W·
335 1272 603 1395 πάναζητήσεως
612 1326 679 1380 τῶν
688 1318 843 1382 ἀπόντων
851 1317 1172 1399 καταδικαζομένων.
1268 1318 1305 1380 de
1328 1319 1515 1400 requirendis
1538 1319 1715 1382 absentibus
1737 1319 1898 1382 damnatis.
2140 1330 2158 1380 ι.
2171 1330 2215 1380 49.

164 1496 185 1531 τ.
199 1477 231 1531 ι’.
334 1433 358 1537 ab
381 1474 547 1554 ζητήσεων
569 1477 642 1553 ἢτοι
666 1477 855 1560 ἐξετάσεων.
1267 1479 1305 1540 de
1328 1479 1555 1560 quaestionibus
1577 1500 1632 1542 sou
1655 1479 1854 1542 examinibus.
2140 1490 2158 1540 t.
2172 1491 2215 1541 oo.

335 1594 358 1698 ίι
381 1647 513 1700 ποινῶν.
1267 1638 1305 1702 de
1326 1640 1440 1721 poenis.
2140 1649 2158 1700 t.
2172 1651 2215 1701 ol.

146 1795 230 1869 ινδ.
335 1754 358 1859 ίι
381 1798 587 1881 πραγμάτων
608 1797 808 1862 καταδίκων.
1267 1799 1306 1860 de
1328 1798 1419 1861 rebus
1441 1800 1662 1863 damnatorum.
2141 1810 2158 1860 t.
2172 1811 2215 1861 52.

144 1976 167 2010 τ·
181 1957 230 2030 vos·
300 1954 302 1971 '
335 1915 588 2040 ππραγμάτων
615 1957 745 2020 ἐκείνων
773 1955 890 2032 οἵτινες
913 1955 978 2043 πρὸ
1006 1968 1065 2035 τῆς
1092 1960 1173 2021 ἀπο·
1267 1958 1415 2021 derebus
1444 1979 1548 2021 eorum
1571 1961 1624 2040 qui
1651 1969 1722 2022 ante
1749 1960 1927 2022 sententiam
1951 1959 2000 2024 vel
2027 1980 2103 2021 mor·
2140 1969 2158 2019 t.
2172 1969 2214 2020 53.

269 2062 404 2149 φάσεως
421 2061 440 2139 δ
456 2063 616 2127 θάνατον
630 2065 760 2138 ἑαυτοῖς
774 2065 1018 2145 κατεγνωκότες
1037 2063 1172 2142 δκατη-
1200 2074 1261 2127 tem
1289 2066 1347 2128 sibi
1374 2066 1587 2130 consciverunt
1613 2067 1662 2129 vel
1690 2068 1912 2131 accusationem
1934 2066 1974 2129 ab
1997 2067 2103 2130 adver·

114 2171 231 2239 s01·l³'·
268 2170 389 2255 γορίαν
427 2166 521 2255 παρά
559 2178 620 2234 τοῦ
652 2170 825 2234 ἀντιδίκου
862 2171 974 2234 αὐτῶν
1016 2170 1173 2258 ὑπεφδά-
1200 2171 1280 2233 sario
1302 2181 1508 2253 corruperunt

269 2297 390 2362 ρησανε
407 2313 449 2323 -

149 2458 171 2491 1·
183 2435 231 2491 rt.
336 2395 359 2501 ίι
386 2437 617 2522 παραγγελιῶν
642 2435 700 2501 καὶ
727 2437 972 2523 ίξοριζομένωνε
990 2474 1031 2485 -
1267 2439 1305 2499 de
1327 2437 1568 2501 nuntiationibus
1591 2447 1622 2501 et
1644 2437 1792 2519 relegatis.
2139 2449 2157 2499 t.
2171 2451 2214 2500 ot.

225 2639 231 2651 ·
336 2555 360 2661 ίι
382 2605 445 2661 τοῦ
465 2596 508 2680 μὴ
532 2593 613 2661 εἶναι
638 2595 807 2674 ἰδιωτικὴν
829 2597 991 2684 φυλακήν.
1266 2618 1304 2660 ne
1326 2598 1367 2661 sit
1389 2619 1491 2661 carcer
1512 2600 1658 2680 privatus.
2140 2610 2157 2659 t.
2171 2610 2214 2660 tt.

146 2725 167 2759 τ·
181 2706 231 2769 τί.
334 2701 408 2767 Ἐάν
430 2705 449 2767 ὁ
473 2706 587 2781 ἔνοχος
609 2702 630 2781 ἢ
653 2705 672 2767 ὁ
694 2704 883 2788 κατήγορος
907 2703 1080 2790 ἀποθάνῃ.
1268 2704 1301 2766 Si
1323 2725 1392 2767 reue
1415 2703 1465 2768 vel
1488 2713 1649 2768 accusator
1670 2706 1823 2768 monetur.
2139 2715 2157 2766 t
2171 2717 2214 2766 tt.

150 2831 172 2865 τ·
186 2811 231 2874 εἴ·
336 2811 589 2905 affectatione,
613 2807 742 2888 ἣςτινος
757 2811 933 2895 ἐπίτροπος
949 2813 1005 2891 εἴη,
1027 2810 1172 2897 φθείρει.
1267 2811 1384 2892 siquis
1405 2811 1500 2885 illam,
1522 2812 1608 2874 cuius
1631 2812 1759 2874 tutelam
1781 2820 1875 2894 gerat,
1898 2822 2080 2895 corrumpat
2139 2823 2214 2875 tot.

148 2990 170 3024 t·
183 2971 232 3040 rr(-
336 2928 535 3055 πάρπαγος
562 2970 745 3055 παρθένων
772 2969 792 3047 ἢ
815 2980 944 3055 χηρῶν,
973 2973 1019 3034 ἔτι
1048 2992 1084 3052 γε
1110 2968 1174 3053 μὴν
1266 2971 1305 3032 δε
1331 2979 1453 3051 raptore
1482 2971 1633 3052 virginum
1661 2972 1710 3035 vel
1740 2973 1909 3047 viduarum,
1935 2974 2028 3035 immo
2055 2972 2103 3036 vel
2139 2983 2157 3033 t
2171 2984 2214 3034 οε.

269 3075 348 3159 (καί)
370 3077 638 3162 καθιερωμένων.
1201 3077 1386 3139 monialium.

141 3258 162 3292 τ.
175 3239 231 3293 rc‘.
336 3258 359 3301 π
383 3235 581 3311 παιδεύσεως
604 3235 733 3301 δούλων
753 3236 810 3301 καί
834 3247 1009 3318 συγγενῶν.
1267 3237 1305 3298 de
1328 3238 1512 3300 correctione
1534 3258 1689 3301 servorum
1713 3249 1743 3300 et
1765 3248 1970 3320 cognatorum.
2140 3250 2158 3300 t.
2172 3252 2214 3301 οε.

150 3365 171 3400 1·
185 3346 231 3408 id.
328 3340 423 3417 Ὥςτε
446 3340 537 3418 ἐντὸς
560 3352 622 3408 τοῦ
643 3346 827 3427 ὡρισμένον
848 3351 969 3427 καιροῦ
988 3351 1050 3406 τοῦ
1064 3343 1173 3425 ὲγκλή-
1268 3344 1313 3407 Ut
1321 3344 1401 3406 intra
1410 3353 1558 3407 statutum
1573 3354 1692 3426 tempus
1709 3346 1748 3408 ab
1764 3346 1956 3409 accusatione
1965 3348 2104 3427 quaestio
2140 3357 2158 3407 t.
2172 3357 2214 3407 oo.

268 3471 375 3531 ματος
397 3448 458 3527 τὴν
480 3450 629 3533 ἐξέτασιν
651 3451 894 3536 περαιωθῆναι.
1200 3450 1330 3512 finiatur.

144 3634 167 3668 τ.
181 3614 232 3679 δέ.
336 3570 359 3673 ίι
381 3612 574 3696 κατηγόρου
597 3610 819 3684 ἀποστάντος.
1266 3610 1304 3672 de
1326 3619 1503 3672 accusatore
1525 3574 1695 3674 desistente.
2140 3624 2158 3674 t.
2172 3624 2214 3674 66.

151 3740 172 3774 1·
185 3721 232 3783 ξζῖ
337 3713 397 3792 Μὴ
425 3713 519 3791 εκτδς
549 3716 723 3791 κελεύσεως
755 3725 816 3780 τοῦ
845 3715 1008 3800 βασιλέως
1036 3728 1103 3780 τῶν
1129 3715 1172 3799 μὴ
1266 3716 1314 3779 Nc
1345 3717 1409 3779 sine
1436 3718 1520 3779 iussu
1547 3718 1691 3799 principis
1718 3718 1809 3780 liceat
1836 3717 1918 3781 bona
1945 3717 2101 3780 cuiusdam
2139 3730 2157 3780 ι.
2171 3730 2214 3779 6⁵1.

269 3823 459 3905 ὡρισμένων
482 3823 650 3888 δικαστῶν
673 3824 793 3907 ἐξέστω
817 3823 977 3906 δημεῦσαί
997 3846 1083 3887 τινα.
1200 3823 1364 3904 publicare.

139 4007 161 4040 τ.
174 3988 232 4050 ξδ’.
336 3942 551 4069 πλειψάνων
573 3994 641 4046 τῶν
664 3983 932 4068 τιμωρηδέντων.
1244 3983 1283 4043 de
1305 3982 1440 4064 reliquiis
1463 4003 1567 4044 eorum
1590 3984 1643 4064 qui
1664 4004 1765 4065 poena
1787 3984 1897 4046 adfecti
1920 3992 1999 4045 sunt
2139 3996 2157 4046 t.
2171 3997 2214 4048 69.

150 4096 152 4100 .
336 4126 378 4136 -
416 4120 437 4165 ..
466 4121 473 4135 .
498 4121 505 4134 .
530 4121 538 4135 Ι
563 4129 570 4142 ι
595 4092 659 4169 ··>'<
659 4120 825 4136 ......

401 4228 533 4284 ΤΕΥΧΟ(
551 4230 594 4283 Δ’.
623 4230 753 4284 ΒΙΒΛΙΟΝ
773 4231 837 4295 Md.
865 4229 985 4284 ΤΙΤΛΟ(
1003 4230 1041 4284 Α’.
1299 4228 1429 4287 TOMUS
1447 4229 1497 4286 lv.
1525 4229 1640 4286 LIBER
1657 4229 1760 4285 XLVI.
1787 4229 1954 4288 TITULUS
1972 4230 1994 4284 1.
