4842 7018
382 425 424 488 72
1063 423 1217 490 LIBER
1238 424 1356 490 XLIV.
1393 426 1482 491 TIT.
1505 426 1531 491 1.

227 610 340 695 γαλεοὶ
381 600 448 667 tola
485 603 643 667 δίκαιον
679 606 809 690 κρίνη·
848 602 892 668 τά
929 602 996 689 γάρ
1029 615 1171 669 τοιαῦτα
1203 603 1286 688 πρὸς
1314 608 1343 668 si
1365 609 1498 671 iustum
1522 609 1725 689 putaverit;
1748 609 1895 672 eiusmodi
1918 610 2048 671 enimin
2070 609 2221 672 boniviri

201 687 351 822 ὅκοι
383 707 506 795 ἀνδρὸς
529 712 670 793 ἀγαθοῦ
693 714 830 799 φέρεται
854 712 1067 795 δοκιμασίανι
1085 750 1125 760 -
1313 715 1452 777 feruntur
1473 714 1663 778 arbitratum
1936 716 1971 778 ir.
1990 720 2030 778 75
2047 737 2092 798 pr.
2108 717 2148 778 D.
2166 720 2220 779 30.

350 794 356 808 '
1005 821 1041 884 e.
1060 825 1099 884 τε
1115 842 1161 902 pr.
1177 820 1216 881 n.
1235 822 1284 881 30.

444 921 519 988 Ἐἀν
546 923 737 1005 ληγατεόσω
767 947 822 990 σοι
850 923 895 991 τά
926 926 1007 991 δέκα
1031 940 1138 1009 νομμῐ.
1184 924 1285 989 ἀτινα
1379 929 1413 992 Si
1435 929 1577 1009 legavero
1599 929 1655 992 tibi
1678 949 1731 991 eos
1754 929 1857 992 decem
1880 930 2000 1006 solidos,
2025 951 2102 1011 quos
2126 929 2219 992 debet

374 1040 540 1117 χρεωστεῖ
558 1053 613 1114 μοι
631 1035 750 1118 πέτρος
768 1031 825 1096 καλ
841 1034 966 1121 εὑρεθῇ
980 1034 1081 1116 μηδὲν
1093 1043 1283 1118 χρεωστῶν,
1311 1036 1385 1096 mihi
1406 1036 1516 1098 Petrus
1539 1046 1570 1099 at
1591 1037 1734 1099 inventus
1756 1036 1849 1098 fuerit
1870 1036 1947 1097 nihil
1965 1036 2087 1112 debens,
2109 1037 2217 1099 inutile

378 1140 552 1225 ἀχρηστον
583 1136 623 1203 τό
655 1138 815 1221 ληγότον·
847 1145 874 1204 εἰ
898 1139 932 1204 δὲ
963 1140 1020 1206 καὶ
1044 1149 1284 1227 χρεωστοῦντα
1311 1143 1381 1224 [est]
1412 1143 1562 1223 legatum3
1600 1144 1625 1205 si
1662 1164 1734 1207 vero
1773 1164 1842 1206 cum
1883 1153 1915 1206 et
1950 1144 2074 1206 deberet
2103 1144 2143 1206 ab
2180 1165 2217 1206 eo

378 1243 482 1311 αὐτόν
497 1244 663 1332 ἀπῄτησα,
688 1246 878 1332 σβέννυται·
902 1253 928 1311 al
944 1246 979 1311 δὲ
991 1257 1162 1333 χρεωστεῖ,
1178 1249 1284 1329 μόνας
1310 1250 1436 1331 petiero,
1464 1251 1659 1330 extinguitur.
1709 1250 1762 1312 sed
1789 1252 1816 1312 si
1842 1250 1945 1324 debet,
1973 1251 2055 1313 solas
2082 1252 2217 1313 actiones

378 1349 439 1427 τάς
467 1349 602 1435 ἀγωγάς
629 1357 770 1439 ἐκχωρεῖ
796 1376 851 1418 σοι
884 1356 903 1417 ό
930 1355 1144 1439 κληρονόμος.
1194 1360 1221 1418 ελ
1249 1353 1283 1417 δὲ
1311 1357 1390 1419 cedit
1404 1357 1461 1419 tibi
1482 1357 1578 1420 heres.
1617 1359 1643 1419 si
1657 1378 1729 1421 vero
1751 1356 1894 1439 legavero
1912 1358 1969 1420 tibi
1984 1360 2040 1420 sic:
2063 1358 2131 1438 lego
2145 1358 2218 1419 buic

376 1459 568 1542 ληγατεόσω
606 1481 661 1523 σοι
700 1457 818 1536 οὕτως·
856 1461 1024 1543 ληγατεόω
1063 1461 1146 1544 τῷδε
1182 1458 1283 1525 ἀτινα
1310 1484 1389 1544 quae
1421 1464 1514 1526 debeo
1541 1466 1581 1539 ei,
1613 1465 1752 1546 quamvis
1779 1464 1855 1526 nibil
1882 1465 2008 1538 debens,
2041 1464 2068 1525 si
2094 1464 2217 1544 quidem

374 1577 535 1653 χρεωστῶ
559 1567 664 1649 αὐτῷ,
691 1570 804 1633 καίτοι
827 1568 927 1650 μηδὲν
946 1580 1141 1655 χρεωστῶν,
1173 1574 1199 1632 εἰ
1226 1569 1284 1650 μὲν
1311 1591 1372 1631 non
1399 1570 1503 1632 addidi
1530 1572 1746 1653 quantitatem,
1778 1571 1884 1633 inutile
1911 1573 1981 1652 [est]
2008 1570 2156 1652 legatum:
2190 1571 2217 1632 si

376 1672 419 1756 μὴ
442 1674 646 1760 προσέθηκα
661 1672 777 1756 ποσόν,
801 1677 976 1761 ἀχρηστον
991 1674 1050 1740 τό1
1073 1676 1233 1757 ληγάτον·
1257 1681 1283 1738 εἰ
1311 1698 1382 1740 vero
1398 1678 1462 1739 dixi
1483 1687 1605 1753 „tantos
1621 1677 1760 1753 solidos“,
1775 1679 1866 1741 valet.
1912 1679 1969 1742 hoc
1987 1679 2067 1740 enim
2086 1686 2118 1740 et
2135 1678 2218 1739 circa

377 1776 518 1844 diuisos
539 1783 647 1862 ,τόσα
662 1786 793 1865 νομμ’“,
817 1787 969 1868 ἔρρωται.
1009 1792 1110 1847 τοῦτο
1125 1779 1191 1865 γὰρ
1207 1779 1285 1846 ταδ’
1312 1785 1412 1847 dotem
1436 1785 1569 1866 legatam
1592 1786 1683 1867 viget.
1984 1787 2020 1847 ir.
2039 1789 2089 1848 75.
2105 1791 2122 1861 ς
2141 1788 2168 1847 1.
2187 1787 2217 1846 2.

376 1885 427 1951 ἐπὶ
451 1885 589 1973 προικός
610 1888 869 1972 ληγατευομένης
890 1900 1019 1976 κρατεῖς
1035 1888 1094 1939 -³

1051 1999 1087 2059 a.
1105 2001 1155 2060 75.
1173 2004 1189 2074 s
1209 2000 1235 2059 1.
1253 2000 1281 2059 2.

322 2108 339 2161 '.
444 2101 565 2176 Καλῶς
597 2101 765 2184 ληγατεύω
799 2125 853 2167 σοι
882 2101 962 2188 ὅπερ
991 2107 1055 2181 έχει
1083 2106 1142 2186 μοί
1167 2126 1217 2178 τις
1248 2108 1282 2167 έν
1375 2106 1472 2169 Recte
1499 2107 1567 2187 lego
1594 2107 1625 2167 id
1652 2106 1734 2188 quod
1761 2106 1836 2168 mihi
1863 2105 1957 2169 habet
1979 2107 2047 2187 quis
2070 2107 2101 2167 in
2125 2106 2216 2187 depo

376 2209 565 2295 παραθήκη
587 2208 645 2273 καὶ
666 2208 760 2295 παρὰ
780 2219 841 2274 τοῦ
859 2220 1035 2295 χρεωστοῦ
1054 2232 1118 2293 μου
1139 2208 1178 2275 τό
1199 2209 1278 2295 παρ’
1309 2212 1367 2274 sito
1391 2228 1422 2274 ct
1444 2234 1464 2274 a
1486 2213 1622 2275 debitore
1645 2234 1713 2276 meo
1735 2213 1767 2274 id
1789 2214 1871 2295 quod
1890 2214 1981 2275 abeo
1998 2212 2125 2276 debetur
2139 2213 2216 2273 mihi

375 2317 481 2380 αὐτοῦ
512 2316 769 2405 ἐνοφειλόμενον
799 2340 854 2400 μοι
885 2316 943 2382 καὶ
968 2320 1164 2399 έναγόμενος
1188 2313 1281 2400 παρά
1309 2329 1340 2381 et
1362 2330 1528 2383 conventus
1552 2321 1591 2383 ab
1614 2321 1724 2383 herede
1745 2320 1840 2383 habet
1862 2321 1924 2383 doli
1946 2320 2163 2402 exceptionem

376 2431 437 2487 τοῦ
450 2424 660 2507 κληρονόμου
675 2427 739 2502 έχει
755 2423 856 2488 δόλου
872 2426 1161 2513 παραγραφήνε-
1186 2426 1280 2487 877.
2108 2426 2145 2488 ir.
2162 2429 2213 2487 77.

332 2555 339 2572 ·
447 2531 530 2594 Τότε
553 2533 571 2594 ό
595 2530 799 2615 ληγατάριος
824 2531 1032 2617 θερσόμενος
1058 2532 1192 2614 ληγάτῳ
1220 2534 1281 2594 ένέ·
1374 2533 1461 2597 Τιεοο
1492 2533 1657 2614 legatarius
1687 2535 1788 2615 legato
1815 2543 1958 2597 oneratus
1984 2543 2112 2608 tenetur,
2143 2554 2212 2595 cum

372 2658 483 2718 χεται,
513 2634 569 2701 ὅτε
595 2636 635 2703 τό
663 2638 810 2720 ληγάτον
837 2645 881 2714 εἰς
909 2637 1014 2704 αὐτόν
1041 2640 1218 2725 περιέλθηε
1238 2675 1280 2686 -
1308 2639 1445 2721 legatum
1468 2641 1600 2703 adeum
1622 2643 1788 2723 perveniat
2109 2640 2145 2701 ir.
2163 2642 2212 2702 78.

1174 2746 1210 2808 ir.
1230 2748 1280 2808 78.

321 2858 336 2911 ’.
439 2848 514 2916 ‘Eos
546 2855 654 2937 πέτρῳ
685 2852 743 2917 καὶ
771 2852 885 2935 παύλω
912 2856 991 2917 εἴπω
1019 2852 1167 2930 δοθῆναι
1201 2850 1280 2915 δέκα
1375 2855 1409 2916 si
1430 2855 1523 2917 Petro
1551 2865 1582 2918 et
1608 2855 1707 2917 Paulo
1736 2857 1840 2918 dixero
1868 2856 1935 2918 dari
1964 2856 2068 2917 decem
2092 2854 2210 2927 solidos,

373 2971 480 3042 copp‘,
504 2960 572 3023 ἀνα
594 2957 675 3024 δέκα
697 2959 935 3045 λαμβάνουσιν.
1175 2960 1212 3022 fr.
1230 2962 1279 3023 79.
1307 2961 1419 3043 singuli
1440 2962 1545 3025 decem
1566 2965 1699 3044 capiunt
2109 2961 2143 3022 fr.
2161 2965 2210 3025 79.

433 3082 541 3162 Ἔχων
555 3106 606 3158 τις
622 3086 741 3149 οὐσίαν
753 3087 958 3170 τριακοσίων
972 3098 1070 3169 νομμ’
1085 3085 1280 3166 έληγότευσε
1373 3086 1503 3149 Habens
1526 3088 1652 3168 quidam
1675 3087 1877 3150 substantiam
1899 3087 2024 3167 triginta
2046 3086 2209 3149 solidorum

374 3194 482 3275 πέτρῳ
514 3192 709 3276 τριάκοντα,
743 3192 857 3274 παόλιμ
885 3195 999 3273 εἴκοσι,
1032 3193 1156 3278 έωάννη
1186 3190 1278 3255 δέκα·
1305 3194 1421 3275 legavit
1438 3193 1530 3256 Petro
1552 3196 1684 3275 triginta
1702 3194 1800 3256 Paulo
1823 3194 1940 3276 viginti,
1962 3195 2072 3256 loanni
2094 3194 2208 3257 decem:

373 3302 514 3372 ἕκαστος
546 3300 658 3363 αὐτῶν
689 3295 729 3363 τό
761 3296 861 3381 όμισυ
898 3309 967 3363 τῶν
1003 3298 1279 3380 ληγατευθέντων
1306 3301 1418 3382 singuli
1449 3322 1554 3364 eorum
1586 3302 1744 3364 dimidium
1771 3322 1875 3364 eorum
1903 3322 1981 3382 quae
2008 3302 2083 3383 ipsis
2110 3301 2208 3380 legata

373 3407 465 3488 αὐτῷ
497 3406 658 3492 λαμβάνει
692 3403 785 3491 παρά
816 3404 877 3483 την
914 3405 1150 3487 ἀναλογοῦσαν
1187 3406 1279 3487 αὐτῷ
1306 3417 1378 3471 sunt
1405 3410 1488 3490 capit
1515 3409 1679 3471 secundum
1706 3410 1853 3472 rationem
1876 3428 1951 3471 suae
1977 3409 2124 3490 portionis
2155 3406 2207 3469 fal·

371 3523 496 3598 μοῖραν
518 3523 580 3577 τοῦ
602 3512 794 3601 φαλκιδίουε
811 3551 853 3561 -
1174 3513 1209 3575 fr.
1227 3516 1277 3575 80.
1307 3516 1412 3577 cidiae.
2106 3514 2142 3576 fr.
2159 3516 2206 3575 80.

437 3635 512 3702 Ἐἀν
536 3638 731 3720 ὁμολογήσω
754 3638 834 3725 ὑπὲρ
859 3636 997 3723 προικός
1020 3649 1078 3715 τῆς
1101 3638 1278 3722 θυγατρός
1373 3641 1406 3702 si
1429 3640 1594 3721 promisero
1615 3661 1671 3721 pro
1694 3641 1763 3703 dote
1785 3640 1866 3702 filiae
1888 3660 1975 3702 meae
1997 3651 2119 3702 eentum
2142 3638 2207 3701 soli·

372 3767 437 3828 μου
455 3750 576 3810 ἕκατον
590 3758 691 3828 νομμ*
705 3745 762 3810 καὶ
778 3744 969 3827 ληγατεόσω
988 3746 1073 3832 αὐτῇ
1089 3742 1134 3809 τά
1148 3749 1278 3823 έκατον,
1306 3747 1361 3810 dos
1383 3744 1473 3831 (dari)
1495 3759 1526 3809 et
1548 3747 1691 3828 legavero
1714 3748 1742 3810 ei
1764 3756 1886 3810 centum
1909 3746 2030 3821 solidos,
2058 3766 2120 3808 non
2142 3766 2205 3827 pos·

373 3854 414 3916 οὐ
435 3851 575 3917 δύναται
598 3852 657 3916 καὶ
680 3851 763 3930 αὐτη
786 3850 844 3917 καὶ
867 3850 1054 3938 όγαμβρδς
1077 3854 1143 3915 ἀνα
1158 3856 1279 3914 έκατον
1305 3864 1377 3917 sunt
1398 3864 1462 3916 tam
1484 3855 1553 3936 ipsa
1575 3876 1667 3936 quam
1690 3875 1783 3934 gener
1805 3853 1917 3934 singuli
1943 3862 2046 3935 petere
2073 3862 2204 3925 centnm

372 3962 538 4041 ἀπαιτεῖν,
576 3959 672 4037 ἀλλά,
690 3961 975 4047 συμφωνείτωσαν
1013 3960 1113 4023 ποίαν
1144 3955 1278 4039 ’ἀγωγὴν
1306 3962 1360 4024 sed
1382 3962 1566 4025 conveniant
1587 3961 1709 4042 qualem
1732 3961 1882 4024 actionem
1904 3979 2046 4024 exercere
2069 3959 2170 4022 velint.

372 4066 514 4131 θέλουσι
537 4077 685 4143 κινησαιε
701 4066 765 4115 —4
1092 4067 1131 4128 fr.
1146 4069 1197 4128 84.
1214 4070 1231 4141 δ
1249 4070 1277 4128 6.
2024 4066 2060 4128 ir.
2078 4069 2129 4128 84
2145 4072 2161 4143 ξ
2178 4068 2204 4127 s.

437 4188 512 4255 Ἑάν
533 4191 725 4273 ληγατεύσω
749 4214 803 4256 σοι
827 4188 933 4277 ἀγρόν
955 4187 1038 4273 μετὰ
1054 4202 1121 4254 τῶν
1136 4195 1171 4254 ἐν
1185 4191 1277 4272 αὐτῷ
1372 4193 1405 4256 Si
1427 4194 1570 4275 legavero
1593 4193 1649 4255 tibi
1671 4193 1799 4255 fundum
1823 4213 1893 4254 eum
1916 4192 2019 4268 servis,
2043 4192 2097 4273 qui
2118 4192 2151 4252 in
2171 4210 2204 4253 eo

370 4296 461 4363 κατὰ
483 4296 544 4363 τόν
565 4296 686 4384 καιρόν
709 4311 767 4376 τῆς
788 4299 938 4375 τελευτῆς
955 4320 1020 4380 μου
1038 4296 1174 4378 δούλων,
1197 4298 1277 4381 λαμ-
1305 4310 1395 4363 erunt
1416 4309 1550 4381 tempore
1577 4301 1682 4362 mortis
1705 4320 1798 4375 meae,
1822 4300 1933 4381 accipis
1961 4308 1992 4361 et
2018 4318 2070 4361 eos
2094 4299 2146 4380 qui
2167 4297 2205 4359 ab

371 4406 484 4491 βάνεις
505 4404 563 4470 καὶ
587 4404 665 4481 τοὺς
688 4407 722 4489 ἐξ
745 4407 850 4470 αὐτοῦ
872 4407 1044 4493 φυγόντας
1065 4403 1124 4469 καὶ
1146 4402 1225 4480 τοὺς
1243 4410 1277 4469 έν
1303 4428 1339 4470 eo
1362 4407 1507 4490 fugerunt
1529 4418 1560 4470 et
1582 4428 1632 4470 eos
1655 4408 1707 4489 qui
1729 4408 1762 4468 in
1784 4407 1858 4487 fuga
1881 4407 1921 4469 ab
1944 4406 1980 4468 iis
2003 4406 2070 4468 nati
2092 4414 2169 4467 sunt

371 4518 412 4601 τῇ
436 4517 528 4600 φυγῇ
550 4514 736 4591 τεχθέντος
759 4513 793 4596 ἐξ
816 4514 939 4576 αὐτωνε
956 4550 998 4560 -
1070 4513 1105 4575 ir.
1122 4517 1206 4591 84.§
1226 4516 1276 4574 10.
2002 4514 2038 4575 fr.
2056 4516 2106 4574 84.
2123 4518 2139 4588 5
2157 4514 2204 4573 10.

435 4635 510 4703 ’Eois
532 4637 724 4719 ληχατεόσω
748 4660 802 4702 σοι
826 4640 948 4722 πέτρον
971 4636 990 4714 λη
1013 4637 1140 4701 παῦλον
1162 4634 1202 4700 δν
1219 4637 1275 4700 θε-
1370 4638 1404 4701 si
1441 4639 1581 4720 legavero
1613 4638 1669 4700 tibi
1699 4639 1824 4701 Petrum
1856 4649 1910 4700 aut
1941 4637 2074 4700 Paulum
2105 4646 2204 4699 utrum

370 4745 472 4833 λησης
493 4742 550 4809 καὶ
574 4743 696 4831 περιὼν
711 4743 914 4829 δωρήσωμαί
927 4765 991 4807 τινι
1014 4741 1074 4808 τόν
1089 4748 1155 4826 ένα,
1178 4745 1276 4808 ἀπαι-
1303 4746 1434 4808 volueris
1458 4755 1490 4808 et
1511 4747 1706 4828 supervivens
1729 4746 1881 4809 donavero
1899 4745 1955 4808 tibi
1973 4744 2112 4818 alterum,
2134 4744 2203 4805 alte·

370 4861 437 4927 τεῖς
459 4850 520 4917 τόν
542 4852 657 4916 ἀλλονε
673 4889 716 4900 -
860 4858 863 4863 ’
1068 4852 1104 4914 ir.
1121 4856 1172 4916 84.
1190 4859 1206 4929 §
1226 4852 1274 4913 11.
1302 4874 1371 4915 rum
1393 4854 1480 4935 petis.
1999 4852 2035 4914 fr.
2052 4855 2103 4915 84.
2121 4857 2136 4927 fi
2156 4854 2203 4913 11.

435 4974 760 5062 Έάνεῖπω·,,πέτρῳ
776 4974 1033 5059 καὶπαύλωένα
1048 4976 1275 5058 δοῦλονληγα-
1370 4977 1403 5039 Si
1430 4978 1548 5040 dixero:
1575 4978 1688 5040 Petro
1716 4987 1752 5040 et
1779 4978 1895 5040 Paulo
1922 4998 2029 5038 unum
2062 4997 2203 5039 servum

370 5083 487 5165 τεύω,“
516 5085 556 5147 οὐ
583 5087 823 5168 συντρέχουσιν
845 5083 998 5161 ἀλλήλοις
1021 5089 1065 5157 εἰς
1088 5081 1149 5147 τὸν
1171 5080 1276 5147 αὐτόν
1302 5085 1397 5165 lego,
1425 5104 1487 5146 non
1510 5094 1693 5147 concurrunt
1714 5084 1845 5148 invicem
1868 5086 1899 5146 in
1922 5084 2052 5146 eundem
2076 5104 2202 5147 servum

370 5190 562 5256 εοοεοα-
1068 5192 1274 5267 ceasia.
1999 5191 2202 5267 eslere.

325 5362 332 5375 .
434 5312 509 5379 Ἐἀν
532 5315 591 5379 δύο
608 5314 675 5379 τισλ
692 5316 946 5398 συνεζευγμένας
960 5315 1154 5403 ληγατευθῇ
1170 5313 1275 5400 ἀγρὸς
1369 5315 1402 5378 Si
1424 5316 1544 5378 duobus
1561 5316 1745 5378 coniunctim
1759 5315 1871 5378 fundus
1893 5315 2012 5397 legatus
2028 5316 2068 5378 sit
2083 5326 2115 5377 et
2129 5314 2203 5375 alter

368 5421 425 5487 καὶ
449 5425 467 5486 ό
491 5418 535 5497 εἷς
558 5421 645 5508 λάβη
668 5420 707 5486 τὸ
730 5424 855 5505 τίμημα
878 5431 939 5486 τοῦ
960 5424 1108 5504 ἡμίσεως,
1132 5424 1150 5484 ό
1174 5421 1275 5495 ἀλλος
1302 5424 1453 5503 acceperit
1475 5424 1714 5485 aestimationem
1738 5424 1834 5504 partis
1856 5423 2006 5496 dimidiae,
2037 5422 2115 5484 alter
2135 5422 2201 5503 plus

369 5530 468 5594 πλέον
489 5537 552 5594 τοῦ
573 5531 713 5612 ἡμίσεως
735 5539 797 5593 τοῦ
819 5532 926 5615 ἀγροῦ
944 5531 1097 5593 ἀπαιτεῖν
1121 5530 1160 5593 οὐ
1176 5528 1272 5592 δύνα·
1301 5550 1394 5611 quam
1417 5530 1574 5592 dimidiam
1597 5540 1716 5611 partem
1739 5530 1826 5592 fundi
1848 5539 1950 5611 petere
1972 5550 2034 5592 non
2056 5538 2162 5610 potest

368 5659 438 5701 ταετ
455 5674 497 5684 -
1167 5636 1204 5697 fr.
1221 5641 1271 5699 85.
2101 5637 2136 5698 fr.
2152 5639 2202 5699 85.

441 5885 503 5940 ¹de
516 5884 584 5957 Syn.
648 5884 712 5940 'de
726 5884 792 5956 Syn.
852 5884 966 5940 ³habet
985 5882 1050 5954 Syn.
1112 5882 1271 5938 ‘similiter

368 5989 402 6028 ex
421 5973 534 6028 scholiis
551 5973 617 6029 Bas.
635 5973 667 6029 F.
685 5973 742 6028 Hb.
