4680 7114
399 437 467 519 Ι236
538 431 787 501 GOLLATIO
810 432 951 499 LIBRI
973 430 1288 499 AMBROSIANI
1310 431 1410 499 CUM
1432 431 1678 498 EDITIONE
1699 430 2100 498 HEIMBAGHIANA.

560 626 681 697 propter
696 615 873 677 homoeotel.
889 615 1051 696 perierunt
1076 618 1200 690 §3-4.
1217 615 1301 701 θέλη

561 720 953 804 ..μήδιεκδικοῦντες..
1000 727 1065 799 55.
1090 727 1154 798 §6-
1176 721 1301 805 Ὁόμό-

561 851 618 893 σαι
647 828 689 911 μή
717 829 895 911 δυνάμενος
922 826 980 894 ἐὰν
1006 827 1146 915 ὕστερον
1168 831 1301 917 δυνηθῇ

561 940 698 1010 ...είς
720 947 846 1014 νοῦχαν
868 983 907 999 ..
1087 1014 1091 1021 ,

401 1064 426 1106 e.
445 1046 495 1105 22.
521 1050 536 1120 ξ
555 1047 583 1105 3.
608 1048 653 1120 έχ.
677 1041 737 1108 τὸν
752 1042 840 1107 δοῦλ
863 1043 1081 1130 ῆπροαχέτω.
1117 1048 1179 1121 §A
1212 1046 1299 1127 Iung.

561 1172 585 1213 ε.
604 1155 654 1214 23.

401 1278 426 1320 ο.
445 1261 495 1320 26.
521 1262 574 1334 §4
598 1256 682 1343 (κδ).
706 1262 769 1335 56.
793 1261 821 1321 A
844 1255 883 1321 δ’
904 1267 966 1323 τοῦ
988 1258 1016 1322 δ.
1038 1257 1082 1341 μή
1106 1258 1170 1323 έκδ.
1208 1281 1302 1341 usque

560 1365 600 1427 nd
622 1387 651 1430 v.
676 1364 748 1448 περὶ
770 1377 946 1429 κοινωνῶν.

402 1492 425 1533 e.
446 1474 497 1534 27.
522 1475 574 1548 §1
600 1470 679 1558 (κε’).
717 1472 749 1535 Α
776 1469 814 1536 vk
838 1472 1046 1558 Ἐκβιίλλεται
1081 1473 1109 1537 δ.
1138 1495 1169 1537 π.
1197 1475 1303 1555 incipit

561 1590 654 1660 eaput
680 1601 807 1662 sequens
840 1578 895 1665 (28
917 1611 949 1635 =
970 1579 1033 1667 κς’)
1066 1580 1200 1654 δίκαιως
1232 1579 1302 1667 (nie)

561 1731 568 1746 .
592 1731 599 1747 .
622 1686 775 1763 νοχαλιάι
800 1734 807 1748 .
831 1734 838 1748 .

401 1812 426 1854 ο.
445 1796 485 1854 29
518 1790 602 1878 (κζ).
625 1815 649 1855 ο.
662 1797 712 1856 30.
738 1816 763 1856 ο.
775 1797 825 1855 31.
849 1794 1002 1880 φαμηλιά
1010 1817 1041 1875 μ.
1051 1794 1108 1873 κλ,
1123 1802 1301 1857 τοσοῦτον·

561 1900 589 1961 δ.
613 1946 620 1960 .
644 1946 651 1961 .
675 1948 682 1962 .
705 1900 769 1963 έκδ.
793 1923 892 1964 τινων
919 1902 1169 1987 ἡμαρτηκότων.
1213 1903 1241 1963 Α
1264 1897 1303 1964 v¹¹

561 2005 629 2070 Καὶ
655 2003 709 2070 ότε
732 2004 797 2091 γὰρ
821 2030 933 2072 novum
956 2010 1013 2071 ine.
1037 2010 1149 2071 themu.

402 2133 426 2174 ο,
445 2116 485 2173 36
518 2110 602 2196 (λβ).
626 2114 684 2178 ἄπ’
711 2115 816 2178 αὐτοῦ
838 2112 895 2178 διδ
912 2126 971 2191 τῆς
986 2115 1058 2197 περὶ
1075 2114 1201 2178 δούλιον
1217 2116 1301 2196 ιλχω-

560 2231 620 2301 χῆς
647 2225 704 2300 (est
732 2222 848 2285 scilieet
869 2224 963 2305 inepti
986 2224 1143 2285 cuiusdam
1167 2223 1301 2304 graeculi

559 2329 765 2409 interpretatio
802 2330 916 2392 latinae
947 2332 1030 2394 vocis
1062 2328 1233 2415 εεινίεοῆς)
1261 2380 1267 2392 ,
1293 2380 1299 2391 .

558 2436 721 2512 νοχαΙιιαι
806 2437 928 2500 (λεείολ.
952 2437 1299 2500 Excideruntfoliuduo.

567 2627 656 2698 [uns.
676 2629 792 2685 menn
809 2630 871 2697 nx,
890 2630 1057 2688 nunnus
1075 2630 1135 2700 vn]

399 2773 424 2814 e.
450 2756 500 2815 31.
524 2756 552 2816 A
576 2751 613 2817 δ’
641 2757 824 2837 προίχματα
851 2778 880 2819 κ.
904 2777 936 2820 π.
959 2804 966 2818 .
988 2803 1023 2819 ..
1050 2755 1107 2821 καί
1131 2761 1171 2843 τῇ
1194 2761 1238 2830 είς
1260 2752 1300 2819 τὸ

559 2860 694 2926 διπλοῦν
718 2864 771 2945 όχ.

400 2989 424 3029 ο.
443 2972 483 3030 33
517 2963 602 3054 (λύ’).
625 2965 664 3032 τό
676 2968 922 3056 διαθρέψαι...
938 2974 978 3056 τῇ
989 2976 1032 3044 εἰς
1043 2967 1081 3034 τό
1097 2970 1232 3035 διπλοῦν
1247 2973 1300 3051 όχ.

399 3095 424 3136 e.
442 3078 484 3136 34
516 3071 601 3160 (λχ’).
624 3073 714 3140 κατὰ
737 3088 795 3153 τῆς
817 3073 973 3157 χυναικὸς
996 3077 1130 3159 όχωχήν
1146 3076 1218 3162 περὶ
1234 3089 1302 3142 τῶν

560 3203 589 3244 σ.
612 3183 660 3247 κλ.
689 3206 720 3248 π.
743 3184 888 3266 έχκλημα
915 3230 923 3246 .
947 3230 954 3246 .
981 3185 1117 3267 μίμησιν
1143 3195 1201 3261 τῆς
1228 3183 1300 3270 περί

557 3289 706 3353 κλεπτῶν
730 3290 783 3370 dy.
805 3336 932 3353 ......
956 3291 1088 3378 ψηλαφ.
1118 3292 1301 3377 πράγματα

558 3399 731 3473 κατέχεται
759 3405 833 3470 ταῖς
860 3400 1042 3481 εἰρημέναις
1074 3399 1221 3480 όχωχαῖς
1252 3403 1301 3480 έχ-

558 3503 712 3585 κλήματι·
741 3501 824 3580 πλὴν
852 3503 924 3587 περὶ
947 3502 1007 3582 τήν
1030 3506 1211 3582 ἀπαίτησιν
1234 3517 1301 3569 τῶν

559 3614 765 3695 πραγμάτων
788 3610 956 3675 δύνανται.

248 3732 295 3801 ν
400 3738 424 3779 ..
442 3721 483 3780 ν
516 3715 600 3806 ιω
624 3721 668 3793 ε
690 3739 776 3803 σε
822 3739 846 3781 .
865 3722 905 3780 ο
927 3714 1005 3804 σε.
1043 3739 1067 3780 .
1086 3722 1127 3781 ν
1143 3716 1225 3805 σε.
1253 3723 1299 3800 ..ι

559 3824 665 3907 δούλην
688 3830 735 3906 τῷ
754 3825 919 3909 ἀλλοτρίῳ
936 3871 943 3886 .
959 3873 967 3888 .
984 3871 991 3886 .
1008 3825 1141 3909 ἁρμόζει
1158 3824 1215 3889 καλ
1231 3827 1251 3902 ῆ
1268 3847 1299 3889 π.

400 3953 425 3993 ο.
443 3935 493 3995 38.
518 3933 548 3994 A
563 3928 602 3996 v¹⁸
625 3932 664 3995 El
688 3931 722 3996 δέ
745 3932 921 4017 ἐλεύθερος
939 3932 1023 4017 καλῇ
1039 3954 1070 3996 π.
1087 3978 1095 3993 .
1111 3979 1118 3993 .
1134 3978 1141 3993 .
1157 3933 1300 4010 νοχαλία
1321 3972 1323 3975 ν

558 4039 834 4123 τρακταίσθῆναι
859 4040 899 4102 ού
922 4037 1075 4103 δύναταιε
1093 4077 1134 4087 —-

514 4146 657 4226 Sequitur
678 4146 787 4209 deinde
811 4146 990 4229 Πρόδηλον
1013 4143 1064 4209 ότι
1088 4148 1108 4223 ὴ
1131 4147 1201 4210 κτλ.
1218 4157 1253 4209 ut
1267 4149 1299 4209 in

559 4254 672 4315 eeholio
695 4252 865 4328 ΤλεεΙεῙεεί,
892 4254 974 4334 quod
1001 4262 1047 4315 eet
1068 4254 1151 4334 apud
1174 4255 1297 4317 Heimb.

557 4361 590 4423 V
605 4364 670 4424 404
692 4360 831 4423 relatum.
869 4360 975 4422 Verba
991 4361 1063 4422 artis
1082 4360 1179 4422 latina
1193 4382 1299 4441 greeee

557 4478 629 4530 sunt
643 4468 769 4541 redditu,
784 4477 820 4529 ut
835 4487 917 4529 eene:
938 4468 958 4543 ή
974 4465 1046 4552 περὶ
1061 4465 1185 4543 κλοπῆς
1201 4470 1244 4540 είς
1260 4463 1299 4530 τό

558 4574 693 4637 διπλοῦν
709 4571 822 4654 ύχωχή
838 4619 845 4634 .
862 4619 869 4634 .
885 4619 893 4635 .
913 4570 974 4650 τήν
989 4571 1061 4658 περὶ
1077 4573 1200 4651 κλοπῆς
1215 4576 1300 4655 ἀχω-

558 4678 619 4762 χήν
642 4686 687 4754 είς
710 4677 748 4743 τὸ
766 4679 902 4743 διπλοῦν
924 4726 955 4742 ..
978 4683 1020 4767 τῇ
1039 4679 1111 4765 περὶ
1127 4689 1188 4744 τοῦ
1198 4702 1300 4764 χρησ·

560 4788 683 4862 θέντος
706 4790 820 4873 σἰχοιχῇ
922 4785 982 4864 τὴν
1006 4785 1078 4873 περὶ
1100 4786 1224 4864 κλοπῆς

559 4892 620 4972 τήν
643 4893 715 4979 περὶ
738 4894 862 4971 κλοπῆς
889 4892 1023 4975 ύχωχῆν
1124 4898 1150 4957 εί
1178 4894 1299 4981 ὀφείλει

646 4999 706 5078 τὴν
742 4998 815 5086 περὶ
846 5001 969 5077 κλοπῆς
1006 5004 1050 5074 εἰς
1087 4997 1127 5063 τὸ
1166 4999 1302 5063 διπλοῦν

559 5106 693 5190 όχωχήυ
716 5154 723 5169 .
746 5155 754 5170 .
778 5154 785 5169 .
813 5105 872 5184 τήν
900 5105 972 5192 περὶ
1000 5107 1154 5183 κλοπῆς.
1178 5105 1300 5183 ..τήν

559 5214 718 5290 τοιαύτην
745 5214 887 5295 όχωχήν.
987 5211 1119 5294 κελεύοι,
1147 5211 1203 5275 ἵνα
1230 5214 1249 5276 ό
1272 5212 1300 5275 δ.

558 5323 712 5406 ἐξουσίαν
739 5324 796 5406 ’έχη
824 5320 843 5397 i>
870 5317 931 5398 τήν
958 5343 989 5385 π.
1016 5321 1139 5396 κλοπῆς
1167 5330 1298 5396 κινῆσαι

557 5426 648 5493 κατὰ
674 5437 736 5492 τοῦ
756 5427 897 5492 κλέπτου
924 5426 943 5505 ή
972 5426 1031 5504 τήν
1054 5426 1104 5491 ἐπὶ
1128 5430 1175 5508 τῷ
1195 5447 1299 5510 χρησ-

560 5538 656 5601 θέντι
696 5533 830 5616 σἰχωχήν
866 5530 956 5598 κατὰ
987 5543 1049 5598 τοῦ
1076 5537 1298 5618 χρησαμένου.

560 5642 632 5708 ἀλλ’
658 5647 683 5705 εἰ
706 5642 764 5724 μὲν
779 5642 972 5724 ἐπιλέξηται,
996 5637 1100 5704 αύτδν
1114 5640 1172 5723 μέν
1186 5642 1298 5722 μηκέτι

1488 624 1549 692 πῆς
1571 622 1680 678 κινεῖν.
1720 614 1796 677 τότε
1818 617 1928 695 μέντοι
1953 610 2008 677 ὅτε
2031 615 2050 677 ό
2069 612 2218 691 δεσπότης

1489 720 1581 796 είδὼς
1613 720 1673 800 τὴν
1705 720 1756 785 ἐπὶ
1788 725 1836 803 τῷ
1870 743 1992 808 upum
2045 733 2104 785 cet,
2135 734 2168 784 ut
2193 725 2219 784 in

1488 833 1651 906 <tit-§1
1677 828 1810 917 (pune,
1834 829 1911 916 ιε).

1443 936 1532 1019 Iung.
1556 941 1620 1014 §A
1648 935 1709 1014 τήν
1735 935 1786 1001 uu
1814 940 1863 1019 tp*
1886 937 2076 1022 χρησόέντι
2100 938 2152 1016 ἀγ.

1488 1044 1634 1121 ἐκίνησεν
1660 1043 1720 1122 τήν
1743 1044 1793 1109 ἐπὶ
1817 1048 1865 1125 τῷ
1884 1044 2074 1127 χρησθέντι
2099 1045 2152 1124 ἀχ.

1488 1153 1507 1214 ό
1523 1150 1685 1228 δεσπότης
1701 1152 1932 1232 αχονιζόμενος
1947 1197 1978 1214 ..
2010 1153 2041 1212 A
2057 1147 2098 1217 νδ·
2118 1151 2220 1214 Τοῦτο

1489 1257 1523 1322 δέ
1555 1255 1599 1322 τὰ
1630 1262 1783 1344 εἰρημένα
1814 1260 1889 1341 ἡμῖν
1912 1304 1919 1320 .
1939 1303 1977 1320 ..
2004 1259 2135 1343 ἄπορός
2161 1262 2218 1320 ἐστι

1488 1362 1578 1428 κατὰ
1601 1365 1713 1429 πάντα
1735 1412 1767 1428 ..

1436 1464 1501 1534 Ἦν
1532 1471 1566 1535 δέ
1598 1471 1655 1536 καὶ
1683 1472 1820 1558 δευτέρα
1847 1473 1980 1552 ζήτησις
2006 1476 2041 1536 έν
2069 1475 2118 1552 τῷ
2140 1473 2219 1553 αύτῷ
2243 1478 2302 1543 [ιλιι

1489 1579 1614 1661 θέματι
1638 1579 1789 1656 τοιαύτη·
1810 1577 1889 1644 Ἐὰν
1907 1580 2154 1664 όχρησοίμενος
2173 1590 2220 1641 ete

1488 1695 1523 1749 ut
1549 1687 1581 1748 in
1610 1692 1673 1765 53.
1702 1734 1737 1750 ..
1761 1685 1822 1764 τήν
1849 1684 1920 1772 περὶ
1948 1687 1997 1750 κλ.
2023 1686 2221 1771 κινήσῃ

1488 1792 1664 1857 διπλάσιον
1695 1793 1715 1871 i)
1747 1792 1787 1857 τό
1819 1793 2066 1877 τετραπλάσιον
2187 1795 2220 1878 τῇ

1488 1898 1538 1964 έπλ
1561 1904 1608 1982 τῷ
1629 1900 1828 1983 χρησθέντα
1866 1901 1941 1963 Post
1955 1908 1989 1964 v·
2011 1897 2108 1984 παρὰ
2126 1898 2220 1963 τοῦδ.

1488 2015 1550 2070 τοῦ
1571 2029 1624 2091 πρ.
1657 2008 1733 2070 haee
1749 2016 1926 2088 sequuntur:
1950 2009 2117 2090 πρότερον
2130 2008 2221 2087 μόνον

1488 2111 1527 2177 τὸ
1560 2123 1698 2198 πρᾶγμα
1730 2114 1874 2195 δίδωσιν,
1907 2118 1935 2178 εί
1965 2115 2009 2197 μή
2040 2138 2075 2177 τι
2108 2112 2163 2176 καὶ
2188 2110 2221 2175 τύ

1489 2231 1626 2303 πρᾶγμα
1657 2220 1713 2285 καλ
1747 2219 1807 2299 τήν
1839 2220 1967 2301 ποινήν,
2005 2217 2044 2297 ῆν
2077 2220 2221 2298 ῆδννήύη

1487 2326 1609 2411 λαβεῖν.
1654 2337 1740 2391 κινεῖ
1759 2328 1850 2413 [-ῆ]
1879 2326 1945 2413 χελρ
1973 2326 2034 2405 τήν
2061 2327 2136 2410 περὶ
2157 2328 2222 2391 xie

1488 2445 1549 2512 πῆς
1573 2434 1706 2517 ἀγωγὴν
1728 2434 1785 2498 καὶ
1809 2438 1912 2517 τέμνει
1932 2444 2034 2499 τοῦτο
2052 2433 2112 2499 καί
2127 2438 2148 2511 η
2163 2435 2222 2498 διό·

1487 2540 1594 2623 ταξις,
1624 2538 1675 2605 ότι
1704 2543 1744 2605 ού
1771 2543 1874 2623 μόνον
1901 2541 1940 2606 τό
1965 2553 2118 2625 πρᾶγμα,
2147 2539 2222 2606 ἀλλὰ

1486 2646 1543 2711 καὶ
1567 2646 1627 2725 τήν
1650 2646 1766 2726 ποινὴν
1788 2648 1958 2733 λαμβύνει.
2003 2647 2043 2713 ὃν
2066 2648 2135 2733 χδιρ
2158 2652 2223 2735 τρό

1488 2775 1551 2817 πον
1579 2756 1669 2837 αὐτῷ
1691 2755 1910 2820 κινδυνεύεται
1935 2759 1954 2834 ῆ
1979 2780 2007 2820 τ.
2031 2779 2086 2839 πρ.
2110 2760 2175 2837 ιλιι,
2199 2781 2223 2820 τ.

1488 2883 1520 2925 α.
1542 2884 1593 2947 τρ.
1615 2861 1673 2926 καὶ
1695 2861 1782 2945 κερδ.
1805 2864 1862 2949 όφ.

1442 2966 1601 3055 Ἐπιφέρει
1626 2966 1682 3032 καὶ
1706 2971 1823 3053 τρίτην
1841 2970 1976 3049 ζήτησιν
1995 2968 2035 3047 ήν
2052 2970 2114 3035 κοιλ
2129 2970 2224 3048 αύτήι

1488 3074 1615 3137 ἐπιλύει.
1661 3076 1753 3155 ζητεῖ
1775 3073 1854 3160 χιλρε
1880 3074 1955 3141 Ἐὰν
1982 3080 2001 3140 ό
2030 3077 2117 3160 ἀνήρ
2145 3081 2223 3141 ntin

1489 3184 1551 3258 §4-
1591 3229 1622 3243 ..
1647 3181 1725 3267 παρ’
1756 3183 1869 3263 αὐτοῦ,
1892 3185 1993 3265 μόνος
2020 3186 2039 3248 ό
2069 3184 2223 3262 δεσπότης

1488 3295 1550 3351 τοῦ
1564 3288 1762 3373 πράγματος
1777 3289 1916 3353 δύναται
1931 3301 2064 3367 κινῆσαι
2083 3291 2147 3368 τήν
2160 3290 2222 3374 περὶ

1486 3394 1610 3472 κλοπῆς
1637 3399 1663 3458 εἰ
1690 3397 1768 3478 μήτε
1795 3395 1853 3460 καλ
1885 3399 1903 3460 ό
1934 3396 2018 3481 ἀνὴρ
2047 3400 2094 3473 ὡς
2122 3402 2223 3479 έναχό

1486 3523 1582 3582 μενος
1605 3505 1645 3588 τῇ
1668 3502 1718 3567 ἐπὶ
1741 3507 1789 3585 τῷ
1809 3505 1997 3588 χρησθέντι
2027 3507 2146 3592 ἀγωγῇ
2167 3510 2222 3583 ἔχει

1487 3606 1544 3671 καλ
1576 3606 1678 3683 αύτδς
1709 3608 1769 3686 τήν
1801 3608 1873 3695 περὶ
1905 3621 1963 3687 τῆς
1989 3612 2117 3689 κλοπῆς
2143 3611 2224 3676 κατὰ

1487 3725 1545 3791 τῆς
1568 3714 1655 3789 ίδιάς
1677 3720 1819 3798 χαμετῆς
1838 3715 1932 3800 παρὰ
1945 3715 2006 3782 τόν
2020 3722 2154 3784 κανόνα
2172 3718 2224 3783 τόν

1486 3822 1634 3902 λέχοντα,
1667 3820 1719 3886 ότι
1752 3821 1950 3906 ότιμοποιδν
1981 3824 2120 3907 ἀγωγήν
2147 3826 2223 3911 ἀνήρ

1487 3929 1526 3991 ού
1548 3939 1634 3992 κινεῖ
1651 3927 1742 3993 κατὰ
1763 3941 1822 4007 τῆς
1844 3933 2008 4011 γυναικός.
2047 3932 2109 3997 καὶ
2128 3939 2224 4016 τέμνει

1486 4033 1542 4099 καλ
1571 4035 1697 4113 ταύτην
1725 4035 1786 4115 τήν
1813 4039 1961 4118 ζήτησιν,
1988 4038 2044 4102 ἵνα
2070 4045 2101 4104 εί
2128 4044 2184 4124 μέν
2208 4043 2224 4103 ό

1487 4142 1648 4219 δεσπότης
1670 4153 1732 4207 τοῦ
1754 4146 1951 4230 προίχματος
1968 4147 2156 4229 ἐπιλέξηται
2173 4148 2225 4225 τήν

1487 4248 1559 4335 περὶ
1581 4250 1714 4331 κλοπῆς,
1737 4252 1854 4338 κινήσῃ
1871 4249 1962 4316 κατὰ
1984 4265 2043 4330 τῆς
2065 4256 2225 4334 γυναικός.

1487 4360 1513 4419 εί
1530 4356 1564 4420 δέ
1579 4355 1640 4433 τήν
1655 4355 1706 4421 ἐπὶ
1721 4362 1769 4440 τῷ
1781 4359 1969 4444 χρησόέντι
1985 4361 2128 4442 ζητήσει,
2144 4359 2226 4426 κατὰ

1486 4472 1548 4527 τοῦ
1570 4462 1692 4547 ἀνδρός
1707 4473 1769 4528 τοῦ
1779 4469 1994 4551 χρησαμένου
2007 4479 2155 4549 κινῆσαι,
2178 4469 2226 4533 ἵνα

1487 4571 1506 4633 ό
1534 4569 1619 4653 ἀνὴρ
1646 4569 1689 4652 μή
1717 4569 1778 4649 τήν
1805 4572 1877 4657 περὶ
1899 4574 2036 4654 κλοπῆς,
2059 4574 2152 4639 ἀλλὰ
2173 4574 2225 4651 τήν

1487 4675 1559 4762 περὶ
1576 4678 1784 4765 ἀφαιρέσεως
1797 4681 2003 4762 πραγμάτων
2011 4682 2135 4769 κινήσῃ
2144 4679 2226 4747 κατὰ

1487 4794 1545 4859 τῆς
1568 4787 1735 4866 χυναικόςι
1753 4823 1795 4833 -

1449 4891 1565 4955 Ταῦτα
1587 4896 1613 4954 εί
1636 4891 1679 4973 μή
1703 4893 1842 4978 εύπορός
1865 4899 1955 4957 ἐστιν
1977 4895 1996 4957 ό
2019 4895 2117 4979 ἀνήρ.
2156 4896 2225 4960 είδέ

1487 4998 1627 5083 εύπορός
1653 5003 1744 5063 ἐστιν
1771 5001 1790 5063 ό
1818 4998 1903 5083 σἰνήρ
1930 5012 1984 5064 eet
2027 5012 2063 5064 ut
2093 5005 2128 5066 in
2162 5012 2177 5081 ξ
2199 5008 2226 5065 4.

1487 5101 1548 5180 τήν
1578 5103 1630 5168 ἐπὶ
1662 5110 1709 5187 τῷ
1742 5106 1932 5191 χρησθέντι
1965 5108 2019 5188 ολχ.
2173 5108 2224 5172 καὶ

1487 5212 1637 5292 ἄγεσθαι

1576 5389 1696 5444 ΤΙΤΛΟ(
1714 5389 1759 5458 Ζ’,
1782 5388 1914 5444 ΒΙΒΛΙΟΥ
1930 5390 1975 5445 3¹.

1577 5499 1641 5570 περὶ
1658 5494 1788 5570 φυγάδων
1806 5495 1921 5551 δούλωντ
1940 5527 1974 5536 —-

1539 5619 1573 5673 n
1591 5637 1692 5692 marga
1711 5618 1736 5693 μ.
1755 5621 1793 5674 ιιι
1811 5599 1839 5676 λ,
1858 5618 1921 5696 ιη’.
1941 5606 1963 5676 4.
1982 5620 2015 5675 ν.

559 5753 643 5828 ἔχειν
666 5746 726 5827 τήν
741 5746 813 5832 περὶ
828 5748 951 5825 κλοπῆς
968 5745 1059 5811 κατὰ
1074 5755 1134 5810 τοῦ
1152 5747 1300 5827 κλέπτου,
1327 5768 1351 5808 c.
1392 5749 1407 5807 1
1443 5744 1502 5832 (α)
1525 5768 1568 5828 pr.
1592 5744 1652 5810 τόν
1674 5768 1752 5834 φυχ.
1774 5746 1937 5833 κρύπτων.
1974 5749 2063 5829 Iung.
2089 5757 2106 5827 ξ
2131 5756 2159 5813 1.
2183 5772 2225 5812 οε·

560 5853 620 5921 τόν
647 5856 681 5919 δέ
710 5856 922 5940 χρησάμενον
953 5853 1010 5919 καλ
1042 5855 1232 5931 έναχδέντα
1259 5857 1300 5939 τῇ

560 5969 611 6034 ἐπὶ
634 5966 681 6044 τῷ
700 5963 890 6048 χρησθέντι
919 5958 1023 6026 αὐτόν
1050 5958 1110 6038 τήν
1133 5958 1204 6045 περὶ
1227 5960 1301 6024 κλο-

1487 5875 1547 5936 que
1569 5854 1609 5916 ud
1631 5862 1664 5918 v·
1679 5876 1731 5938 κρ.
1747 5852 1861 5919 αύτδνε
1879 5893 1920 5902 -
1960 5862 1976 5933 5
1994 5861 2023 5919 3.
2039 5860 2071 5919 4.
2094 5869 2225 5943 κρατῶν

1488 5982 1566 6047 (puy.
1583 5960 1727 6043 δημοσία
1743 5983 1820 6047 παρ.
1836 6008 1844 6024 .
1859 6009 1867 6025 .
1883 6008 1891 6024 .
1907 5962 2059 6049 ἀσφαλές
2075 5986 2114 6051 φ.
2143 5965 2225 6044 Iung.
