4842 7018
397 468 441 532 84
1022 464 1177 531 LIBER
1198 464 1317 531 XLIV.
1361 464 1451 531 TIT.
1473 465 1533 531 De
1555 465 1597 531 Χ.

220 627 378 719 σιγάς.
642 642 762 699 τιτιιο(
780 645 820 714 e,
840 644 972 699 οιοιιιογ
990 645 1054 699 ron‘
1534 643 1701 702 munaus
1717 643 1769 713 1x,
1787 642 1893 699 LIBRI
1910 643 2005 699 mv
2252 646 2314 703 ιεε.
2328 655 2363 704 ιι.
2391 612 2395 639 '

540 773 603 844 napi
621 772 697 824 σέτου
716 771 791 826 οἴνου
809 768 901 824 daeo
918 770 1139 844 ληγοτευθέντος.
1517 768 1553 823 de
1574 767 1714 825 frumento
1735 770 1801 825 vino
1824 768 1886 824 oleo
1904 769 2012 840 legatis.

324 904 359 959 α’.
466 894 564 960 Οἴνοο
586 895 846 978 ληγατενομένον
868 895 925 960 καλ
949 893 988 959 τδ
1012 896 1089 978 ὄξος
1112 898 1295 979 περιέχεται
1389 893 1472 957 Vino
1495 894 1594 975 legato
1618 907 1649 958 et
1666 905 1786 959 anetum
1804 897 1982 971 eontinetur‚
2003 896 2086 977 quod
2100 902 2228 958 testator

396 998 476 1085 ὅπερ
500 1004 519 1065 δ
542 1001 740 1086 διαθέμενος
763 998 847 1081 εἶχεν
870 1008 904 1066 έν
926 1002 1066 1086 ἀριθμῷ
1089 1005 1195 1066 οἴνους
1211 999 1268 1049 —¹
1323 1001 1431 1064 habuit
1453 1002 1485 1064 in
1507 1023 1632 1065 numero
1653 1003 1725 1067 vini
1975 1002 2010 1065 fr.
2029 1007 2056 1064 1.
2071 1001 2111 1064 D.
2129 1004 2181 1077 33,
2199 1005 2227 1063 6.

1045 1110 1081 1171 fr.
1099 1113 1126 1171 1.
1142 1111 1182 1172 D.
1199 1111 1250 1183 33,
1267 1112 1296 1170 6.

460 1214 534 1280 Ἐάν
551 1214 706 1297 έπιλυγὴν
720 1213 841 1280 ἑκατὸν
855 1216 1008 1301 κεράμων
1023 1215 1214 1296 ληγατεύσω
1231 1237 1295 1295 σοι,
1390 1215 1423 1278 si
1442 1216 1619 1279 electionem
1634 1226 1754 1279 eentum
1771 1216 1986 1297 amphorarum
2004 1215 2145 1297 legavero
2161 1216 2227 1289 tibi,

395 1324 477 1400 έχεις
504 1320 566 1400 τὴν
592 1321 629 1388 ἐκ
654 1334 713 1401 τῆς
740 1323 909 1401 διαθήκης
937 1321 1071 1403 άγωγην
1098 1328 1142 1396 εἰς
1164 1319 1204 1386 rt
1227 1321 1296 1403 γεύ-
1323 1322 1417 1385 habes
1448 1343 1487 1385 ex
1517 1332 1697 1386 testamento
1730 1324 1880 1386 sotionem
1914 1322 1953 1384 ad
1980 1322 2165 1404 gustandum
2197 1332 2229 1384 et

396 1428 531 1493 σασθαι
556 1429 611 1495 καὶ
635 1428 696 1508 τὴν
718 1441 938 1513 παρεστῶσαν
960 1426 1001 1492 td
1024 1439 1163 1514 πρᾶγμα
1189 1434 1233 1503 εἰς
1256 1426 1296 1492 τδ
1323 1429 1498 1512 [sotionem]
1521 1430 1561 1492 ad
1584 1430 1787 1493 exhibendum
1811 1432 1843 1493 in
1864 1431 1897 1492 id
1918 1430 2000 1511 quod
2022 1431 2155 1493 interest

395 1536 570 1623 διαφέρονι
587 1572 628 1583 -
1135 1538 1170 1600 fr.
1187 1541 1215 1599 2.
1232 1543 1249 1614 ᾖ
1268 1540 1295 1599 l.
2064 1535 2101 1598 fr.
2117 1539 2146 1598 2.
2163 1541 2181 1612 5
2200 1537 2227 1596 1.
2399 1532 2400 1627 l

343 1649 359 1705 ⁴.
459 1640 533 1707 Ἐάν
555 1641 745 1725 ληγατεύσω
768 1643 879 1708 έλαιον
891 1642 935 1726 μὴ
951 1642 1116 1729 προσθεὶς
1131 1641 1192 1720 τὴν
1207 1642 1296 1706 ποιά
1390 1642 1423 1705 si
1445 1643 1583 1724 legavero
1606 1644 1705 1706 oleum
1728 1664 1789 1706 non
1817 1644 1930 1706 addens
1952 1643 2139 1726 qualitatem,
2166 1662 2229 1704 non
2399 1630 2400 1633 ¹

395 1772 490 1830 τητα,
514 1751 554 1814 οὐ
573 1751 717 1830 ζητεῖται
733 1751 816 1831 ποίῳ
832 1751 943 1815 εἴωθα
957 1751 1148 1833 κεχρῆσθαι
1165 1749 1185 1827 l>
1201 1747 1219 1812 δ
1236 1758 1297 1813 τοῦ
1324 1751 1478 1830 quaeritur
1499 1771 1630 1831 quonam
1645 1751 1752 1813 solitus
1774 1751 1883 1813 fuerim
1905 1752 1950 1814 uti
1965 1750 2015 1815 vel
2033 1750 2114 1831 quod
2136 1748 2229 1811 inerit

394 1856 553 1938 κλίματος
575 1856 711 1921 ἐκείνου·
735 1854 821 1921 otto
843 1856 959 1921 ἄδειαν
977 1857 1038 1940 ἕξει
1058 1857 1297 1940 ὸκληρονόμος
1323 1858 1452 1938 regionis
1478 1857 1568 1932 illius,
1596 1857 1649 1920 sed
1676 1858 1803 1921 habebit
1829 1858 2006 1921 facultatem
2033 1857 2120 1919 heres
2146 1856 2228 1937 quod

396 1960 415 2025 ὃ
433 1963 589 2048 βούλεται
612 1963 741 2028 dodran:
758 2001 800 2011 -
1215 1964 1250 2025 ir.
1266 1968 1296 2026 4.
1324 1963 1398 2027 velit
1418 1963 1520 2026 dandi
2144 1963 2182 2025 ir.
2197 1968 2227 2025 4.

343 2077 359 2131 ¹.
461 2066 535 2134 Ἐάν
557 2068 660 2154 ρἠτδν
683 2074 775 2134 οἴνου
798 2067 904 2134 ποσὸν
927 2069 963 2136 ix
992 2079 1054 2134 τοῦ
1079 2074 1297 2154 γενησομένου
1390 2072 1422 2135 si
1445 2081 1559 2133 sertam
1573 2071 1637 2134 vini
1659 2073 1860 2153 quantitatem
1879 2091 1917 2133 ex
1938 2092 1974 2134 eo
1990 2071 2072 2153 quod
2087 2080 2229 2133 nasoetur

396 2176 430 2240 io
453 2176 536 2259 τῷδε
564 2180 612 2260 τῷ
634 2180 728 2262 άγρρῖ
757 2176 948 2259 ληγατεάσω
972 2199 1027 2241 σοι
1054 2176 1111 2241 καὶ
1137 2176 1181 2259 μὴ
1208 2181 1297 2260 γένη·
1324 2179 1355 2239 in
1378 2177 1435 2240 hoe
1457 2177 1550 2239 flando
1572 2177 1713 2259 legavero
1732 2189 1763 2240 et
1784 2186 1904 2240 tantum
1927 2199 1989 2240 non
2007 2178 2098 2240 fuerit
2112 2188 2227 2250 natum,

395 2306 452 2347 ται
479 2292 659 2365 τοσοῦτος,
688 2283 783 2348 οὐδὲν
811 2285 908 2349 πλέον
930 2293 992 2348 τοῦ
1018 2287 1192 2366 γενομένου
1218 2284 1297 2368 λαμ-
1323 2283 1400 2345 nihil
1422 2284 1553 2365 amplius
1576 2304 1669 2366 quam
1692 2293 1797 2348 natum
1821 2294 1868 2347 eat
1890 2286 2011 2367 aeoipis.
2145 2283 2181 2346 fr.
2197 2288 2226 2345 6.

394 2389 519 2476 βάνειςε
535 2387 594 2437 -¹
1215 2392 1250 2454 fr.
1267 2396 1296 2454 5.

324 2504 359 2569 ς.
460 2493 535 2559 Ἐάν
557 2500 635 2560 εἴπω
660 2496 809 2575 δοθῆναι
827 2494 888 2561 τὸν
910 2496 945 2561 ἐν
967 2500 1122 2583 κεράμοις
1145 2498 1297 2576 ηκάδοις
1391 2497 1424 2560 Si
1445 2498 1550 2560 dixero
1572 2498 1638 2560 dari
1660 2499 1692 2561 in
1715 2499 1868 2580 amphoris
1890 2498 1939 2563 vel
1961 2498 2046 2561 cadis
2067 2499 2174 2560 vinum
2197 2505 2228 2558 et

396 2598 495 2683 aives,
511 2602 568 2667 καὶ
583 2600 628 2667 τά
638 2606 756 2685 άγγεΐα
769 2607 976 2687 περιέχονται
988 2604 1044 2668 καὶ
1059 2602 1117 2669 έάν
1130 2602 1191 2669 τδν
1206 2601 1298 2668 οἶνον
1324 2623 1400 2666 vasa
1421 2606 1614 2667 eontinentur
1639 2616 1670 2667 et
1697 2606 1723 2666 ai
1745 2606 1851 2668 vinum
1878 2626 1948 2668 oum
1971 2605 2124 2687 amphoris
2147 2604 2227 2683 lega·

244 2716 292 2786 foi.
304 2721 359 2772 Μ’.
394 2706 478 2791 μετά
499 2720 567 2773 τῶν
588 2710 741 2793 κεράμων
759 2710 958 2792 ληγατεύσω,
982 2709 1039 2775 καλ
1054 2708 1115 2774 τδν
1129 2711 1163 2774 έν
1178 2712 1297 2785 πίθοις
1324 2730 1403 2785 vero,
1425 2721 1456 2773 et
1477 2711 1510 2773 id
1532 2711 1613 2792 quod
1630 2713 1662 2773 in
1681 2711 1769 2774 doliis
1787 2712 1858 2796 [eet]
1873 2712 1979 2775 videor
2000 2713 2115 2792 legare;
2138 2710 2227 2774 aienti

395 2815 484 2880 δοκῶ
507 2816 703 2898 ληγατεύοιν,
726 2814 830 2900 ὥςπερ
850 2814 908 2883 δάν
923 2819 1052 2892 πάντας
1067 2814 1145 2892 τοὺς
1160 2817 1297 2892 δούλους
1323 2836 1392 2878 oum
1415 2837 1519 2880 omnes
1542 2837 1644 2882 servos
1666 2839 1749 2881 meos
1771 2839 1840 2881 eum
1867 2818 1994 2900 peculiis
2020 2839 2124 2882 eorum
2145 2819 2227 2899 lega·

394 2943 459 3004 μου
479 2919 645 3006 μετὰτῶν
660 2924 840 2988 πεκουλι’ων
854 2924 966 2988 αὐτῶν
980 2923 1171 3005 ληγατεύσω
1187 2923 1243 2988 καὶ
1264 2926 1298 2988 οἱ
1324 2942 1396 2984 vero
1420 2932 1451 2985 et
1473 2924 1495 2984 ii
1517 2925 1570 3004 qui
1593 2945 1655 2987 non
1678 2924 1793 2988 habent
1815 2925 1939 3006 peoulia
1960 2925 2081 2988 dantur.
2145 2926 2182 2987 fr.
2199 2928 2227 2986 6.

394 3026 438 3110 μὴ
453 3032 584 3106 ἔχοντες
598 3029 754 3094 πεκούλια
777 3029 940 3094 δι’δονταιι
956 3027 1016 3078 -⁸
1215 3032 1250 3093 fr.
1267 3036 1296 3094 6.

329 3146 359 3209 ζ’.
459 3133 534 3200 Ἐάν
556 3139 634 3200 εἴπω
657 3140 698 3224 τῇ
713 3139 847 3219 γυναικί
865 3159 930 3220 μου
951 3136 1065 3223 λαβεῖν
1080 3133 1172 3200 οἶνον
1186 3138 1297 3203 έλαιον
1390 3135 1422 3198 Si
1444 3137 1547 3200 dixero
1569 3139 1656 3201 uxori
1678 3160 1771 3216 meae,
1794 3150 1830 3202 ut
1851 3139 1983 3221 aooipiat
2003 3140 2109 3203 vinum
2127 3137 2226 3201 oleum

395 3242 464 3324 μέλι
484 3242 566 3306 ἄλλο
581 3266 613 3306 τι
634 3241 749 3325 καὶμὴ
765 3244 956 3327 προσθήσω
975 3241 1015 3307 τδ
1032 3241 1147 3324 ποσδν,
1164 3241 1246 3307 ὅσον
1260 3244 1297 3309 ἐκ
1323 3242 1384 3304 mel
1421 3243 1544 3308 aliudve
1581 3246 1654 3327 quid
1685 3255 1716 3308 et
1748 3267 1810 3308 non
1841 3247 1985 3310 addidero
2016 3246 2227 3327 quantimtem

395 3347 523 3412 τούτων
538 3361 606 3412 των
620 3349 715 3413 οἰδῶν
730 3349 907 3414 κατέλιπον
921 3350 1160 3437 λαμβάνειι-4
1181 3352 1295 3434 fr.7pr.
1323 3358 1471 3428 quantum
1493 3371 1531 3413 ex
1553 3352 1600 3414 his
1621 3352 1713 3414 rebus
1735 3354 1890 3435 reliquero,
1913 3354 2021 3434 capiet
2093 3352 2129 3414 fr.
2147 3357 2164 3415 7
2182 3373 2226 3433 pr.

313 3467 358 3541 ιγ’.
459 3455 583 3519 Ἐκεῖνα
605 3453 649 3518 τά
672 3458 790 3537 άγγεῖα
812 3461 860 3539 τῷ
878 3457 1011 3540 ληγάτῳ
1026 3466 1088 3522 τοῦ
1102 3461 1195 3521 οἴνου
1210 3479 1296 3543 περι·
1389 3455 1450 3518 Illa
1481 3477 1557 3520 vasa
1583 3458 1683 3540 legato
1715 3460 1779 3523 vini
1807 3462 2001 3523 eontinentur
2028 3479 2226 3541 quaeeunque

393 3564 501 3639 έχεται
518 3559 585 3627 ὅσα
605 3558 662 3626 διά
676 3560 738 3641 τὴν
756 3572 931 3645 παροῦσαν
942 3574 1065 3649 χρῆσιν
1081 3565 1192 3628 αὐτῶν
1205 3568 1295 3643 έχον-
1323 3561 1363 3623 ad
1385 3575 1573 3644 praesentem
1596 3587 1686 3628 usum
1708 3588 1812 3630 eorum
1835 3568 1957 3642 habent
1984 3566 2080 3630 veluti
2103 3564 2226 3646 ampho

394 3689 456 3749 σιν,
480 3671 524 3743 ὡς
547 3670 580 3732 oi
601 3672 739 3754 κέραμοι
762 3669 818 3734 καὶ
842 3673 875 3734 οἱ
896 3670 1007 3735 κάδοι·
1031 3671 1071 3734 od
1092 3669 1156 3754 μὴν
1178 3669 1223 3735 τά
1244 3670 1295 3735 ἐπὶ
1321 3689 1374 3731 rae
1397 3679 1429 3732 et
1449 3671 1531 3747 eadi;
1558 3693 1621 3734 non
1643 3694 1714 3736 vero
1742 3694 1780 3736 ea
1807 3694 1885 3755 qnae
1907 3674 1947 3736 ad
1970 3682 2115 3755 perpetuo
2137 3692 2226 3735 usum

395 3778 442 3856 τῷ
459 3774 612 3851 διηνεκῶς
627 3776 661 3839 έν
676 3777 790 3851 αὐτοῖς
806 3777 1061 3864 φυλάττεσθαιι
1077 3813 1120 3826 -
1190 3779 1226 3840 fr.
1245 3781 1293 3840 14.
1321 3787 1487 3840 servantur.
2123 3780 2158 3841 fr.
2177 3782 2226 3841 14.

313 3894 358 3960 ιζ.
460 3878 534 3946 Ἐάν
555 3882 676 3964 γλυκέα
698 3905 752 3947 σοι
776 3883 967 3964 ληγατεύσω
991 3883 1048 3949 καὶ
1068 3883 1164 3948 οὐδὲν
1182 3888 1295 3968 έτερον
1388 3882 1422 3945 Si
1453 3884 1556 3947 dulcia
1585 3885 1726 3967 legavero
1757 3887 1813 3951 tibi
1842 3898 1873 3950 et
1898 3887 1975 3949 nihil
2001 3887 2087 3949 aliud
2114 3886 2226 3958 dixero,

395 3991 483 4069 εἴπω,
510 3990 622 4052 πάντα
653 3987 698 4054 τά
729 3991 888 4071 πινόμενα
917 3991 1038 4071 γλυκέα
1064 3990 1152 4054 δοκῶ
1183 3990 1295 4072 λέγειν,
1323 3991 1425 4052 omnia
1456 4011 1535 4072 quae
1566 3992 1712 4055 bibuntur
1739 3994 1841 4056 dulcia
1866 3995 1971 4057 videor
1999 3994 2107 4068 dioere,
2138 3993 2226 4055 sicuti

394 4091 467 4158 oleo
490 4096 631 4178 ολνομέλι
654 4096 711 4160 καὶ
735 4094 795 4161 τδν
812 4101 1025 4182 τετριμμένον
1046 4095 1103 4161 καὶ
1119 4094 1159 4160 ro
1182 4100 1296 4183 έψημα
1322 4097 1455 4160 mulsum
1487 4107 1519 4160 et
1544 4119 1668 4180 passum
1700 4109 1732 4162 et
1757 4101 1908 4163 defrutum
1937 4110 1969 4163 et
1994 4100 2105 4162 similia
2131 4109 2163 4162 et
2188 4120 2226 4162 ex

394 4200 450 4265 καὶ
474 4198 518 4265 τά
541 4199 650 4284 ὅμοια,
673 4201 730 4267 καὶ
754 4200 821 4267 άπδ
844 4213 911 4266 τῶν
926 4204 1116 4287 ἀρωμάτων
1131 4203 1296 4277 σταπίδας
1323 4204 1509 4268 aromatibus
1541 4226 1617 4269 uvas
1650 4217 1681 4270 et
1716 4207 1789 4269 tione
1820 4206 1877 4290 [et]
1907 4207 2036 4289 palmas.
2086 4207 2169 4288 quod
2201 4206 2226 4267 si

393 4307 450 4372 real
478 4308 608 4386 σχάδας
640 4308 724 4394 [καὶ]
754 4312 919 4397 φοινικας.
968 4315 994 4374 εὶ
1027 4310 1061 4374 δὲ
1093 4315 1171 4375 εἴπω
1205 4307 1296 4373 οἶνον
1323 4310 1441 4373 dixero:
1473 4312 1580 4375 vinum
1607 4315 1779 4377 aminaeum
1805 4325 1836 4377 et
1863 4316 1966 4377 omnia
1987 4314 2098 4387 dulcia,
2119 4333 2225 4394 poseu·

394 4415 548 4496 άμιναῖον
564 4414 620 4479 καὶ
637 4416 750 4480 πάντα
764 4414 809 4480 τά
824 4416 954 4498 γλυκέα,
977 4414 1022 4480 τά
1044 4419 1172 4499 πόσιμα
1193 4420 1296 4500 μόνον
1322 4417 1406 4480 lenta
1428 4418 1518 4481 modo
1541 4419 1643 4482 duleis
1664 4422 1749 4502 oapis
1776 4431 1898 4504 propter
1924 4421 2109 4483 mentionem
2131 4421 2204 4482 vini

393 4520 514 4602 γλυκέα
536 4520 715 4607 λαμβάνεις
738 4519 795 4588 διά
817 4531 879 4586 τοῦ
899 4525 1094 4605 μνησθῆναι
1123 4527 1228 4587 οἴνους
1252 4561 1294 4571 -
2118 4527 2155 4589 fr.
2175 4530 2225 4588 16.

1191 4631 1226 4692 fr.
1245 4634 1295 4693 16.

217 4766 374 4858 νομέα.
639 4785 760 4843 τιτιιοτ
780 4789 809 4858 ι’,
828 4786 963 4844 aleator
980 4789 1049 4843 na‘
1541 4790 1708 4850 munus
1726 4793 1766 4863 x,
1785 4791 1891 4847 mam
1909 4790 2004 4848 xmv
2249 4802 2308 4855 ιιι.
2322 4793 2358 4845 ιι.

439 4895 500 4967 περὶ
517 4896 682 4963 κατασκευῆς
700 4893 782 4969 ἤγουν
800 4896 853 4949 τῶν
870 4894 939 4969 πρὸς
954 4893 1103 4970 stippentur
1121 4897 1248 4970 ληγοτευ-
1322 4895 1357 4950 de
1375 4896 1556 4954 insunmsnto
1574 4915 1624 4953 seu
1642 4900 1677 4954 de
1695 4901 1816 4971 itaquae
1834 4900 1871 4955 ad
1882 4901 2065 4955 ministerium
2084 4900 2225 4971 pertinent

784 4984 900 5038 θέντων.
1719 4989 1828 5061 legatis.

313 5095 356 5168 ιβ’.
458 5087 533 5154 Ἐάν
555 5094 634 5153 εἴπω
657 5090 804 5169 δοθῆναι
826 5096 868 5179 τῇ
890 5096 1015 5179 γαμετῇ
1036 5114 1101 5174 μου
1117 5094 1229 5156 πάντα
1251 5091 1295 5158 τά
1388 5095 1422 5158 si
1444 5094 1548 5158 dixero
1570 5097 1637 5159 dari
1659 5099 1746 5160 uxori
1767 5119 1852 5161 meae
1874 5099 1977 5161 omnia
1994 5117 2071 5179 quae
2087 5098 2119 5158 in
2134 5097 2224 5158 domo

393 5201 427 5259 έν
458 5200 506 5279 τῷ
531 5200 611 5279 οἴκῳ
641 5219 714 5279 μου,
747 5199 784 5261 αἱ
807 5198 989 5285 άσφαλεῖαι
1020 5209 1088 5262 τῶν
1115 5211 1295 5282 χρεωστῶν
1321 5212 1416 5277 erant,
1438 5204 1593 5266 cannones
1620 5204 1789 5266 debitorum
1817 5207 2043 5286 emptionesque
2070 5224 2223 5267 servorum

392 5302 450 5367 καὶ
476 5300 521 5367 τά
543 5314 611 5367 των
638 5302 764 5367 δούλων
788 5302 935 5381 ὠνητικά
957 5306 1216 5388 καταλιμπάνειν
1242 5306 1295 5391 [οὐ
1321 5308 1489 5390 relinquere
1520 5308 1593 5393 [non
1619 5311 1736 5386 videor,
1767 5312 1828 5373 nisi
1854 5312 2023 5394 servorum]
2048 5332 2125 5393 quos
2155 5331 2222 5373 eam

393 5409 491 5491 δοκῶ,
511 5415 536 5473 εὶ
559 5408 603 5491 μὴ
627 5420 693 5473 τῶν
716 5409 855 5496 δούλων]
877 5408 934 5485 οὓς
952 5410 1056 5489 αὐτὴν
1078 5411 1295 5497 ἠβουλήθην15
1321 5414 1467 5478 voluerim
1495 5419 1637 5498 aooipera
1846 5419 1883 5480 fr.
1902 5421 1951 5480 12.
1968 5425 1985 5496 ᾖ
2003 5420 2053 5481 45.
2069 5418 2109 5480 D.
2126 5422 2177 5491 33,
2195 5422 2223 5480 7.

392 5514 517 5601 λαβεΐνε
534 5553 577 5563 -
918 5518 953 5580 fr.
973 5521 1021 5581 12.
1039 5526 1055 5597 ξ
1072 5525 1124 5582 45.
1139 5520 1179 5582 D.
1196 5524 1248 5595 33,
1266 5523 1293 5582 7.

316 5629 357 5682 ul.
464 5623 518 5704 Τῷ
545 5622 730 5705 ὲξοπλισμῷ
758 5633 820 5688 τοῦ
841 5623 984 5709 λούτρου
1005 5624 1062 5690 καὶ
1086 5627 1105 5688 ὁ
1131 5623 1293 5712 βαλανεὺς
1387 5629 1593 5693 Instrumenta
1614 5631 1728 5693 balinei
1743 5631 1904 5693 balneator
1918 5641 1949 5693 et
1967 5631 2141 5694 fornaeator
2155 5652 2222 5693 eon·

392 5726 449 5793 καὶ
473 5731 492 5792 δ
515 5727 698 5811 έγκαυστης
721 5733 918 5815 περιέχεταιε
935 5768 977 5778 -
1041 5733 1076 5794 ir.
1095 5736 1143 5796 13.
1161 5738 1178 5810 ξ
1197 5736 1224 5794 1.
1243 5736 1292 5796 14.
1319 5735 1441 5798 tinetur.
1971 5737 2006 5799 fr.
2026 5743 2074 5801 13.
2091 5745 2108 5816 ᾖ
2127 5741 2154 5799 1.
2173 5742 2222 5801 14.

464 5904 473 5935 ¹
491 5904 578 5960 habet
594 5904 661 5977 syn.
743 5906 859 5963 'habet
875 5905 942 5978 Syn.
1022 5907 1033 5940 ⁸
1051 5907 1137 5963 habet
1154 5906 1220 5979 Syn.

391 5991 508 6048 ⁴habet
525 5992 591 6065 Syn.
664 5995 818 6065 ὅ--6ημεν
836 5996 897 6050 aod.
