4842 7018
426 455 490 518 114
998 450 1178 519 GAPI'PA
1200 451 1348 520 LEGIS
1370 451 1678 521 Rfloniouult

345 642 386 715 ιγ.
488 628 562 696 ’aes
580 631 717 719 είσύλθῃ
733 630 891 719 ἐπιβάτης
905 636 950 707 είς
965 633 1081 697 πλοῖον
1095 632 1153 698 καλ
1168 636 1231 711 ἐχιι
1245 655 1325 715 χρυ-
1419 634 1453 697 si
1468 635 1621 716 ingressu
1636 636 1832 699 situentorin
1845 637 1950 699 navim
1959 635 2128 717 babeamue
2142 656 2240 699 aurum
2271 654 2302 701 lu

423 741 498 803 τίον
525 738 680 822 ditanda·
702 762 748 820 τι,
776 740 1032 826 παρατιθέσθω
1060 742 1151 823 αὐτῷ
1178 745 1226 823 τῷ
1249 762 1325 804 ναν-
1352 742 1402 805 vel
1433 741 1517 803 aliud
1548 742 1633 822 quid,
1666 743 1749 823 apud
1780 744 1880 824 ipsum
1907 744 2084 824 magistnrm
2111 745 2241 825 deponat

421 846 541 932 κλήρῳ.
579 846 659 911 aldi
673 845 717 930 μή
733 847 969 932 παραθέμενος
991 852 1073 934 είπῃ,
1098 846 1149 911 ὅτι
1165 850 1325 933 ,χρυσίον
1352 848 1469 929 quadri,
1496 849 1633 930 deposito
1660 868 1721 911 non
1748 849 1843 925 facto,
1871 850 1955 912 dicat
1985 870 2112 925 „aurum
2134 851 2243 932 perdidi

421 952 586 1030 ἀπώλησα
600 953 620 1030 ή
636 952 825 1038 ἀργύριονέέ,
841 956 953 1041 άκυρα
968 958 1053 1018 έστω
1068 952 1113 1019 τά
1128 955 1207 1041 παρ’
1221 957 1325 1020 αὐτοῦ
1351 955 1400 1018 vel
1427 963 1615 1035 argeutum“‚
1643 956 1757 1018 nullius
1779 958 1926 1018 momenti
1956 957 2018 1019 sint
2046 976 2126 1037 quae
2149 957 2186 1019 ab
2211 979 2242 1021 eo

421 1060 586 1143 λεγόμενα.
633 1060 710 1124 δδέ
732 1060 917 1146 ναύκληρος
942 1060 1000 1126 καλ
1028 1064 1061 1125 οί
1083 1072 1212 1143 ναῦται,
1240 1066 1325 1144 ἐμοῦ
1351 1063 1498 1126 dicantur.
1543 1063 1688 1144 magister
1710 1073 1813 1126 autem
1833 1072 1865 1127 et
1880 1074 1992 1126 noune
2006 1084 2152 1126 unacum
2166 1065 2243 1127 nari-

420 1169 455 1230 οί
477 1167 676 1250 ἐμπλέοντες,
700 1165 803 1252 ὅρκον
825 1172 1070 1253 παρεχέτωσαν.
1350 1169 1493 1250 gentibus
1515 1170 1725 1231 iusiurandum
1746 1180 1930 1251 praestanto.

378 1322 385 1336 .
485 1273 560 1337 Ἐάν
595 1292 646 1348 τις
680 1272 857 1357 δεξάμενος
892 1275 1099 1358 παραθήκην
1135 1276 1322 1360 ἀρνήσηται
1416 1276 1540 1356 siquis,
1557 1277 1695 1358 deposito
1710 1286 1843 1358 accepto,
1865 1278 1898 1339 id
1912 1286 2002 1359 neget
2017 1286 2109 1358 atque
2123 1278 2243 1340 testibus
2272 1291 2303 1339 14.

419 1379 526 1458 αύτήν
547 1379 604 1444 καλ
627 1381 834 1467 μαρτυρηθῇ
857 1387 890 1444 ἐν
906 1383 997 1463 αύτῷ
1016 1381 1073 1445 καλ
1093 1379 1151 1446 έάν
1166 1386 1200 1446 ἐν
1214 1389 1322 1468 καιρῷ
1349 1383 1439 1445 merit
1461 1384 1616 1447 contiuua
1637 1392 1669 1446 et
1690 1384 1716 1445 si
1737 1393 1811 1447 tunc
1832 1386 1976 1466 temporis
2004 1385 2086 1466 apud
2109 1404 2177 1447 eum
2196 1387 2244 1465 qui

418 1488 543 1575 εὑρεθῇ
567 1492 601 1550 ἐν
623 1489 715 1569 αὐτῷ
738 1491 786 1569 τῷ
809 1490 970 1570 ὀμόσαντι
999 1488 1018 1566 l)
1042 1491 1219 1576 ἐγγράφως
1241 1492 1321 1554 ἀπο-
1349 1491 1494 1553 iuraverit
1515 1490 1565 1553 vel
1587 1490 1761 1572 inscriptis
1783 1491 1929 1553 infitiatus
1953 1492 1993 1554 ait
2014 1492 2185 1572 depositum
2205 1494 2243 1553 in·

419 1595 603 1677 ταξαμένμ,
620 1593 738 1671 διπλῆν
752 1594 879 1672 ταύτην
893 1595 1070 1676 ἀποδώσει,
1091 1606 1149 1672 τής
1165 1594 1200 1659 δέ
1216 1602 1322 1680 ἐπιορ-
1348 1597 1496 1671 venietur,
1528 1596 1655 1678 duplum
1686 1598 1751 1660 eius
1777 1598 1886 1659 reddat
1910 1608 1942 1660 et
1967 1599 2090 1678 periurii
2121 1618 2242 1680 poenam

419 1702 494 1776 κίας
517 1699 578 1777 τήν
600 1702 764 1786 τιμωρίαν
786 1701 980 1784 ύπομινέτω.
1349 1704 1504 1766 sustineat

367 1817 384 1871 '.
484 1804 559 1872 Ἐἀν
590 1808 706 1872 πλοῖον
737 1812 823 1896 φέρῃ
859 1809 1020 1894 ἐπιβάτας
1050 1808 1071 1886 ή
1102 1812 1265 1896 ἐμπόρους
1301 1810 1321 1889 ή
1415 1811 1449 1873 si
1463 1811 1551 1874 navis
1565 1811 1643 1873 ferat
1658 1820 1791 1874 vectores
1806 1810 1855 1874 vel
1870 1820 2060 1887 mercatores,
2076 1811 2242 1886 velserus
2273 1825 2302 1872 lt.

420 1914 558 1989 δούλους
585 1916 794 2000 παραθήκην
821 1913 935 2001 λαβὼν
959 1918 980 1979 δ
1003 1914 1187 2003 ναύκληρος
1209 1917 1322 1982 ἐλθὼν
1348 1917 1380 1978 in
1401 1918 1537 1997 deposito
1559 1917 1704 1999 acceptia,
1732 1917 1877 1998 magister
1902 1918 2008 1980 veniat
2032 1918 2074 1980 ad
2094 1919 2242 1981 civitatem

419 2028 453 2085 ἐν
480 2023 569 2086 πόλει
598 2021 662 2085 τινὶ
689 2020 709 2099 ή
738 2027 771 2085 ἐν
793 2022 894 2103 λιμένι
918 2022 937 2099 ll
965 2028 998 2085 ἐν
1021 2025 1120 2110 ἀκτῇ,
1145 2022 1215 2107 ἐάν,
1239 2026 1320 2109 ἐξελ·
1347 2025 1501 2105 quandam
1517 2024 1567 2087 vel
1582 2025 1625 2086 ad
1647 2034 1768 2106 portum
1783 2024 1833 2087 vel
1849 2024 1889 2086 ad
1903 2024 1985 2099 litus,
2009 2025 2043 2099 si,
2067 2024 2243 2105 quibusdam

418 2128 557 2192 θόντων
588 2140 688 2192 τινῶν
720 2133 755 2192 ἐκ
787 2137 849 2192 τοῦ
880 2129 1009 2210 πλοίου,
1038 2129 1147 2218 συμβῇ
1176 2130 1320 2214 διωγμὸν
1347 2151 1386 2192 ex
1400 2131 1473 2195 navi
1487 2132 1623 2212 egressis,
1645 2132 1806 2211 confingat
1819 2131 1995 2212 adgressum
2010 2132 2077 2193 lieri
2098 2131 2243 2194 latrnnmu

416 2235 547 2321 λῃστῶν
562 2234 582 2313 ή
598 2246 757 2321 πηρατῶν
772 2234 950 2319 ἐπιδρομήν
964 2238 1126 2317 γενέσθαι
1141 2237 1198 2301 καλ
1216 2239 1319 2302 κιλεύ-
1346 2238 1396 2301 vel
1413 2239 1581 2319 piratarum
1597 2240 1761 2313 incursum,
1784 2248 1815 2300 et
1829 2239 1973 2319 magister
1987 2238 2156 2301 celeumate
2169 2238 2243 2300 iacto

417 2363 481 2415 σας
507 2343 526 2405 ό
555 2342 738 2427 ναύκληρος
764 2342 919 2425 ἐξηλήσει,
948 2344 1050 2429 σωθῇ
1078 2343 1112 2407 δέ
1139 2343 1179 2409 τὸ
1204 2345 1320 2409 πλοῖον
1347 2364 1413 2407 sese
1435 2345 1578 2425 expediat
1598 2354 1630 2408 et
1651 2353 1787 2409 servetur
1809 2345 1897 2409 navis
1919 2354 1950 2406 et
1964 2364 2080 2408 mercea
2093 2354 2243 2409 vectonum

416 2447 474 2512 καλ
502 2446 547 2513 rel
572 2460 641 2513 τῶν
663 2448 830 2534 ἐπιβατῶν
856 2448 913 2513 καί
937 2452 1090 2534 ἐμπόρων
1111 2453 1317 2534 κομιζόμενα,
1346 2460 1378 2513 et
1399 2460 1607 2526 mercatorum,
1636 2452 1843 2532 unusquisque
1862 2471 1968 2514 eorum
1989 2472 2048 2514 aua
2069 2453 2197 2534 recipiat
2215 2462 2244 2515 et

417 2555 681 2640 ἀπολαμβανέτω
703 2561 845 2631 ἕκαστος
867 2557 979 2620 αὐτῶν
997 2553 1041 2620 τά
1055 2556 1127 2621 ίδια
1142 2559 1248 2623 αὐτοῦ
1261 2558 1318 2623 καλ
1346 2578 1450 2620 eorum
1481 2559 1535 2639 qui
1565 2569 1638 2621 sunt
1664 2560 1776 2638 egressi
1803 2578 1917 2621 merces
1947 2568 1979 2621 et
2010 2559 2243 2642 suppellectilem

416 2659 461 2725 τά
483 2673 551 2726 τῶν
572 2664 781 2746 ἐξελθόντων
803 2662 872 2740 εἴδη
894 2662 951 2727 καί
973 2663 1070 2741 σκεύη
1089 2665 1316 2751 ἀπολαμβανέ-
1346 2665 1501 2746 recipiant
1542 2665 1637 2743 Quod
1659 2667 1685 2728 si
1711 2666 1780 2746 quis
1802 2686 1874 2728 eum
1896 2667 2041 2746 magistre
2068 2666 2244 2729 contendere

416 2788 538 2833 τωσαν.
576 2770 618 2833 El
633 2770 668 2833 δέ
683 2770 818 2847 θελήσω
835 2792 886 2845 τις
900 2780 968 2834 τῶν
986 2771 1179 2857 ναυκλήρων
1193 2775 1318 2859 ἀμφισ-
1346 2772 1476 2835 voluerit
1506 2791 1542 2835 eo
1569 2773 1650 2852 quod
1677 2792 1742 2835 aeae
1774 2774 1806 2834 in
1837 2773 1924 2836 litore
1950 2773 2089 2853 reliquit,
2127 2774 2160 2834 in
2185 2772 2243 2835 loeo

414 2874 574 2960 βητήσαι,
603 2874 655 2941 ὅτι
681 2882 717 2940 ἐν
743 2879 829 2964 ἀκτῇ
861 2876 999 2941 ἐσασενι
1031 2877 1135 2942 αὐτὸν
1160 2883 1195 2942 ἐν
1226 2881 1317 2961 τόπῳ
1345 2878 1513 2941 latronibus
1541 2879 1684 2953 obnoxio,
1713 2879 1827 2942 nullius
1848 2880 1994 2942 momenti
2019 2880 2083 2941 sint
2110 2899 2189 2960 quae
2209 2878 2243 2941 ab

414 2984 592 3068 λῃστρικῷ,
615 2986 835 3069 dereputetur
860 2983 903 3048 rol
926 2984 1006 3068 παρ’
1025 2986 1131 3048 αὐτοῦ
1151 2986 1317 3067 λεγόμενα,
1345 3004 1381 3048 eo
1401 2986 1557 3060 dieantur,
1585 2987 1658 3067 quie
1683 2996 1860 3067 persecutus
1887 2988 2031 3067 megistos
2052 3006 2126 3048 eum
2148 2985 2243 3047 nautis

416 3087 468 3153 ὅτι
485 3089 681 3172 διωκόμενος
697 3093 715 3154 ὁ
732 3089 916 3175 ναύκληρος
930 3090 987 3155 καὶ
1004 3094 1036 3155 οἱ
1049 3100 1169 3156 ναῦται
1183 3095 1317 3179 ἔφυγον.
1346 3092 1471 3174 subegit
1516 3093 1610 3170 Quod
1633 3093 1658 3155 ai
1680 3101 1880 3155 mercatorum
1902 3094 1954 3156 vel
1971 3101 2128 3157 vectorum
2150 3092 2241 3177 [quia]

416 3200 443 3260 ei
466 3196 500 3260 δέ
523 3199 675 3283 ἐμπόρων
697 3198 717 3275 ll
740 3197 908 3283 ἐπιβατῶν
930 3198 1050 3261 δοῦλον
1072 3204 1106 3261 ἐν
1130 3200 1317 3286 παραθήκῃ
1345 3219 1465 3262 servum
1488 3199 1621 3261 alienum
1648 3199 1731 3280 apud
1758 3219 1791 3261 se
1818 3200 1988 3280 depositum
2014 3201 2046 3261 in
2069 3218 2244 3281 quocunque

416 3305 500 3368 ὄντα
523 3304 701 3389 ἀλλότριον
723 3308 841 3369 ἐσασεν
868 3310 901 3368 ἐν
924 3304 1106 3387 οίῳδήποτε
1128 3307 1234 3388 τόπῳ,
1258 3305 1318 3383 τήν
1344 3306 1411 3368 loco
1433 3305 1595 3387 reliquerit,
1617 3306 1837 3368 restitutionem
1859 3306 1954 3370 faeiat
1972 3308 2097 3370 domino
2120 3308 2196 3370 eiua.

416 3413 698 3476 ἀποκατάστασιν
720 3416 767 3492 τῷ
789 3414 892 3496 κυρίῳ
916 3414 1022 3476 αὐτοῦ
1043 3414 1184 3476 ποιείτω.

335 3527 380 3592 ις’.
484 3518 527 3584 ot
548 3519 726 3602 ναύκληροι
749 3517 807 3582 καλ
830 3520 864 3581 οί
880 3522 1018 3603 ἐμποροι
1037 3517 1110 3584 ὅσοι
1134 3520 1163 3584 δ’
1181 3519 1224 3584 ἀν
1235 3522 1317 3606 χρή·
1411 3518 1551 3600 Magistri
1564 3529 1598 3582 et
1612 3529 1801 3597 mercatores,
1818 3522 1988 3602 quicunque
2003 3530 2145 3584 mutuam
2160 3542 2244 3604 pecu-
2272 3528 2302 3577 lt·

416 3649 541 3691 οωνται
558 3627 719 3711 χρήματα
742 3623 793 3689 ent
813 3625 938 3704 πλοίου,
961 3629 1058 3708 ἐγγια
1073 3625 1116 3708 μή
1138 3629 1317 3713 χρηέσθω-
1345 3628 1427 3688 niam
1442 3626 1474 3688 in
1489 3628 1715 3707 navigationem
1730 3628 1922 3709 sumpserint,
1939 3647 2001 3689 non
2015 3636 2181 3691 teneantur
2193 3648 2244 3692 nee

416 3730 500 3796 σαν·
521 3731 578 3796 καλ
598 3731 707 3814 ναύλῳ
722 3731 780 3796 καλ
796 3742 866 3806 τοῖς
884 3734 1047 3820 φορτίοις,
1069 3735 1242 3809 σωθέντος
1257 3744 1318 3799 τοῦ
1344 3734 1382 3796 de
1403 3734 1496 3796 naulo
1518 3754 1574 3796 nee
1600 3734 1638 3795 de
1660 3734 1824 3809 mercibus,
1854 3734 1939 3818 [nisi]
1963 3737 2087 3798 servata
2113 3757 2194 3798 nave
2214 3744 2244 3797 et

416 3839 532 3904 πλοίου
546 3837 603 3903 καλ
619 3849 686 3903 των
697 3840 893 3923 χρημάτων,
909 3837 952 3921 μή
968 3844 1137 3920 ἐγγένηται
1153 3850 1224 3915 τοῖς
1235 3843 1316 3927 χρή·
1343 3841 1474 3922 pecunia
1488 3850 1519 3903 et
1534 3841 1592 3902 nisi
1606 3842 1754 3922 pecuniae
1763 3861 1803 3903 ex
1816 3843 1908 3903 maris
1923 3839 2158 3923 tempestatibus
2171 3844 2244 3924 pira·

267 3954 314 4022 fot.
327 3959 378 4010 ου’.
414 3966 517 4028 μασιν
540 3952 580 4010 ἐκ
606 3957 674 4009 τῶν
696 3946 900 4010 θαλασσίων
921 3946 1082 4010 κινδύνων
1108 3946 1128 4025 ή
1151 3959 1316 4032 πειρατῶν
1343 3958 1482 4010 tamma
1504 3948 1627 4009 incursu
1641 3948 1810 4028 periculum
1824 3948 2016 4011 imminuerit
2054 3950 2093 4011 de
2108 3949 2242 4031 peeumia

415 4053 579 4140 lucdovici.
611 4059 649 4117 ἐκ
670 4063 738 4116 τῶν
762 4056 880 4134 ἐγγέων
902 4052 1168 4117 ἀποδιδότωσαν
1187 4055 1316 4139 χρημά-
1345 4063 1446 4117 autem
1469 4055 1513 4116 ita
1534 4055 1680 4118 mutuatis
1706 4074 1814 4117 usuras
1838 4056 1960 4119 solvant
1981 4056 2137 4119 nautieia.¹

414 4180 483 4223 των
502 4170 626 4244 χρῆσιν
648 4168 825 4234 ναυτικοῖς.

338 4276 377 4339 ιζ’.
479 4267 554 4331 Ἐάν
576 4289 626 4341 τις
649 4266 745 4330 δώσει
770 4265 820 4331 ἐπὶ
832 4268 933 4352 γροίμ
946 4269 1121 4342 κοινωνίας
1140 4268 1317 4352 χρυσίονή
1411 4267 1526 4349 siquis
1542 4287 1651 4330 aurum
1664 4268 1714 4331 vel
1729 4278 1886 4352 argentum
1902 4270 1934 4331 in
1950 4270 2125 4333 societatem
2140 4280 2243 4333 mutuo
2272 4273 2303 4323 lt.

415 4374 576 4459 ἀργύριον
590 4373 648 4439 καλ
663 4373 789 4451 ταύτην
802 4372 893 4439 κατά
907 4376 1010 4440 πλοῦν
1024 4373 1080 4439 καί
1096 4376 1316 4461 ἐγγράιμηται,
1344 4375 1459 4437 dederit
1478 4383 1511 4437 et
1534 4375 1573 4436 ad
1595 4375 1820 4454 navigationem
1847 4386 1879 4439 et
1901 4378 1931 4437 in
1955 4379 2074 4458 scriptis
2098 4377 2243 4450 retulerit,

413 4480 535 4557 καθὼς
550 4484 670 4566 detrec,
685 4483 862 4556 έωςπόσου
873 4484 1001 4567 χρόνον
1014 4486 1055 4569 τῇ
1067 4482 1316 4567 χριοκοινωνίμ,
1343 4492 1433 4562 prout
1462 4482 1628 4563 placuerit,
1660 4502 1816 4564 quousque
1850 4482 1927 4546 lueri
1961 4485 2091 4547 societas
2123 4485 2242 4568 [dmum

414 4589 472 4654 ἐάν
487 4592 507 4654 δ
522 4590 703 4675 λαμβάνων
718 4587 757 4654 τὸ
770 4590 914 4675 χρυσίον
929 4589 949 4666 ή
964 4587 1004 4653 τὸ
1019 4587 1181 4673 ἀργύριον
1190 4588 1316 4672 πληρω·
1344 4589 1476 4672 (λεοντῆ,
1498 4590 1525 4651 si
1546 4589 1643 4669 isqui
1657 4608 1766 4651 aurum
1781 4591 1831 4653 vel
1845 4601 2004 4670 argentum
2024 4594 2150 4673 aceepit,
2173 4602 2244 4655 tem·

415 4698 538 4771 θέντος
554 4705 616 4761 τοι)
626 4699 755 4781 χρόνον
769 4696 813 4779 μή
829 4700 1030 4784 ἀποστρέφῃ
1046 4694 1129 4760 αὐτὸ
1145 4700 1193 4778 τῷ
1212 4697 1315 4779 κυρίῳ
1342 4716 1416 4778 pore
1437 4696 1571 4777 impleto,
1594 4716 1657 4757 non
1678 4696 1710 4757 id
1728 4697 1895 4760 reddiderit
1913 4699 1978 4761 eius
1992 4699 2115 4761 domino
2128 4709 2243 4763 οέοου-

414 4805 520 4869 utros
536 4804 594 4868 καί
610 4804 720 4892 συμβῇ
739 4802 805 4869 ἀπὸ
822 4802 924 4890 πυρὸς
944 4803 963 4881 ή
979 4805 1109 4890 λῃστῶν
1124 4802 1316 4883 ήναυαγιόυ
1342 4804 1441 4884 tingat
1462 4804 1526 4884 igni
1545 4802 1595 4866 vel
1614 4803 1783 4866 latronibus
1798 4805 1848 4868 vel
1863 4805 2022 4885 naufragio
2037 4808 2145 4888 perire,
2160 4806 2243 4869 nullo

414 4921 605 4998 repausatio,
621 4913 759 4993 ἀζήμιον
773 4915 878 4994 μένειν
893 4908 953 4975 τὸν
966 4910 1082 4994 κύριον
1100 4919 1162 4975 τοῦ
1171 4911 1316 4995 χρυσίου
1342 4911 1521 4973 detrimento
1543 4909 1683 4973 adficitur
1707 4912 1849 4973 dominus
1875 4914 1944 4974 auri
1970 4923 2002 4974 et
2027 4913 2117 4976 sulva
2138 4913 2243 4994 recipit

412 5017 470 5083 καλ
498 5029 572 5083 σῶα
599 5015 643 5082 τά
670 5018 739 5082 ἴδια
771 5014 1049 5102 ἀπολαμβάνειν.8
1097 5015 1155 5081 ἐάν
1189 5016 1222 5079 δέ
1254 5026 1315 5080 τοῦ
1342 5037 1405 5078 sue
1451 5017 1581 5091 sivero,
1604 5026 1777 5080 conuentus
1799 5028 1933 5100 tempore
1953 5020 2089 5081 nondum
2107 5020 2242 5102 impleto,

410 5127 539 5211 χρόνον
560 5135 628 5188 τῶν
651 5125 833 5199 συνθηκῶν
855 5123 898 5206 μή
926 5125 1177 5207 πληρωθέντος,
1206 5122 1313 5210 συμβῇ
1342 5125 1497 5204 contingat
1526 5123 1693 5204 periculum
1725 5126 1757 5186 in
1788 5126 1865 5187 mari
1893 5125 1943 5187 vel
1969 5127 2121 5200 interitus,
2155 5126 2242 5188 sicuti

413 5229 473 5296 τόν
500 5231 591 5296 κατά
615 5232 803 5296 θάλασσαν
831 5231 986 5295 κίνδυνον
1018 5231 1185 5295 ἀπώλειαν
1208 5233 1314 5311 γενέσ-
1340 5230 1417 5291 lueri
1443 5231 1487 5292 ita
1513 5239 1544 5292 et
1569 5231 1674 5292 damni
1700 5230 1818 5311 placuit
1845 5242 1949 5313 partes
1976 5233 2145 5296 seeundum
2173 5252 2242 5296 con·

413 5340 491 5420 θαι,
514 5339 674 5425 καθάπερ
698 5348 760 5403 τοῦ
773 5338 919 5423 κέρδους,
943 5337 1033 5420 ἐδοξι
1048 5336 1105 5402 καλ
1121 5335 1183 5411 τάς
1198 5338 1314 5419 ζημίας
1340 5346 1433 5399 venta
1455 5338 1604 5399 sustineri.

413 5445 496 5528 πρὸς
518 5445 562 5510 τά
585 5450 665 5532 μέρη
687 5444 777 5511 κατά
799 5443 861 5520 τάς
880 5446 1056 5521 συνθήκας
1071 5444 1312 5522 ἀναδέχεσθαι.

334 5557 376 5611 ι’.
478 5553 553 5618 Ἐάν
585 5575 634 5628 τις
663 5555 823 5639 χρήματα
850 5553 1062 5635 χρησάμενος
1099 5551 1312 5632 ἀποδημήσει,
1407 5550 1440 5613 Si
1462 5551 1531 5631 quis
1553 5561 1660 5614 mutua
1681 5552 1812 5632 pecunia
1831 5562 1953 5634 sumpta
1974 5572 2099 5634 peregre
2114 5556 2155 5616 sit
2176 5573 2242 5634 pro
2274 5552 2306 5602 ¹⁸·

413 5661 611 5743 ἐξελθόντος
626 5671 688 5725 τοῦ
698 5662 835 5745 χρόνον,
859 5653 898 5723 ού
917 5657 974 5723 ἐάν
994 5659 1200 5738 συνθῶνται,
1223 5678 1313 5740 κομι·
1340 5656 1447 5732 fectus,
1474 5666 1609 5740 tempore
1636 5658 1740 5740 elapso
1767 5659 1805 5720 de
1831 5678 1893 5740 quo
1919 5661 1998 5722 inter
2024 5678 2075 5722 eos
2102 5659 2242 5723 convenit

413 5768 593 5847 ζέσθωσαν
615 5774 650 5834 ἐκ
672 5781 740 5832 τῶν
762 5772 881 5850 ἐγγίων
902 5764 993 5831 κατά
1015 5777 1083 5829 τῶν
1100 5767 1218 5848 νόμων.
1257 5762 1314 5828 ἐάν
1341 5763 1529 5826 fideiussores
1561 5766 1727 5827 secundum
1759 5765 1840 5845 leges
1873 5766 2041 5829 exsolvant
2092 5767 2185 5845 Quod
2216 5766 2239 5827 si

504 5910 577 5965 ¹Sie
595 5912 624 5964 in
637 5911 696 5966 eod.
724 5910 817 5966 Antea
828 5910 891 5982 lege
904 5912 940 5979 tq*
953 5909 1098 5981 ναυκλήρῳ.
1170 5905 1312 5960 ’itacod
1413 5903 1484 5960 ¹cf.
1504 5904 1656 5961 Pardusaua
1674 5924 1701 5977 p.
1715 5910 1766 5961 247
1785 5924 1812 5960 n.
1826 5924 1853 5959 a.

502 5997 570 6053 'its
587 6000 647 6054 cod
