4842 7018
434 431 496 492 118
1050 425 1203 491 LIBER
1225 425 1346 490 LVIH.
1391 425 1480 490 TIT.
1503 424 1543 489 X.
1567 424 1644 489 XII.

497 605 571 671 Ἐάν
595 608 657 692 [ἐν]
677 616 748 680 τοῖς
763 613 851 689 ἐμοῖς
867 607 975 692 ὀρέξω
991 607 1116 670 λάκκον
1131 606 1188 670 καὶ
1208 610 1243 669 ἐκ
1261 606 1335 670 τοίν-
1429 607 1462 668 Si
1485 607 1516 668 in
1540 627 1606 668 meo
1629 607 1732 667 fodero
1760 618 1884 686 puteum
1912 615 1943 665 et
1970 606 2036 666 ideo
2064 626 2149 667 venae
2168 612 2232 688 putei

432 737 492 777 του
524 717 561 778 αί
587 714 706 800 φλέβες
737 723 798 777 τοῦ
825 704 898 777 σοῦΥ
918 715 1044 777 λάκκου
1074 714 1261 794 τμηθῶσιν,
1296 714 1335 776 οδ
1363 715 1407 774 tui
1438 714 1592 794 praecisae
1623 714 1742 785 meunt,
1775 733 1834 772 non
1866 713 2063 773 committitur
2093 713 2232 792 stipulata

430 822 625 906 βέβαιοῦται
656 823 674 899 ὴ
703 823 914 904 ἐπερώτησις·
948 825 994 902 τῷ
1027 818 1092 902 χάρ
1121 824 1184 902 ἐμῷ
1217 821 1334 902 δικαιήι
1364 841 1429 881 meo
1460 821 1539 881 enim
1567 822 1632 882 iure
1661 840 1734 882 usus
1762 841 1838 880 sum.
1894 821 1919 880 si
1945 841 2015 881 vero
2043 819 2130 881 altius
2153 822 2233 883 fodero

432 930 636 1011 ἐχρησάμην·
665 933 690 990 εί
714 928 748 991 δέ
770 926 969 1011 βαθύτερον
992 928 1105 1011 ὥρυξα
1129 925 1188 990 τόν
1211 928 1335 991 λάκκου
1364 938 1487 1008 puteum
1521 938 1555 989 ut
1586 948 1645 988 non
1678 928 1833 1007 potuerint
1863 928 1991 1007 parietes
2025 927 2070 988 tui
2095 930 2234 1003 consistere,

432 1038 475 1109 ὡς
490 1034 533 1117 μη
545 1034 733 1111 δυνηθῆναι
745 1046 862 1111 στῆναι
881 1031 958 1108 τοὺς
970 1032 1050 1108 σοὺς
1066 1037 1208 1112 τοίχους,
1223 1035 1335 1120 βεβαι-
1363 1034 1566 1096 committitur.
2061 1034 2094 1093 fr.
2110 1038 2155 1095 24.
2170 1043 2183 1111 §
2198 1040 2235 1097 12.

433 1152 602 1205 οῦταιε-
958 1142 993 1203 fr.
1011 1146 1060 1203 24.
1078 1148 1094 1218 §
1114 1145 1163 1203 12.
1179 1143 1218 1202 D.
1236 1144 1286 1213 39,
1307 1146 1351 1241 2.)

365 1256 396 1308 ν’.
501 1249 609 1330 Ζημιά
636 1246 704 1312 ἐστὶ
732 1248 789 1311 καί
819 1245 857 1311 τό
884 1249 971 1329 μόνα
1004 1246 1047 1311 τά
1075 1258 1176 1335 φῶτα
1201 1247 1334 1333 βλάψαι
1430 1247 1587 1308 Damnum
1610 1257 1709 1309 estet
1731 1247 1757 1308 si
1779 1246 1943 1307 luminibus
1965 1247 2057 1309 vicini
2079 1246 2214 1308 officiatur.

433 1364 494 1419 τοῦ
515 1356 671 1436 γείτονος.
1234 1356 1268 1417 fr.
1285 1360 1335 1417 25.
1712 1410 1716 1415 .
2156 1355 2186 1415 n.
2199 1361 2237 1418 25.

348 1469 395 1537 ιη’.
498 1460 572 1526 Ἐὰν
595 1466 613 1525 ό
636 1460 748 1535 κοινὸς
768 1470 880 1538 τοῖχος
895 1465 1078 1545 ἐρρωμένος
1094 1460 1192 1542 ἐστίν,
1218 1463 1257 1524 οὐ
1269 1460 1336 1544 χρὴ
1431 1462 1465 1524 Si
1496 1463 1663 1523 communis
1690 1462 1789 1542 paries
1819 1471 1865 1522 est
1891 1461 2024 1534 idoneus,
2056 1482 2114 1521 non
2142 1474 2239 1542 oportet

432 1568 610 1634 καταλύειν
633 1570 744 1633 αὐτόν.
1234 1570 1268 1630 fr.
1286 1574 1336 1630 35.
1365 1591 1434 1630 eum
1457 1569 1603 1631 demoliri.
1633 1562 1637 1585 ¹
2158 1569 2187 1628 fr.
2201 1574 2238 1631 35.

341 1683 396 1735 ιδ’.
499 1676 698 1759 Έρρωμίνος
721 1675 755 1738 δέ
778 1680 868 1738 ἐστιν
891 1672 946 1738 ότε
965 1679 1130 1757 ἑκατέρων
1148 1676 1338 1756 οἰκημάτων
1431 1675 1564 1737 Idoneus
1583 1685 1630 1737 est
1645 1696 1713 1736 cum
1729 1676 1884 1756 utriusque
1899 1675 2025 1736 aedificii
2045 1677 2107 1736 iure
2125 1677 2241 1755 imposita

435 1781 479 1847 τά
502 1779 592 1846 κατὰ
615 1783 718 1863 νόμον
736 1782 919 1863 ἐπικείμενα
940 1781 1031 1866 βάρη
1053 1782 1193 1845 δύναται
1208 1783 1338 1866 βαστά-
1367 1803 1459 1845 onera
1482 1784 1628 1844 sustinere
1650 1792 1759 1863 potest
2158 1784 2188 1843 fr.
2201 1787 2240 1844 36.
2322 1836 2323 1869 3

436 1891 509 1969 ζειν.
1234 1890 1269 1951 fr.
1287 1892 1337 1950 36.

381 2003 397 2055 '.
499 1993 574 2060 Ἐάν
596 2000 632 2059 ἐκ
658 2005 720 2059 τοῦ
742 2000 836 2059 οίκου
859 2004 919 2058 τοῦ
946 1997 1217 2079 ἐπερωτηθέντος
1240 2000 1337 2081 ἐπαρ-
1434 1996 1466 2058 si
1489 2018 1527 2057 ex
1550 1996 1675 2058 aedibus
1697 1998 1770 2070 eius,
1793 1996 1847 2077 qui
1863 1996 1953 2070 cavit,
1976 1996 2081 2075 tegula
2095 2006 2176 2057 vento
2190 1998 2242 2056 sub
2322 1994 2323 2045 ἕ

437 2104 541 2167 θεῖσα
567 2101 702 2186 κεραμὶς
732 2102 766 2184 ἐξ
798 2105 919 2183 άνέμου
950 2102 1082 2187 βλάπτῃ
1115 2100 1174 2165 τόν
1205 2104 1338 2184 χείτονα
1369 2104 1431 2165 iata
1457 2104 1602 2164 damnum
1630 2103 1746 2165 dederit
1772 2103 1865 2164 vicini
1895 2102 2028 2176 aedibus,
2063 2123 2122 2163 nou
2147 2114 2243 2163 tenetur

435 2207 541 2290 οἶκον,
571 2210 610 2272 οὐ
636 2212 811 2285 κατέχεται
836 2211 854 2271 ό
878 2207 1110 2288 ἐπερωτηθεὶς,
1134 2213 1161 2272 εί
1183 2207 1226 2291 μη
1249 2207 1339 2272 κατὰ
1367 2232 1434 2272 reus
1470 2210 1676 2292 promittendi,
1709 2210 1767 2271 nisi
1798 2219 1921 2290 propter
1947 2210 2068 2271 aedium
2100 2210 2195 2271 vitium
2221 2209 2243 2268 id

436 2318 644 2400 σαθρότητα
659 2324 720 2379 τοῦ
736 2319 830 2379 οἴκου
845 2324 946 2378 τοῦτο
963 2315 1096 2400 συνέβηι
1113 2353 1154 2363 -
1183 2316 1218 2377 fr.
1235 2319 1277 2376 43
1294 2338 1338 2396 pr.
1368 2318 1517 2379 acciderit
2116 2316 2148 2376 fr.
2163 2320 2198 2376 43
2211 2336 2244 2395 pr.

259 2483 295 2536 Β·
302 2483 339 2576 μ’·
359 2445 418 2535 ῗέϋ
676 2492 796 2546 ΤΙΤΛΟ(
816 2492 869 2558 ΙΒ’,
889 2492 1021 2545 ΒΙΒΛΙΟΥ
1041 2492 1100 2544 ΝΗ’
1572 2491 1739 2548 TITULUS
1757 2492 1822 2559 XII,
1843 2491 1947 2546 LIBRI
1966 2491 2061 2546 LVIII
2256 2502 2311 2553 tiss

296 2592 318 2626 τ’
335 2571 380 2624 m',
477 2621 539 2689 περὶ
557 2620 643 2691 ἔργων
661 2615 797 2686 δημοσίων
814 2619 859 2668 καὶ
877 2618 1047 2690 λομοθεσιὼν
1066 2616 1154 2670 αὐτῶν
1172 2621 1217 2669 καὶ
1234 2620 1296 2689 περὶ
1380 2618 1414 2671 de
1433 2617 1563 2687 operibus
1582 2615 1700 2687 publicis
1719 2623 1748 2671 et
1765 2616 1919 2671 rationibus
1937 2633 2030 2671 eorum
2051 2625 2080 2672 ct
2098 2617 2232 2671 redditibus
2280 2579 2310 2621 Η

750 2703 893 2778 προσόδων
911 2704 1022 2759 πόλεων.
1743 2707 1897 2760 civitatum.

366 2830 401 2902 ts·
502 2830 534 2894 ‘0
570 2835 614 2905 εἰς
649 2833 754 2895 τόπον
797 2843 855 2908 τῆς
891 2832 1014 2905 πόλεως
1054 2832 1173 2905 κτίσας
1210 2832 1340 2903 οἰκείοις
1435 2834 1498 2911 Qui
1516 2834 1547 2894 in
1562 2833 1627 2894 Ioco
1643 2833 1773 2894 civitatis
1789 2834 1852 2894 suis
1871 2834 2041 2914 sumptibus
2058 2834 2246 2905 aedificaverit,

438 2937 663 3019 ἀναλώμασιν,
696 2943 730 3001 ἐν
761 2930 787 3020 ᾦ
813 2937 856 3020 μὴ
883 2937 1016 3023 βλάπτῃ
1044 2936 1103 3015 τὴν
1131 2939 1227 3001 πόλιν
1257 2939 1342 3000 ἴδιον
1369 2940 1531 3002 dummodo
1563 2961 1623 3000 non
1655 2950 1764 3000 noceat
1790 2940 1906 3001 ciritati
1933 2942 2089 3021 proprium
2121 2942 2204 3001 habet
2224 2940 2247 2999 id

438 3045 544 3107 αὑτοῦ
576 3048 674 3120 ἐχέτω
708 3043 747 3109 τό
778 3045 923 3107 κτισίίέν
952 3043 1008 3108 καί
1038 3044 1164 3126 μᾶλλον
1191 3046 1341 3126 εὐχαρισ-
1369 3048 1449 3128 quod
1473 3046 1644 3107 aedificavit
1665 3056 1696 3107 et
1717 3047 1808 3107 immo
1827 3049 1942 3125 gratiae
1965 3048 1993 3108 ei
2015 3047 2171 3109 habendae
2186 3057 2247 3116 sunt

439 3152 568 3213 τείσθω
584 3153 628 3225 ὡς
645 3149 704 3227 τὴν
720 3152 816 3215 πόλιν
830 3162 977 3232 κοσμῶνε
995 3189 1036 3199 -
1069 3173 1094 3213 c.
1106 3152 1278 3227 3.0.V111‚
1292 3156 1340 3214 11.
1371 3164 1474 3234 utpote
1496 3155 1549 3233 qui
1571 3154 1724 3214 civitatem
1748 3155 1906 3215 ornaverit
2035 3176 2062 3216 c.
2080 3160 2107 3215 3.
2124 3155 2156 3215 Ο.
2172 3156 2247 3225 8,11.
2322 3152 2323 3191 ³

394 3295 400 3308 ·
511 3254 560 3320 Τά
584 3260 773 3341 πραιτώριον
789 3268 856 3321 τῶν
879 3259 1047 3322 δικαστῶν
1061 3257 1117 3321 καί
1136 3261 1168 3321 or‘
1190 3259 1340 3340 δημόσιοι
1435 3260 1593 3322 Praetoria
1615 3261 1850 3340 magistratuum
1873 3270 1904 3322 et
1925 3262 2067 3342 publicae
2087 3263 2173 3323 aedes
2191 3261 2248 3321 iuris

439 3369 524 3428 οίκοι
549 3373 611 3428 τοῦ
634 3365 764 3428 δικαίου
787 3374 848 3428 τοῦ
870 3364 1030 3446 δημοσίου
1053 3367 1143 3427 εἰσίν.
1271 3389 1300 3433 ο.
1313 3370 1341 3427 4.
1370 3366 1482 3447 publici
1506 3377 1584 3427 sunt.
2194 3370 2249 3429 et.
2322 3346 2323 3407 3

387 3471 401 3522 '·
506 3471 637 3544 Κτίσας
665 3476 698 3534 ἐν
725 3471 872 3553 δημοσίῳ
902 3472 992 3553 τόπῳ
1020 3471 1077 3535 καὶ
1100 3472 1258 3556 βλάπτων
1284 3471 1343 3549 την
1436 3474 1499 3551 Qui
1523 3472 1693 3535 aedificavit
1714 3475 1746 3534 in
1769 3474 1835 3535 Ioco
1857 3475 1978 3555 pubIIco
2001 3485 2031 3537 et
2054 3478 2168 3538 civitati
2185 3476 2250 3536 dam·
2322 3540 2323 3543 χ

440 3579 534 3643 πόλιν
556 3578 796 3662 καταβαλλέτω
820 3574 902 3641 αὐτό
925 3578 968 3659 μη
992 3583 1077 3655 έχων
1091 3580 1218 3659 χρόνον
1237 3601 1343 3660 παρα·
1371 3602 1441 3641 num
1469 3579 1563 3653 dedit,
1596 3579 1731 3641 destruat
1758 3580 1939 3654 aedificium,
1967 3603 2027 3642 non
2057 3584 2170 3645 habens
2193 3594 2251 3644 tenr-
2322 3596 2323 3599 ’

440 3683 585 3771 γραφὴν,
597 3684 676 3766 μηδὲ
692 3689 718 3746 εί
734 3680 890 3768 βασιλεὺς
906 3688 1081 3770 ἐπέτρεψεν
1098 3686 1188 3766 αὐτῷ
1204 3684 1341 3749 κτίσαι.1
1371 3687 1452 3767 poris
1479 3688 1756 3767 praescriptionem,
1783 3707 1821 3747 ne
1849 3689 1873 3747 si
1902 3689 2067 3769 imperator
2094 3691 2205 3771 quidem
2231 3688 2251 3747 ei
2322 3712 2323 3717 ¹

1273 3815 1296 3855 c.
1315 3798 1342 3855 6.
1372 3793 1541 3873 permiserit
1563 3792 1730 3854 aedificare.
2196 3819 2216 3858 c.
2230 3799 2251 3856 d.
2322 3788 2323 3791 '

388 3897 403 3949 '·
504 3897 537 3963 ‘O
553 3898 699 3979 δημοσίῳ
716 3900 800 3981 ἐρχῳ
817 3894 954 3970 ἐπιστάς
970 3899 1041 3974 ἤτοι
1055 3899 1216 3982 χρήματα
1231 3898 1344 3984 λαβὼν
1438 3900 1499 3976 Qui
1522 3908 1641 3979 praeest
1662 3900 1784 3979 publico
1804 3903 1884 3982 operi
1904 3903 1953 3963 vel
1969 3906 2129 3983 pecuniam
2145 3903 2252 3984 sumpsit
2322 3916 2323 3931 *

441 4002 490 4067 ἐπί
515 4001 554 4067 τὸ
578 4004 691 4067 κτίσαι
713 4004 910 4087 κρατείσδω
937 4003 1020 4085 μετά
1042 4016 1110 4067 τῶν
1131 4006 1344 4088 κληρονόμων
1372 4008 1411 4068 ud
1439 4007 1657 4068 aedificandum
1686 4017 1824 4068 teneatur
1851 4030 1918 4069 curn
1948 3996 2009 4071 suis
2037 4010 2193 4072 heredibus
2212 4031 2253 4090 per

442 4113 547 4175 αὐτοῦ
565 4109 614 4174 ἐπὶ
632 4110 806 4173 δεκαπέντε
822 4113 886 4190 έτη,
911 4109 966 4174 ἵνα
984 4108 1042 4175 ἐάν
1057 4109 1114 4175 διά
1132 4110 1192 4189 τὴν
1211 4114 1342 4194 σαίνρό-
1357 4110 1359 4199 I
1372 4114 1541 4194 quindecim
1565 4133 1668 4187 annos,
1697 4122 1732 4175 nt
1754 4115 1779 4174 si
1802 4125 1925 4194 propter
1947 4116 2053 4176 vitium
2078 4119 2175 4198 operis
2195 4115 2252 4197 quid

442 4239 528 4292 τητα
551 4225 612 4279 τοῦ
634 4219 732 4299 ἐρχου
755 4218 868 4279 τίποτε
891 4216 1000 4303 συμβῇ
1023 4218 1075 4297 (οὐ
1092 4216 1156 4299 μὴν
1175 4224 1344 4302 τυχηρῶς),
1373 4221 1529 4300 contigerit
1551 4225 1624 4298 (non
1642 4221 1754 4282 verosi
1778 4221 1912 4301 fortuito)
1927 4242 1965 4282 ex
1981 4224 2076 4303 ipsius
2092 4224 2253 4304 patrimonio

443 4327 478 4386 ἐκ
500 4334 558 4399 της
581 4324 697 4397 οὐσίας
719 4324 824 4386 αὐτοῦ
846 4332 946 4386 τοῦτο
970 4322 1132 4403 γένηται.2
1275 4348 1299 4387 c.
1317 4331 1344 4388 8.
1358 4318 1360 4435 ρ
1374 4328 1404 4387 id
1426 4327 1582 4389 sarcIatur.
2176 4351 2219 4391 e
2233 4332 2254 4387 8.

363 4426 405 4499 ιβ·
510 4430 586 4502 Πας
623 4431 756 4513 κτητωρ
795 4433 1035 4516 συνεισφερέτω
1073 4430 1123 4494 ἐπὶ
1160 4436 1361 4512 τειχοποιίμῑ
1439 4434 1548 4511 Quivis
1570 4454 1727 4513 possessor
1748 4436 1883 4497 conferat
1898 4437 1937 4498 ad
1952 4458 2106 4499 murorum
2123 4448 2254 4500 construc-

443 4532 532 4599 κατά
563 4534 603 4600 τό
635 4539 756 4621 μέτρον
787 4531 833 4598 ὧν
865 4540 927 4612 ἐχει
961 4537 1109 4619 εὐπόρων
1141 4536 1262 4619 ζεύχων
1289 4508 1484 4621 καίλεὶοοεω
1511 4540 1676 4602 secundum
1705 4560 1876 4602 mensuram
1905 4544 2050 4622 iugerum,
2078 4566 2157 4626 qnae
2182 4543 2256 4605 babet

442 4641 552 4723 μηδεὶς
576 4642 879 4725 ἐξκουσατευέσδω.
1006 4690 1010 4698 .
1254 4667 1278 4709 c.
1297 4649 1345 4706 12.
1375 4662 1405 4708 et
1427 4668 1516 4708 nemo
1540 4656 1708 4709 excusetur.
2179 4674 2201 4712 c.
2218 4652 2254 4710 12.

364 4748 406 4803 ιδ’.
508 4750 559 4812 Τά
569 4738 781 4831 παραπίσσια
791 4748 1362 4841 δκαὶάλλαοίαδήποτεσυνημμέναη
1440 4754 1616 4832 Parapissia
1626 4754 1674 4814 vel
1690 4755 1843 4834 quaelibet
1852 4756 1913 4817 alia
1927 4759 2095 4836 parietibus
2111 4759 2256 4820 aedibusre

444 4856 563 4931 τείχεσι
587 4854 606 4931 δι
626 4859 729 4929 οίκοις
751 4854 807 4918 καλ
828 4860 921 4919 αίτια
940 4860 1095 4939 γινόμενα
1111 4863 1308 4949 turpeomnia
1327 4858 1345 4935 ἢ
1374 4860 1533 4921 coniuncta
1556 4880 1679 4921 oausam
1701 4861 1878 4941 praebentia
1904 4864 2049 4927 incendiis
2077 4866 2200 4927 furtisve
2218 4864 2255 4923 de-

443 4963 575 5024 κλοπῶν
590 4962 815 5025 καταλυέσίίω
830 4962 886 5026 καί
906 4961 962 5026 διά
978 4962 1017 5027 τό
1033 4966 1161 5027 στενόν;
1181 5001 1219 5011 -
1254 4989 1278 5027 ο.
1298 4970 1346 5028 14.
1375 4976 1530 5027 struantur
1552 4987 1667 5028 necnon
1690 4979 1813 5049 propter
1836 4971 2015 5049 angustiam.
2181 4993 2203 5033 ο.
2220 4975 2256 5030 14.

509 5068 542 5131 ‘0
565 5066 670 5149 χωρίς
696 5068 870 5151 βασιλικῆς
898 5076 1075 5153 ἐπιτροπῆς
1105 5072 1304 5155 στενορύμια
1329 5072 1361 5149 i}
1440 5074 1503 5150 Qui
1526 5073 1639 5153 absque
1661 5076 1804 5154 principis
1822 5079 1969 5156 permissu
1985 5079 2162 5159 angiportus
2183 5077 2256 5160 porti·

446 5172 552 5238 στοάν
583 5175 787 5257 περικλείσας
819 5176 1008 5240 ἀποδιδότω
1032 5187 1141 5257 τοῦτο,
1174 5188 1234 5242 τοῦ
1264 5176 1480 5260 μετάυοιηνε
1504 5180 1659 5241 incluserit
1680 5182 1819 5243 restituat
1838 5183 1881 5244 id:
1909 5205 1956 5257 eo,
1984 5186 2037 5264 qui
2064 5187 2191 5265 posthac
2209 5183 2257 5244 tale

445 5291 553 5344 ταῦτα
580 5291 735 5345 τοιοῦτον
762 5283 950 5364 τολμῶντος
978 5296 1112 5361 ποιησαι
1143 5288 1347 5361 πεντήκοντα
1374 5287 1445 5366 quid
1462 5287 1560 5347 faeere
1570 5307 1662 5348 ausus
1679 5288 1775 5361 fuerit,
1786 5291 2005 5370 quinquaginta
2014 5292 2100 5353 libris
2111 5289 2257 5353 multando.

446 5388 561 5470 λίτρας
584 5388 874 5470 ιτροςτιμωμενου.3
996 5422 1002 5427 ·
1254 5414 1277 5454 c.
1298 5388 1361 5515 mi
2183 5420 2205 5459 c.
2222 5398 2258 5456 19.

393 5497 409 5548 '-
516 5493 628 5567 Οὐδείς
660 5505 726 5557 τῶν
758 5499 934 5577 ἀρχόντων
966 5502 1039 5560 νέον
1070 5502 1168 5580 ἐρχου
1206 5499 1362 5601 δύναταιΙ
1440 5502 1537 5561 Nemo
1561 5501 1792 5579 magistratuum
1812 5524 1922 5564 novum
1941 5505 2165 5586 opusiuciperc
2180 5514 2258 5585 potest

446 5602 618 5679 άρχεσίλαι
644 5600 721 5684 πρίν
744 5601 787 5666 τά
808 5604 986 5687 ἀρχθέντα
1006 5603 1067 5668 ὑπὸ
1088 5615 1149 5668 τοῦ
1164 5606 1537 5699 προλιιβόυ-ᾖυυίεηυπιυ
1571 5628 1607 5667 eo
1637 5629 1715 5688 quae
1743 5629 1762 5668 a
1789 5630 1843 5670 suo
1875 5612 2104 5691 praedecessore
2137 5613 2259 5673 inchoata

447 5730 504 5780 τος
542 5705 646 5771 αὐτόν
684 5709 846 5793 πληρώσει
885 5712 986 5790 δίχουν
1023 5709 1067 5774 τά
1106 5712 1232 5776 πάλαια
1268 5716 1347 5775 άνα-
1361 5704 1363 5727 '
1377 5723 1448 5775 sunt
1469 5714 1625 5795 perfecerit
1647 5715 1698 5776 vel
1721 5726 1825 5777 vetera
1847 5718 1990 5780 refecerit.
2183 5740 2205 5781 c
2220 5721 2258 5777 22.

448 5824 572 5877 νεῶσεω
592 5852 630 5861 -
1256 5842 1280 5881 c.
1298 5823 1347 5880 22,
1362 5810 1364 5899 i

1362 5924 1364 5953 i

522 5956 531 5987 ¹
549 5955 584 6010 cf.
604 5955 670 6027 Syn.
744 5956 808 6011 ὀί.
827 5957 893 6029 Syn.
967 5958 1031 6014 Ios.
1052 5959 1118 6031 Syn.
