4842 7018
833 442 986 519 hisnu
1007 443 1096 510 LIX.
1146 444 1235 510 ΤΙΤ.
1258 443 1391 510 I-HL
1976 447 2038 510 157

129 633 180 689 ιδ’.
281 627 314 693 ‘0
341 624 425 711 ἀνὴρ
448 631 560 712 μέχρις
583 627 738 713 εὐπορίας
760 627 909 707 ὲνοίγεται
937 629 978 712 τῇ
1001 623 1051 689 ἐπί
1074 628 1115 710 τῇ
1209 624 1268 686 Vir
1289 626 1321 687 in
1343 625 1375 687 id
1398 624 1480 705 quod
1506 624 1604 686 fauere
1626 630 1725 705 potest
1747 626 1866 687 untione
1889 625 2041 688 funsrsris

216 739 310 822 ταφῇ
333 736 475 821 ἀγωγῇ
489 742 591 798 τοῦτο
618 730 683 819 γὰρ
712 734 805 798 δοκεῖ
826 733 1008 818 κερδαίνειν
1035 728 1114 818 ὅπερ
1143 734 1329 796 eonvenitm:
1359 733 1391 793 id
1414 731 1495 793 enim
1522 730 1632 793 lucrari
1653 731 1774 794 videtur
1801 733 1882 813 quod
1908 752 1969 794 non
1992 733 2041 795 de

217 842 277 905 οὐκ
298 840 407 905 ἐδίδου
430 840 486 927 [εί]
510 839 604 926 παρα
626 850 684 917 τῆς
706 837 861 922 γυναικός
884 839 1028 921 ἐνηγετοι
1046 876 1086 887 -
1142 842 1236 903 disset
1258 840 1287 902 si
1307 839 1414 902 fuisset
1436 838 1475 901 ab
1498 858 1592 900 uxore
1614 846 1789 901 eonventus.
1855 839 1891 900 fr.
1908 842 1959 901 27.
1976 845 1993 917 ς
2011 843 2040 902 2.

929 947 965 1010 fs.
982 951 1031 1009 27.
1052 953 1068 1023 §
1087 950 1115 1009 2.

131 1080 178 1134 ιε’.
287 1070 353 1149 ww
375 1074 538 1156 ἄπροικον
559 1075 660 1155 μόνος
682 1074 701 1136 ό
726 1054 794 1157 {cn-p
818 1072 945 1136 θοίπτει
971 1073 1028 1136 καί
1055 1070 1116 1149 τὴν
1208 1071 1287 1133 Eam
1309 1091 1389 1152 quse
1411 1070 1481 1132 done
1504 1070 1630 1132 carebat
1652 1070 1732 1132 solus
1759 1079 1846 1151 pater
1867 1071 1989 1134 fiinerut
2009 1081 2041 1134 et

215 1178 434 1262 αὐτεξουοίοιν
456 1179 708 1262 οίκληρονόμοι
733 1180 848 1257 αὐτῆς·
877 1184 902 1243 εί
926 1179 960 1243 δὲ
986 1176 1030 1263 μὴ
1058 1182 1115 1264 ἔχη
1142 1200 1209 1241 eum
1223 1199 1302 1260 quse
1317 1179 1363 1241 sui
1378 1178 1452 1240 iuris
1467 1177 1533 1253 fuit.
1556 1178 1680 1240 heredes
1695 1177 1772 1240 eius:
1788 1179 1814 1239 si
1828 1198 1902 1241 vero
1916 1178 2039 1241 heredes

214 1286 438 1371 κληρονόμους
465 1285 484 1363 ί)
512 1288 531 1349 ό
558 1272 623 1369 {up
652 1288 782 1371 ἀπορεῖ,
810 1287 959 1367 ενοίγεται
988 1283 1114 1370 όόινὴρ
1143 1306 1204 1348 non
1225 1286 1338 1347 habeut
1364 1305 1463 1366 neque
1489 1293 1577 1366 puter
1599 1285 1743 1348 solvendo
1770 1286 1822 1359 sit,
1849 1293 1968 1347 tenetur
1992 1286 2040 1348 vir

213 1397 308 1478 μέχρι
337 1392 504 1474 εὐπορίας·
533 1392 700 1478 ὑβρίζεται
733 1390 799 1477 γὰρ
828 1391 870 1473 μὴ
900 1394 1115 1474 θαπτομίυης
1141 1394 1174 1453 in
1201 1393 1232 1454 id
1259 1392 1339 1474 quod
1365 1392 1464 1455 faeere
1489 1401 1603 1474 potest3
1630 1392 1689 1474 ipsi
1715 1392 1794 1454 enim
1826 1391 1964 1454 dedeeori
1994 1401 2040 1455 est

214 1510 272 1576 τῆς
294 1501 466 1581 γενομένης
489 1500 595 1563 αὐτοῦ
616 1510 769 1582 γαμετῆςε
786 1536 829 1547 -
1010 1500 1045 1563 ir.
1063 1502 1113 1562 28.
1141 1522 1203 1562 non
1226 1499 1345 1581 sepeliri
1367 1520 1442 1574 eam,
1465 1519 1545 1580 quse
1566 1499 1625 1562 fuit
1646 1519 1724 1562 uxor
1746 1499 1818 1563 eius.
1935 1496 1971 1559 fr.
1988 1500 2039 1562 28.

126 1634 177 1699 ις’.
278 1620 352 1687 ’Eun
382 1622 621 1703 διαζευχθεῖοα
652 1623 731 1705 γυνὴ
758 1625 913 1711 γαμηθῇ,
941 1626 960 1688 ό
984 1634 1114 1708 πρῶτος
1208 1624 1241 1688 Si
1267 1634 1338 1706 post
1359 1625 1520 1688 divortium
1547 1624 1655 1687 mulier
1676 1624 1820 1705 nupserit,
1846 1623 1930 1705 prior
1951 1623 2039 1685 meri·

215 1729 298 1813 ολνηρ
321 1728 386 1793 κᾶν
408 1729 580 1813 ἐκέρδανεν
606 1729 668 1808 τὴν
690 1740 813 1814 προῖκα
841 1732 880 1794 οὐ
908 1729 1045 1811 δαπανᾷ
1070 1737 1113 1805 είς
1141 1740 1190 1795 tus
1204 1733 1342 1813 quamvis
1365 1732 1499 1794 lucratus
1521 1731 1562 1793 sit
1583 1731 1684 1794 dotem
1707 1751 1768 1793 non
1790 1730 1938 1812 impendit
1959 1731 2040 1793 οἰτον,

213 1835 275 1915 τῆν
297 1835 410 1922 ταφὴν
433 1838 542 1915 αὐτῆς.
664 1916 667 1921 ,
958 1839 994 1901 fr.
1011 1842 1052 1901 29
1068 1860 1112 1920 pr.
1140 1839 1231 1901 funus
1253 1840 1325 1900 eius.
1884 1836 1920 1900 fr.
1937 1838 1978 1898 29
1993 1857 2038 1917 pr.

44 1972 95 2042 foi
110 1977 177 2026 117¹.
279 1960 369 2045 Πρίυ
392 1960 412 2038 δ
434 1962 492 2043 μὲν
514 1961 630 2044 ἀποδῷ
653 1959 713 2038 τὴν
735 1971 859 2047 προῖκα
877 1965 896 2027 ό
911 1960 996 2047 ἀνὴρ
1012 1960 1113 2037 αὐτὸς
1206 1964 1387 2044 Priusquam
1410 1964 1512 2025 dotem
1539 1962 1702 2025 reddideris
1723 1963 1781 2038 vir,
1808 1963 1873 2043 ipse
1899 1963 2039 2026 eonveni-

213 2069 374 2150 ενοίγεται,
406 2066 489 2151 μετὰ
515 2068 549 2131 δὲ
576 2066 636 2146 τὴν
664 2068 828 2133 όιπόδοοιν
855 2072 874 2134 ό
902 2057 969 2155 {up—p
997 2071 1111 2147 αὐτῆς·
1140 2080 1190 2132 tur
1220 2080 1250 2133 et
1280 2079 1350 2151 post
1379 2070 1598 2133 restitutionem
1636 2070 1699 2131 eius
1736 2078 1834 2151 peter:
1872 2079 2037 2132 conventus

213 2173 369 2253 ἐυαχθείς
401 2175 435 2238 δὲ
467 2177 485 2239 δ
518 2173 602 2260 ἀνὴρ
630 2172 724 2258 παρολ
751 2185 915 2241 τοσοῦτον
941 2178 1111 2241 ιἰποκαθί·
1140 2187 1242 2240 eutem
1265 2177 1312 2240 vir
1334 2197 1370 2239 eo
1392 2177 1491 2239 minus
1513 2176 1613 2238 reddit
1633 2176 1721 2258 putri.
1854 2176 1890 2238 fr.
1906 2178 1957 2238 29.
1974 2181 1991 2253 ἕ
2010 2178 2037 2239 1.

214 2304 312 2360 οτησι
334 2285 382 2364 τῷ
405 2281 515 2364 ἀνδρίε
532 2318 574 2328 -
927 2285 963 2347 fr.
981 2288 1031 2347 29.
1049 2290 1065 2361 ξ
1085 2288 1111 2346 1.

130 2417 176 2481 ιζ’.
279 2408 319 2469 El
343 2406 377 2469 δὲ
401 2408 419 2470 δ
441 2391 509 2490 uri-p
533 2405 708 2493 δαπαυῇοη
731 2405 750 2483 η
773 2406 930 2485 ὲναχθείς
953 2412 1111 2495 παρασχῇ
1207 2408 1239 2469 Si
1267 2408 1446 2491 impenderit
1470 2418 1559 2490 pater
1585 2416 1639 2470 sut
1665 2416 1831 2471 conventus
1858 2407 1961 2488 eiqui
1982 2407 2038 2468 im·

212 2517 260 2594 τῷ
284 2512 523 2595 δαπανήσαντι,
546 2514 772 2599 ἀναλαμβάνει
795 2512 889 2597 παρὰ
911 2524 972 2578 τοῦ
989 2512 1112 2601 ἀνδρὸς
1139 2517 1276 2598 penderit
1306 2515 1500 2597 praestiterit,
1530 2515 1637 2597 recipit
1668 2536 1687 2578 a
1713 2516 1778 2579 viro
1809 2535 1863 2596 per
1889 2513 2037 2576 sotionem

214 2617 270 2684 διὰ
292 2631 350 2695 τῆς
373 2617 424 2683 ἐπί
447 2624 488 2706 τῇ
511 2618 623 2705 προικλ
646 2622 789 2726 αγωγῆςε
806 2658 848 2669 -
956 2622 992 2683 fr.
1009 2625 1050 2685 30
1066 2645 1111 2704 pr.
1139 2624 1177 2684 de
1199 2624 1278 2684 dote.
1881 2620 1917 2682 fr.
1934 2622 1976 2681 30
1991 2641 2037 2700 pr.

127 2756 176 2824 κη’.
284 2745 350 2821 Τῆς
372 2743 588 2827 αὐτεξουοίας
606 2746 639 2808 οἱ
656 2744 855 2831 κληρονόμοι
879 2747 1111 2827 συνεισάγουοι
1205 2746 1244 2808 In
1265 2745 1383 2829 [funus]
1404 2746 1537 2809 mulieris
1560 2748 1607 2809 sui
1629 2748 1701 2809 iuris
1723 2747 1880 2809 conferunt
1898 2754 1929 2807 et
1950 2753 2038 2826 pater

211 2850 268 2914 καλ
291 2836 395 2935 όπ-ηρ
418 2849 476 2914 καί
499 2853 518 2915 ό
542 2850 626 2935 ἀνὴρ
650 2848 733 2934 πρὸς
756 2849 836 2937 ὅπερ
859 2854 951 2936 ὁμὲν
966 2855 1110 2936 αυαλαμ·
1139 2864 1170 2917 et
1190 2854 1326 2929 maritus,
1350 2853 1529 2937 [seeundum
1552 2853 1597 2939 id]
1621 2854 1702 2935 quod
1724 2852 1801 2916 ulter
1820 2853 1935 2934 recipit,
1958 2851 2038 2914 ulter

211 2956 315 3043 βιίνει,
339 2957 408 3021 uui
422 2958 585 3041 mocinius
600 2970 658 3036 τῆς
673 2961 823 3043 προικόςε
841 2995 880 3007 -
928 2961 964 3022 fr.
981 2964 1031 3023 30.
1048 2968 1064 3038 ξ
1084 2966 1110 3022 1.
1139 2962 1274 3024 lucratur
1296 2982 1334 3023 ex
1352 2961 1431 3023 dote.
1853 2959 1889 3021 fr,
1906 2962 1956 3022 30.
1973 2965 1989 3035 9
2009 2962 2036 3022 1.

128 3093 175 3166 ιβ’.
275 3080 309 3147 Ὁ
331 3081 496 3166 προδότης
519 3092 577 3159 τῆς
599 3083 685 3158 ίδίοις
708 3083 868 3166 πατρίδος
884 3085 924 3148 οὐ
938 3087 1110 3149 πενθεῖται
1205 3086 1345 3149 Proditor
1374 3086 1490 3167 patriae
1522 3105 1594 3148 sune
1625 3106 1687 3148 non
1713 3084 1832 3165 lugetur
1860 3085 1912 3146 sed
1944 3084 2037 3146 etium

212 3186 298 3253 ἀλλὰ
319 3187 377 3252 καί
400 3190 541 3274 νἰψόγως
564 3199 641 3264 παῖς
663 3194 793 3275 πατέρα
810 3199 965 3255 τοιοῦτον
983 3193 1116 3276 ἀναιρεῖ
1138 3194 1261 3273 impune
1287 3192 1367 3255 filius
1393 3202 1510 3274 petrem
1541 3191 1688 3255 eiusmodi
1715 3192 1826 3255 oceidit
1852 3228 1894 3239 -
1923 3228 1965 3238 —
1993 3226 2036 3239 -

211 3293 275 3359 suiv
303 3306 401 3378 σῶμα
428 3317 473 3380 πρ
499 3332 541 3345 -
569 3305 631 3360 τοῦ
661 3302 756 3384 ταφῇ
784 3297 1037 3375 διιπανηθῆυαιε
1053 3298 1110 3347 —¹
1140 3335 1446 3349 -----
1931 3298 1967 3360 fr.
1984 3301 2035 3362 35.

1008 3407 1043 3470 fr.
1060 3412 1110 3469 35.

275 3509 321 3573 ‘H
338 3508 471 3586 δαπάνη
493 3518 551 3586 τῆς
574 3520 686 3598 ταφῆς
713 3510 935 3595 ὑπεξαιρεῖται
958 3524 1016 3590 τῆς
1038 3515 1110 3591 κλη-
1203 3516 1331 3578 Funeiis
1357 3516 1511 3596 impensae
1538 3514 1577 3576 sb
1603 3513 1767 3577 hereditate
1793 3514 1984 3576 deducuntur
2005 3522 2037 3578 et

211 3618 369 3701 ρονομίας
391 3614 449 3680 καί
471 3614 597 3690 παντὸς
612 3626 815 3701 προτιμᾶται
828 3623 948 3704 χρέους
962 3631 1021 3698 τῆς
1035 3621 1110 3699 κλη-
1138 3624 1219 3686 omui
1244 3631 1471 3704 praeponuntm
1497 3621 1613 3697 debito,
1640 3641 1709 3684 oum
1735 3620 1886 3685 hereditas
1913 3641 1975 3683 nou
1997 3622 2037 3683 sit

211 3724 370 3807 ρονομίας
393 3724 493 3800 οὔσης
516 3723 661 3809 ἀπόρους
677 3761 719 3773 ·—
1008 3729 1042 3791 fr.
1058 3732 1110 3792 45.
1138 3730 1292 3794 solvendo.
1931 3728 1968 3792 fr.
1983 3729 2035 3793 45.

461 3969 580 4024 ΤΙΤΛΟ(
600 3970 638 4038 B',
658 3971 790 4026 ΒΙΒΛΙΟΥ
808 3974 858 4028 λῖθ’
1369 3974 1535 4032 TITULUS
1552 3976 1595 4044 Π,
1613 3975 1719 4033 LIBRI
1736 3976 1804 4031 LIX

267 4100 329 4169 περὶ
347 4098 395 4149 τοῦ
414 4094 460 4148 τὸν
477 4094 571 4168 νεκρὸν
589 4095 708 4170 ιίσάηειν
725 4100 769 4150 καί
788 4099 876 4168 τάφον
894 4099 1051 4172 οἰκοδομεῖν.
1230 4102 1265 4157 de
1283 4105 1387 4155 mortus
1405 4100 1549 4156 inferendo
1567 4105 1596 4156 ut
1612 4101 1739 4172 sepulcro
1757 4101 1937 4157 aedificando.

273 4238 306 4305 ‘0
339 4239 485 4302 θάπτων
516 4241 633 4320 ίγιιυον
664 4239 742 4323 πρὶν
773 4240 793 4319 ῆ
825 4240 865 4307 τό
895 4243 1022 4330 βρέφος
1054 4244 1110 4309 διὰ
1202 4247 1265 4326 Qui
1296 4245 1403 4327 sepelit
1432 4255 1628 4328 praegnatem
1659 4255 1821 4331 antequam
1852 4257 1959 4329 partus
1985 4270 2035 4310 ex·

209 4358 311 4427 τομῆς
326 4344 477 4430 ἐκβληθῇ
493 4344 644 4432 φονεύειν
660 4346 760 4411 δοκεῖς
777 4347 839 4396 —²
878 4350 913 4414 fr.
925 4356 953 4413 2.
968 4353 1008 4414 D.
1021 4356 1070 4429 11,
1080 4359 1109 4417 8.
1137 4354 1255 4417 uidetur
1277 4372 1384 4416 necare
1406 4353 1532 4416 videtur.
1784 4354 1819 4417 fr.
1836 4356 1865 4417 2.
1880 4355 1920 4416 D.
1939 4359 1988 4431 11,
2005 4359 2034 4419 8.

140 4479 172 4535 δ’.
274 4470 341 4534 Ἐπί
364 4468 424 4533 τὸν
446 4470 560 4554 τοίφον
583 4470 622 4533 οὐ
643 4470 866 4557 συμβάλλεται
885 4477 1009 4558 χρονία
1026 4476 1109 4559 νομὴ
1202 4478 1241 4540 In
1263 4478 1399 4559 sepulcro
1421 4499 1482 4540 non
1504 4477 1619 4541 confert
1645 4479 1737 4561 longe
1762 4481 1909 4560 possessio
1932 4482 1959 4543 ei
1981 4483 2034 4563 qni

209 4582 257 4660 τῷ
279 4575 323 4658 μὴ
346 4581 455 4654 ἔχοντι
479 4576 622 4641 δίκαιονε
639 4575 702 4626 -3
1027 4584 1063 4645 fr.
1079 4589 1108 4647 4.
1136 4586 1183 4651 ius
1205 4606 1267 4648 non
1288 4584 1437 4647 habuerit.
1951 4588 1987 4649 fr.
2003 4592 2033 4650 4.

144 4713 173 4768 ι’.
274 4698 349 4764 Ἐίιν
366 4706 400 4763 ἐν
415 4700 526 4764 όιτελεῐ
536 4702 677 4784 μνημείῳ
693 4703 837 4791 λείφανα
852 4706 948 4794 τεθῇ,
969 4707 1108 4773 δύναται
1202 4709 1236 4773 si
1257 4711 1289 4771 in
1310 4708 1483 4790 imperfecto
1501 4718 1694 4772 monumento
1708 4709 1854 4792 reliquiae
1873 4710 2032 4797 [hominis]

210 4807 440 4889 πληροῦσθαι·
469 4810 501 4869 οἱ
529 4807 562 4870 δὲ
590 4805 673 4893 πρὸς
699 4810 813 4898 ταφὴν
839 4814 937 4877 τόποι
968 4815 1108 4880 κελεύσει
1137 4818 1198 4879 sint
1224 4817 1374 4890 conditae,
1401 4826 1501 4896 potest
1525 4816 1639 4898 perfici3
1672 4816 1740 4880 loce
1765 4839 1837 4881 vero
1864 4819 1904 4880 sd
1936 4819 2034 4902 sepul·

209 4925 277 4978 τόῖν
299 4915 410 5000 ἱερέων
433 4917 664 4979 ἀναυεοῦνταιε
681 4953 724 4965 -
898 4920 932 4982 ίτ.
950 4925 968 4983 5
984 4943 1028 5003 pr.
1046 4929 1062 5000 5
1082 4927 1108 4987 1.
1137 4934 1237 4986 turum
1258 4923 1439 5006 pertinentia
1460 4924 1544 4986 iussu
1565 4923 1743 5006 pontificum
1764 4925 1944 4989 reficiuntm.

1821 5032 2033 5115 fi5m5L
2130 5096 2132 5101 ,

21 5194 113 5267 1ss.
131 5156 191 5248 'iio
571 5197 692 5254 τιτλο(
712 5200 750 5270 τ’,
1463 5168 1705 5277 insinuem,
2051 5218 2106 5273 ιε.
2128 5216 2191 5272 σοι.

74 5281 153 5355 tpss'.
368 5325 430 5394 περί
446 5325 534 5391 ταφῆς
550 5326 595 5376 καὶ
613 5321 810 5395 δαπανημάτων
826 5326 945 5397 κηδειῶν.
1312 5330 1347 5386 de
1365 5331 1508 5402 sepulture
1525 5337 1555 5387 et
1571 5330 1698 5387 funerum
1716 5332 1856 5403 impensis.
2087 5292 2105 5342 ι’
2118 5293 2161 5343 42⁵

139 5462 173 5535 η’·
274 5466 348 5530 ’Ede
373 5488 451 5532 τινα
477 5466 652 5553 δαπανήσῇ
680 5469 698 5531 ό
726 5469 929 5553 ληγατοίριος
952 5472 1023 5558 περί
1049 5472 1110 5551 τὴν
1203 5475 1235 5537 Si
1259 5476 1409 5556 quaedem
1432 5476 1611 5559 impenderit
1632 5477 1795 5557 legutmius
1822 5477 1854 5537 in
1878 5478 2032 5540 testatoris

210 5570 324 5660 ταφὴν
353 5582 415 5637 τοῦ
445 5572 647 5655 διαθεμένου
683 5574 740 5638 καί
778 5575 817 5641 τό
857 5578 1109 5665 δυπιίυημυ[τῆς
1136 5583 1227 5645 funus
1250 5591 1282 5644 et
1303 5583 1472 5667 impensum
1490 5583 1604 5646 funeris
1623 5585 1701 5666 petit
1714 5592 1745 5646 et
1760 5583 1886 5646 debetur
1900 5584 2032 5664 legatum

211 5679 335 5766 ταφῆς]
360 5681 496 5745 ἀπαιτεῖ
513 5678 571 5744 καί
587 5678 627 5745 τὸ
643 5681 790 5763 ληγοίτον
805 5684 1031 5771 [όφεί]λ[εται]
1049 5697 1109 5751 τοῦ
1136 5689 1277 5754 deuincti.
1797 5712 1822 5755 ο.
1839 5694 1867 5753 3.
1884 5691 1918 5753 (λ
1935 5695 1964 5767 3,
1979 5692 2031 5753 44.

210 5785 475 5863 τελευτῇσαντοςτ
494 5823 533 5835 -
873 5813 897 5855 ο.
915 5798 944 5858 3.
960 5795 994 5857 C.
1011 5800 1041 5872 3,
1057 5798 1108 5858 44.

281 5982 292 6017 ¹
310 5981 388 6038 loeus
406 5987 558 6054 comptus.
637 5981 751 6041 'hebet
769 5984 835 6060 Syn.
908 5987 920 6021 ⁸
937 5987 1024 6045 habet
1041 5988 1107 6061 Syn.
