4842 7018
874 449 1028 516 LIBER
1049 444 1139 511 ΙιΠΙ.
1184 447 1274 512 TIT.
1296 447 1340 513 ΙΙ.
1362 446 1424 513 ΠΙ.
2002 451 2062 513 101

297 628 426 692 Πλοῖόν
443 632 512 692 ἐστι
536 626 593 692 καὶ
616 626 656 692 τὸ
679 628 878 693 θαλάσσιον
899 628 1013 694 καὶτὸ
1033 630 1134 695 ποτά·
1228 629 1327 692 Navia
1350 638 1397 692 eat
1419 638 1451 690 et
1472 649 1551 710 quae
1572 630 1605 691 in
1627 630 1704 690 mari
1727 636 1758 691 et
1781 649 1860 709 quae
1886 631 1917 690 in
1940 629 2065 691 flumine

229 756 306 816 μιον
320 734 378 798 κα)
394 732 478 799 τὸέν
493 734 705 820 ὑδροστασίῳ
720 736 818 800 πλέον
831 736 889 801 κα)
903 740 923 814 η
934 738 1065 817 σχεδίαι
1078 735 1133 785 —1
1161 743 1193 798 et
1214 756 1294 816 quae
1315 736 1347 798 in
1369 736 1439 799 laon
1454 737 1580 817 navigat
1594 743 1626 797 et
1638 735 1722 797 ratio.
1764 735 1800 797 fr.
1814 739 1841 797 1.
1852 741 1869 811 ξ
1882 738 1911 798 6.
1920 737 1961 798 D.
1973 739 2023 812 14,
2037 740 2063 798 1.

805 844 840 906 ε.
858 847 886 905 1.
902 851 919 922 ε
937 849 965 907 o.
981 847 1021 908 n.
1039 847 1088 920 14,
1107 848 1133 906 1.

166 948 192 1004 ι’·
292 945 326 1012 ‘O
352 949 504 1034 κάραβος
531 947 588 1013 καί
616 951 635 1012 ὁ
663 951 815 1032 ἀρτίμων
846 951 908 1014 οὔκ
938 955 1009 1015 ἐστι
1036 955 1134 1033 μέρος
1227 949 1380 1012 Navionla
1410 959 1442 1013 et
1472 958 1609 1012 artemon
1640 969 1700 1012 non
1732 957 1805 1012 aunt
1834 958 1937 1031 partes
1964 950 2063 1023 navim

229 1062 290 1118 τοῦ
317 1056 443 1136 πλοίου,
476 1057 509 1119 oi
535 1055 569 1120 δὲ
596 1056 729 1134 αὐχένες
755 1055 813 1120 καὶ
845 1059 864 1120 ὸ
892 1056 986 1132 ίστός
1013 1057 1070 1122 καί
1097 1061 1134 1122 αι’
1160 1056 1368 1135 gubernacula
1389 1067 1491 1118 autem
1514 1066 1545 1118 et
1569 1055 1684 1118 malum
1705 1064 1737 1118 et
1760 1075 1889 1118 ancorae
1908 1064 1939 1118 et
1960 1056 2063 1118 velum

228 1162 372 1243 ἀγκύραι
395 1160 451 1226 καί
475 1159 515 1226 τὸ
536 1165 679 1245 ἄρμενον
703 1162 823 1227 ὡσανεί
842 1165 920 1245 μίλη
941 1173 1002 1229 τοῦ
1017 1164 1133 1228 πλοίου
1161 1162 1382 1243 quodammodo
1400 1162 1534 1226 membra
1556 1163 1644 1225 navio
1666 1172 1745 1226 eunt
1786 1162 1823 1225 fr.
1839 1164 1892 1224 44.
1908 1163 1949 1224 Ι).
1967 1166 2017 1238 21,
2035 1167 2063 1225 2.

230 1269 325 1332 εέσίνε
343 1306 384 1315 -
858 1271 894 1334 fr.
910 1276 962 1335 44.
977 1273 1018 1333 Ι).
1035 1275 1086 1348 21,
1103 1276 1131 1334 2.

147 1377 192 1427 ια’·
294 1372 369 1439 Ἐάν
392 1377 554 1457 ἀγοράσω
573 1377 690 1441 πλοῖον
704 1374 788 1460 μετο)
803 1387 862 1454 τῆς
884 1378 1048 1461 ἐξαρτιάς,
1072 1376 1133 1455 τὴν
1226 1377 1261 1439 Si
1283 1397 1383 1440 emero
1409 1379 1513 1440 navim
1539 1398 1609 1440 oum
1636 1386 1831 1452 armamento,
1857 1397 1920 1441 non
1948 1377 2063 1458 aooipio

229 1483 365 1569 σκάφην
403 1483 443 1546 οὐ
480 1484 654 1570 λαμβάνω,
694 1485 770 1548 οίιτε
801 1485 867 1567 γάρ
905 1489 997 1548 ἐστιν
1028 1485 1133 1549 αὐτοῦ
1160 1484 1318 1565 eeapham,
1345 1485 1508 1547 nonenim
1526 1492 1573 1547 eet
1595 1484 1633 1546 de
1656 1485 1721 1546 eiua
1745 1491 1943 1546 armamento.
1980 1492 2062 1545 utra·

227 1589 375 1673 ὲξαρτία.
421 1592 579 1673 ἑκάτερον
605 1588 671 1675 γάρ
701 1599 763 1655 τοῦ
789 1592 896 1655 αὐτοῦ
916 1595 1030 1669 γένους
1052 1590 1131 1670 ἐστὶ,
1159 1611 1218 1671 que
1240 1592 1321 1653 enim
1343 1591 1477 1654 eiusdem
1499 1591 1617 1671 generis
1639 1601 1698 1667 eet,
1726 1589 1938 1671 magnitudine
1959 1598 2062 1652 autem

227 1699 274 1777 τῷ
290 1696 324 1759 δὲ
343 1698 476 1779 μεγέθει
493 1696 763 1762 διαλλάττουσιν·
782 1698 886 1761 ἀλλον
902 1697 936 1761 δέ
952 1698 1002 1761 δεῖ
1019 1701 1132 1778 γένους
1159 1697 1315 1772 differunt3
1338 1697 1450 1761 diversi
1472 1706 1573 1762 autem
1596 1706 1716 1779 oportet
1736 1698 1854 1779 generis
1876 1716 1943 1759 eoae
1965 1717 2062 1758 arma·

226 1799 309 1866 εἶναι
325 1801 385 1880 τὴν
400 1804 559 1887 ἐξαρτίαν
573 1804 630 1869 καί
646 1804 750 1868 ἄλλον
765 1804 805 1868 τὸ
822 1806 1053 1889 πρωτότυπονε
1070 1802 1132 1852 —2
1159 1813 1295 1867 mentum
1316 1815 1348 1867 et
1369 1825 1434 1868 rem
1456 1805 1662 1886 principalem.
1789 1804 1824 1865 ir.
1841 1806 1891 1866 29.
1907 1803 1947 1864 Ι).
1964 1808 2015 1877 33,
2033 1807 2061 1865 7.

869 1913 904 1974 fr.
922 1915 973 1975 29.
988 1913 1028 1974 Ι).
1039 1916 1090 1986 33,
1103 1917 1130 1975 7.

146 2016 189 2091 ιβ.
288 2016 330 2080 Et
339 2015 407 2082 ἀπὸ
422 2027 491 2081 σῶν
505 2017 651 2081 σανίδων
660 2019 776 2083 πλοῖον
790 2019 939 2099 ἐποιήσα,
955 2020 1017 2082 σόν
1026 2022 1130 2081 ἐστιν·
1225 2017 1259 2081 Si
1281 2040 1320 2082 ex
1346 2019 1407 2081 tuis
1430 2018 1544 2082 tabulis
1566 2019 1671 2082 navim
1693 2019 1805 2093 fecero,
1832 2028 1888 2080 tna
1909 2025 1967 2080 eet:
2000 2037 2061 2080 non

226 2124 266 2187 οὐ
288 2121 361 2207 γάρ
377 2124 579 2210 ὑποστρέφει
603 2128 648 2198 εἰς
670 2123 731 2201 τὴν
753 2127 903 2208 ἀρχαίαν
924 2122 1016 2202 ὕληνε
1034 2163 1075 2172 -
1158 2126 1238 2186 enim
1261 2125 1340 2188 redit
1361 2126 1401 2187 ad
1423 2134 1555 2189 veterem
1577 2126 1746 2189 materiam.
1786 2125 1822 2187 fr.
1839 2128 1890 2187 26.
1905 2125 1946 2187 Ι).
1962 2126 2014 2198 41,
2033 2126 2060 2185 1.

805 2232 1129 2314 emmane

144 2341 188 2414 ιη’.
290 2333 373 2418 Ὲάν,
396 2337 439 2419 μὴ
457 2337 713 2422 καταβαλόντος
731 2347 793 2403 τοῦ
804 2341 978 2423 χρεώστου
993 2338 1130 2415 υαυκλη-
1224 2339 1258 2402 Si
1280 2360 1342 2403 non
1364 2340 1499 2403 solvente
1520 2340 1656 2403 debitore
1678 2340 1850 2413 exeroitore,
1878 2359 1935 2420 ego
1956 2339 2060 2401 navim

226 2466 287 2527 ρου
310 2442 350 2509 τὸ
366 2445 481 2508 πλοῖον
497 2442 591 2529 παρά
605 2448 737 2527 γνώμην
755 2447 861 2510 αὐτοῦ
879 2446 984 2526 οέκείμ
1006 2446 1129 2509 αὐθευ-
1156 2446 1281 2527 propria
1311 2448 1492 2511 auctoritate
1518 2457 1624 2511 eontra
1650 2446 1838 2510 voluntatem
1864 2446 1960 2527 ipaiue
1991 2444 2060 2507 reti-

224 2553 282 2632 τιά
304 2553 467 2630 κατάσχω
490 2556 549 2626 ἕως
565 2545 605 2616 οὗ
620 2555 639 2616 ὸ
655 2551 804 2637 ποταμὸς
820 2553 925 2639 ἐπάρῃ
941 2549 1035 2634 αὐτὸ,
1059 2551 1128 2635 ἐμοὶ
1157 2573 1245 2615 neam
1254 2553 1350 2617 donee
1364 2553 1477 2617 flumen
1486 2575 1553 2618 eam
1566 2554 1684 2636 perdat,
1699 2552 1949 2635 mihiperioulum
1967 2550 2058 2636 [eiua]

224 2658 495 2739 ἐγκινδυνευίται·
523 2662 550 2722 εί
574 2658 608 2722 δὲ
632 2657 734 2734 αὐτὸς
753 2661 981 2743 συνεχώρησεν
1008 2670 1129 2743 κρατη-
1156 2660 1312 2723 incumbit
1357 2661 1478 2725 aivero
1505 2662 1571 2744 ipae
1592 2661 1772 2725 oonoemerit
1798 2660 1934 2734 retinere,
1961 2658 2059 2741 negle-

224 2787 292 2847 σαι,
314 2765 492 2848 ῥαθυμίαν
512 2767 616 2843 μόνην
634 2777 808 2849 χρεωστώ,
837 2766 877 2830 οὐ
903 2764 967 2849 μὴν
989 2766 1046 2831 καὶ
1069 2764 1129 2845 τὴν
1155 2767 1290 2846 gentiam
1312 2768 1410 2831 nolum
1432 2767 1603 2851 praestabo,
1626 2788 1688 2829 non
1711 2767 1805 2830 etiam
1820 2767 1882 2829 vim
1904 2766 2058 2829 maiorem.
2174 2852 2179 2859 .

223 2871 367 2954 μεγάλην
388 2870 482 2956 βίαυε
498 2909 540 2919 -
865 2873 900 2936 ir.
911 2876 962 2936 30.
977 2874 1017 2937 Ι).
1037 2877 1087 2949 13,
1099 2877 1127 2937 7.
1784 2874 1820 2938 fr.
1837 2875 1889 2938 30.
1904 2874 1944 2935 D.
1962 2876 2012 2949 13,
2030 2877 2058 2935 7.

462 3102 593 3173 ΠΙΤΛΟ(
612 3104 646 3169 Γ’,
667 3103 799 3158 ΒΙΒΛΙΟΥ
818 3103 883 3173 ΝΓΊ
1365 3102 1542 3173 srl'l‘ULUS
1560 3103 1614 3174 III,
1632 3103 1738 3160 LIBRI
1756 3103 1838 3174 Lm]
2076 3102 2092 3158 λ
2108 3108 2149 3159 14.
2170 3103 2234 3173 Dio

152 3204 203 3257 θ’·
222 3230 285 3299 περ)
302 3230 433 3301 ναυαγίου
451 3231 496 3280 καί
514 3227 637 3301 ἁρπαγῆς
655 3231 700 3281 καὶ
717 3225 853 3299 ἀποβολῆς
870 3232 915 3281 καὶ
934 3231 1125 3301 συνεισφοριῑς.
1216 3227 1251 3283 de
1268 3226 1415 3300 naufragio
1433 3234 1463 3284 et
1479 3230 1579 3301 rapina
1597 3234 1626 3284 et
1644 3230 1720 3284 iaetu
1737 3235 1767 3284 et
1784 3227 1998 3285 contributione.
2128 3179 2145 3228 ι’
2162 3181 2185 3229 ι’

151 3364 186 3418 α’.
287 3350 361 3417 Ἐἀυ
384 3350 441 3417 διά
465 3351 504 3417 τδ
526 3354 761 3441 κουφισθηναι
784 3350 824 3417 τὸ
848 3355 964 3418 πλοῖον
981 3353 1125 3438 ἀποβλη-
1219 3354 1253 3417 si
1267 3356 1308 3418 ad
1322 3355 1485 3420 levandam
1499 3356 1602 3419 navim
1617 3356 1766 3419 eioiantur
1780 3376 1901 3431 meroes,
1916 3355 2056 3419 omnibus

222 3460 316 3522 θώσι
335 3461 472 3547 φορτία,
496 3461 631 3525 πάντων
649 3463 927 3542 συνεισαγόντων,
950 3463 1125 3544 ἀποθερα·
1152 3462 1421 3539 oontribuentibua,
1451 3463 1482 3526 id
1512 3464 1593 3546 quod
1623 3464 1736 3527 iaetum
1761 3473 1807 3526 eat
1830 3472 2055 3545 oompenaatur:

222 3566 352 3631 παίεται
371 3565 410 3631 τὸ
427 3564 587 3654 ρἰφθέυ.8
611 3568 659 3653 [fr.
678 3570 706 3632 1.
721 3570 762 3632 Ι).
782 3572 831 3645 14,
848 3568 890 3653 2.]
924 3570 957 3632 ol
971 3566 1037 3652 γάρ
1054 3568 1125 3633 δεσ-
1151 3569 1198 3649 [ir.
1211 3573 1239 3632 1.
1255 3570 1294 3631 D.
1313 3573 1364 3645 14,
1375 3571 1414 3651 2.]
1432 3591 1501 3632 nam
1517 3570 1633 3633 domini
1647 3591 1747 3633 rerum
1762 3571 1920 3645 iaetarum,
1935 3571 1961 3633 ai
1976 3568 2056 3632 loea-

222 3674 321 3736 πόται
338 3683 406 3736 τῶν
424 3674 702 3759 ἀποβληθέντων·
725 3672 783 3740 ἐάν
802 3674 1066 3761 [ἐμίσ]θω[σα]ν
1080 3673 1125 3740 το)
1151 3685 1261 3739 verunt
1281 3697 1395 3741 meroee
1417 3685 1453 3739 ut
1474 3676 1662 3752 veherentur,
1688 3676 1804 3740 habent
1824 3677 1971 3740 adversm
1993 3696 2055 3738 ma·

221 3781 350 3866 φορτία
386 3785 430 3855 είς
466 3778 506 3844 τὸ
538 3782 765 3863 διενεχθῆναι,
797 3785 910 3860 ἔχουσι
942 3780 1033 3847 κατὰ
1063 3791 1125 3847 τοῦ
1151 3784 1278 3862 gistrum
1309 3804 1347 3845 ex
1378 3783 1478 3847 looato
1509 3786 1660 3847 notionem
1686 3785 1808 3866 etipse
1839 3784 1989 3848 aetionem
2016 3803 2055 3846 ex

221 3896 376 3950 πιστικοῦ
397 3886 457 3965 τὴν
480 3886 530 3953 ἐπὶ
554 3892 595 3975 τῇ
614 3890 783 3970 μισθώσει
798 3887 934 3971 ἀγωγὴν
948 3887 1006 3953 καί
1022 3887 1124 3965 αὐτὸς
1150 3890 1309 3965 oondueto,
1331 3900 1367 3952 ut
1380 3892 1510 3954 retineat
1523 3911 1636 3955 meroes
1659 3900 1835 3966 ceterorum,
1857 3890 1956 3953 donee
1969 3910 2055 3972 prae

220 3992 281 4070 τὴν
307 3991 358 4057 ἐπὶ
380 3998 422 4081 τῇ
449 3995 594 4081 ἐκλείψει,
624 3994 680 4060 ἵνα
702 3996 949 4083 παρακρατηση
972 3994 1017 4061 το)
1038 4020 1123 4085 φορ·
1150 3997 1395 4060 etiterintdamni
1409 3999 1588 4080 portionem.
1614 3998 1695 4081 quod
1711 3997 1859 4061 eimeroee
1873 3998 2054 4061 nonretinu·

220 4101 277 4164 τία
304 4111 372 4164 τών
399 4102 523 4166 λοιπῶν
554 4107 614 4176 ἐως
642 4096 682 4166 οὗ
710 4114 911 4187 παράσχωσι
939 4108 1037 4189 μέρος
1066 4115 1124 4182 τῆς
1150 4104 1217 4181 erit,
1240 4104 1334 4167 habet
1350 4125 1390 4167 ex
1403 4104 1503 4169 locato
1518 4106 1667 4169 notionem
1686 4113 1793 4168 eontra
1806 4114 1954 4178 vectorem
1977 4104 2054 4167 forte

220 4208 344 4289 ζημίας.
390 4214 416 4272 εί
440 4209 474 4272 δὲ
496 4208 555 4273 καλ
578 4208 623 4274 τὰ
645 4211 774 4297 φορτία
795 4210 838 4292 μὴ
862 4211 1031 4295 κρατήσει,
1058 4214 1122 4289 ἐχει
1150 4210 1230 4273 enim
1252 4232 1314 4275 non
1336 4212 1452 4276 habent
1473 4233 1594 4276 menneo.
1632 4212 1745 4276 sivero
1763 4232 1824 4274 non
1838 4211 1942 4274 navim
1956 4219 2053 4273 totam

220 4312 280 4391 τὴν
311 4314 362 4379 ἐπὶ
394 4319 435 4402 τῇ
467 4317 635 4398 μισθώσει
670 4317 804 4399 ἀγωγὴν
836 4315 927 4383 κατά
961 4328 1028 4381 τῶν
1058 4323 1123 4382 ἐπι·
1150 4316 1271 4393 looavit,
1299 4318 1352 4381 aed
1380 4319 1507 4402 singulis
1533 4319 1704 4383 veotoribna
1730 4319 1840 4394 looum,
1867 4318 1938 4381 lieet
1964 4318 2053 4381 eiex

219 4419 347 4504 βατῶν·
364 4425 444 4496 ίσως
458 4421 525 4505 γάρ
541 4424 603 4487 οὐκ
617 4428 730 4502 ἔχουσι
746 4422 790 4488 τά
805 4425 943 4511 φορτία.
982 4422 1064 4501 σίδη
1079 4423 1122 4506 μὴ
1149 4424 1298 4488 oonduoto
1325 4426 1473 4490 aetionem
1500 4435 1607 4489 eontra
1632 4447 1683 4490 eoa
1712 4445 1863 4490 exeroere:
1891 4424 1940 4509 [ir.
1957 4428 1976 4487 2
1992 4423 2052 4508 pn]

219 4525 259 4591 τὸ
282 4528 397 4593 πλοῖον
416 4526 494 4593 ὅλου
517 4531 715 4612 ἐμίσθωσεν,
738 4529 825 4595 ἀλλὰ
847 4541 917 4605 τοῖς
939 4530 1025 4595 καθ’
1050 4535 1122 4595 ἐκα·
1149 4551 1308 4594 commune
1321 4518 1452 4596 enim'iit
1465 4534 1610 4596 damnum
1624 4534 1697 4608 eiua,
1712 4533 1794 4614 quod
1810 4532 1850 4595 ob
1864 4551 2053 4595 eommunem

220 4656 302 4699 στου
336 4635 524 4720 ἐπιβάταις,
552 4638 677 4720 ἔξεστιν
712 4639 804 4720 αὐτῷ
836 4637 897 4715 τὴν
928 4636 1001 4721 περ)
1033 4638 1121 4715 ἐκλη·
1149 4638 1277 4702 salutem
1300 4640 1413 4703 iactum
1435 4648 1495 4714 eet3
1517 4650 1641 4723 propter
1661 4639 1874 4703 detrimentum
1889 4641 1976 4702 navio
1999 4658 2053 4702 aen

219 4756 310 4825 ψεως
325 4741 459 4823 ἀγωγὴν
474 4753 574 4807 κινεῖν
591 4743 667 4808 κατ’
686 4746 808 4809 αὐτῶν·
833 4745 883 4830 [fr.
900 4750 918 4807 2
934 4747 992 4827 pn]
1014 4766 1121 4808 κοινο-
1148 4746 1261 4809 iaetum
1287 4748 1466 4810 armamenti
1496 4767 1558 4810 non
1588 4746 1796 4823 contribuunt,
1825 4747 1884 4809 οἱοὶ
1909 4746 1987 4810 forte
2015 4766 2053 4817 ex

219 4858 359 4913 ποιεῖται
387 4847 453 4932 γάρ
482 4852 501 4926 ἡ
529 4852 627 4932 ζημία
654 4862 713 4929 της
740 4849 796 4915 διά
822 4850 883 4929 τὴν
913 4851 1027 4930 κοινὴν
1058 4874 1121 4915 σω·
1148 4852 1305 4916 voluntate
1327 4864 1484 4918 vectorum
1505 4854 1555 4917 vel
1580 4864 1664 4917 metu
1685 4854 1832 4916 damnum
1855 4852 1967 4916 evenit:
1990 4873 2051 4914 non

217 4957 338 5040 τηριάν
360 4956 543 5041 ἀποβολῆς
567 4954 624 5022 διδ
638 4956 699 5035 τὴν
714 4959 896 5022 ἐλάττωσιν
918 4967 980 5023 τοῦ
1006 4958 1123 5022 πλοίου
1148 4959 1229 5022 enim
1248 4961 1274 5022 εἰ
1292 4960 1422 5024 mmm
1438 4963 1478 5024 ait
1496 4961 1729 5024 inatmmentum
1748 4959 1836 5036 fabri,
1858 4961 1884 5022 ie
1903 4960 1956 5041 qni
1974 4959 2052 5022 loea-

218 5061 238 5138 ἣ
261 5061 321 5140 τὴν
343 5062 515 5149 ἀποβολὴν
537 5075 596 5141 της
618 5066 774 5149 ἐξαρτίας
796 5067 836 5129 οὐ
858 5066 1121 5147 συνεισάγουσιν,
1148 5068 1194 5129 vit
1214 5067 1326 5131 damno
1348 5067 1487 5131 afficitur.
1721 5066 1757 5128 fr.
1774 5071 1803 5130 2.
1819 5073 1836 5144 ξ
1855 5071 1882 5130 1.
1898 5068 1938 5130 Ι).
1957 5069 2006 5141 14,
2023 5069 2051 5128 2.
2104 5140 2106 5144 Α

218 5174 244 5232 εί
276 5169 319 5251 μὴ
351 5173 422 5254 άρα
451 5168 543 5236 κατὰ
568 5174 701 5254 γνώμην
727 5183 795 5236 τῶν
824 5173 991 5258 ἐπιβατῶν
1017 5171 1037 5248 ἢ
1065 5169 1122 5236 διδ

218 5275 330 5363 φόβον
361 5280 381 5355 ίη
409 5279 508 5360 ζημία
535 5282 679 5359 γέγονεν·
713 5280 788 5344 οὔτε
814 5277 895 5363 γάρ,
923 5283 950 5342 εί
981 5278 1121 5365 κλασθῇ

217 5383 387 5466 ἐργαλεῖον
418 5394 480 5449 τοι)
507 5387 665 5467 χαλκέως,
698 5389 717 5450 ὁ
744 5388 1005 5469 μισθωσάμενος
1036 5382 1120 5449 αὐτὸ

218 5491 403 5573 ζημιοῦταιτ
420 5530 461 5540 -
790 5496 825 5557 ir.
842 5499 870 5557 2.
887 5501 904 5571 ξ
924 5498 950 5555 1.
966 5495 1005 5556 Ι).
1025 5496 1074 5568 14,
1092 5497 1119 5556 2.

284 5599 409 5663 Πάντα
436 5597 481 5664 τὰ
507 5601 691 5685 πράγματα
722 5599 780 5665 καὶ
810 5597 855 5665 το)
881 5599 924 5683 μὴ
947 5600 1121 5686 βαροῦντα
1214 5599 1329 5664 Omnee
1355 5622 1413 5676 rea,
1436 5600 1555 5664 etiamsi
1577 5600 1681 5663 navim
1703 5620 1764 5663 non
1782 5609 1913 5675 onerent,
1935 5608 1966 5662 et
1983 5599 2050 5681 ipra

217 5703 256 5769 τὸ
281 5707 396 5770 πλοῖον
418 5705 474 5770 κα)
498 5705 582 5772 αὐτὸ
604 5729 640 5789 γε
662 5707 726 5790 μὴν
748 5706 788 5773 τὸ
812 5708 927 5773 πλοῖον
955 5705 1038 5790 πρὸς
1060 5706 1121 5785 τὴν
1147 5708 1269 5788 quidem
1301 5708 1388 5771 navia
1419 5708 1585 5771 eorundum
1617 5708 1769 5790 propriam
1807 5706 2049 5770 aeatimationem

217 5815 418 5896 ἀποτίμησιν
450 5814 561 5878 αὐτῶν
598 5815 787 5880 ὑπόκεινται
826 5819 866 5901 τῇ
899 5818 1120 5902 συνεισφορᾷ·
1147 5815 1306 5879 eubiaoent
1327 5815 1550 5891 contributioni,
1573 5816 1708 5897 exeeptis
1729 5814 1831 5876 liberis
1851 5814 2001 5896 capitibus
2019 5824 2050 5876 et

290 5994 299 6024 ¹
317 5990 352 6046 os.
371 5992 429 6047 Att.
444 5996 486 6046 12.
498 5994 516 6061 ξ
529 5997 553 6047 8.
640 5994 651 6025 ²
668 5992 755 6048 habet
772 5992 839 6064 Syn.
920 5991 933 6023 ⁸
948 5991 1035 6047 habet
1052 5991 1118 6063 Syn.
