4680 7114
452 487 514 551 196
863 478 1207 547 BASILICORUM
1228 475 1537 543 FRAGMENTA
1558 476 1857 544 DEPERDITA.

448 663 591 752 γραφείς
617 667 778 738 όνστατος
803 663 824 741 ή
846 662 1037 736 δπόστατος
1063 658 1104 725 τό
1126 664 1224 748 μόρος
1247 659 1352 723 αὐτοῦ
1370 664 1419 722 tus
1440 658 1544 734 fuerit,
1572 660 1637 723 eius
1658 680 1730 741 pars
1753 659 1892 723 omnibus
1914 660 2046 743 portioni
2073 660 2230 730 heraditum

450 783 533 839 πᾶσι
556 769 639 857 πρὸς
657 767 701 835 τά
715 771 956 855 κληρονομιαῖα
970 769 1159 854 προσαύξει,
1183 773 1209 831 ελ
1227 766 1271 850 μή
1286 788 1349 829 τινι
1378 767 1532 844 adcrescit,
1555 768 1620 865 nisi·
1635 769 1684 830 cui
1698 768 1790 833 fuerit
1811 770 2002 833 coniunctus:
2025 778 2090 832 tum
2105 772 2174 834 euin
2185 796 2231 838 οοο

449 876 490 959 ήν
517 881 730 962 συνημμένος·
757 879 833 942 τότε
862 874 929 965 γάρ
953 879 1002 959 τῷ
1030 879 1219 959 συνημμόνρι
1250 895 1350 962 προσ·
1376 875 1478 937 iuncto
1501 874 1654 939 adcrescit
2011 877 2059 957 (fr.
2075 882 2124 941 59.
2137 884 2180 956 §3
2196 883 2231 967 u)

450 986 550 1070 αίιξει.

515 1092 737 1175 *Paragraphe
750 1090 821 1180 (καλ
831 1090 1040 1179 παραγραφή
1052 1090 1180 1174 ἔξωθεν
1189 1089 1349 1174 ἑρμηνεία
1441 1087 1637 1169 Puragraphe
1662 1090 1848 1154 extrinsecus
1876 1091 1995 1154 adiecta
2025 1091 2082 1155 hoc
2106 1095 2232 1175 capitulum

450 1209 552 1267 τοῦτο
579 1197 619 1264 τδ
642 1200 678 1264 α’
705 1199 890 1287 κεφάλαιον
917 1196 1066 1284 οὑτωσί)
1111 1198 1225 1278 Λόγου
1247 1198 1351 1282 γάριυ
1376 1195 1421 1257 ita
1441 1195 1667 1277 interpretatur:
1703 1196 1801 1260 Verbi
1822 1198 1922 1279 gratia
1943 1199 1970 1260 si
1991 1199 2100 1262 Petrus
2119 1221 2172 1262 una
2188 1224 2232 1264 orn

450 1305 508 1373 aas
530 1311 550 1371 ό
573 1308 705 1393 Πέτρος
731 1304 802 1388 άμα
828 1309 875 1388 τῷ
904 1305 1064 1388 Νικολάῳ
1090 1303 1350 1392 καταλείφθοισι
1377 1302 1504 1365 Nicolao
1529 1301 1655 1366 heredes
1681 1304 1784 1386 scripti
1810 1306 1923 1369 fuerint
1947 1327 1987 1370 ex
2011 1306 2068 1368 illo
2091 1309 2195 1388 prsedio
2210 1357 2232 1371 ..

450 1416 649 1503 κληρονόμοι
665 1419 709 1489 είς
724 1411 763 1478 τδ
778 1424 889 1496 κτήμα
903 1409 943 1477 rd
960 1411 1051 1476 δεῖνα
1068 1460 1076 1476 .
1091 1460 1099 1475 .
1117 1411 1137 1489 ή
1157 1409 1197 1476 τό
1213 1421 1350 1496 πρᾶγμα
1377 1409 1426 1472 vel
1447 1430 1480 1471 re
1502 1411 1566 1473 sive
1586 1431 1625 1473 ex
1646 1412 1834 1475 institutione
1860 1415 1925 1477 sive
1950 1434 1989 1476 ex
2011 1413 2234 1479 subsn'mlioneet

451 1526 514 1587 είτε
545 1517 613 1586 ἀπὸ
645 1521 828 1595 ἐκστάσεως
860 1524 922 1584 εἴτε
954 1516 1021 1584 ἀπὸ
1049 1519 1351 1592 ἀποκαταστάσεως
1378 1517 1525 1579 moriatur
1551 1517 1694 1581 alteruter
1720 1540 1832 1594 eorum,
1859 1520 1946 1583 altori
1968 1522 2021 1602 qui
2044 1542 2111 1584 cum
2135 1543 2166 1584 eo
2189 1545 2234 1586 con·

451 1627 508 1693 καλ
531 1628 725 1705 τελευτήσας
748 1623 791 1702 εἷς
813 1627 848 1710 ἐξ
870 1627 981 1690 αὐτῶν
1004 1630 1051 1708 τῷ
1074 1628 1263 1708 συνημμένῳ
1279 1625 1348 1707 μετ’
1378 1624 1498 1687 iunctus
1521 1634 1568 1687 est
1588 1645 1645 1688 sua
1665 1646 1737 1708 pers
1759 1627 1913 1690 adcrescit
2127 1624 2234 1713 (adil)

453 1735 558 1800 αὐτοῦ
580 1734 696 1799 δίδωσι
719 1732 780 1813 τήν
801 1733 891 1798 ίδίαν
912 1733 1144 1819 κληρονομίαν.

1025 1838 1128 1925 (Dem.
1143 1838 1248 1902 Chom.
1265 1838 1352 1925 233.)

518 1947 534 1980 *
548 1949 688 2025 XXXV,
711 1951 751 2012 12
774 1944 876 2034 (οὕτω
898 1944 964 2031 γάρ
987 1948 1006 2009 ό
1030 1946 1130 2029 νόμος
1152 1950 1186 2009 ὲν
1208 1948 1256 2027 τῷ
1279 1942 1351 2030 περί
1446 1944 1511 2024 (Sic
1525 1947 1606 2008 enim
1627 1945 1680 2009 lex
1694 1947 1771 2009 libro
1786 1947 1825 2010 de
1843 1948 2102 2012 condicionalibus
2115 1950 2235 2013 instituo

453 2059 628 2142 αίρετικῶν
650 2055 836 2119 ἐνστάσεσιν
857 2053 976 2140 βιβλίῳ
1000 2051 1180 2139 διατυποῖ)
1225 2052 1352 2137 Κληρο
1380 2053 1469 2115 nibus
1492 2054 1624 2132 statmo:
1647 2054 1747 2117 Heres
1768 2055 1818 2117 hio
1840 2057 1896 2119 erit
1910 2057 1975 2119 sine
1990 2055 2085 2118 dubio
2102 2059 2235 2119 usmis

453 2166 553 2246 νόμος
576 2166 669 2227 ἔσται
693 2154 791 2236 οὗτος
813 2172 871 2238 τής
893 2161 1042 2243 ἡμισείας
1063 2172 1130 2224 τῶν
1149 2160 1354 2244 πενθερικῶν
1380 2180 1479 2222 rerum
1501 2161 1604 2223 soceri.
2212 2166 2236 2249 ρ)

454 2270 577 2337 τούτου
599 2269 805 2356 πραγμάτων
827 2272 871 2343 εἰς
893 2266 1135 2355 ἀυαμφίβολον.

1028 2373 1249 2460 (Βοοι.01ιοιο.
1267 2374 1353 2461 234.)

520 2485 661 2559 XXXV,
679 2487 729 2558 13,
747 2485 796 2546 14.
831 2483 905 2546 Ἐάν
927 2503 977 2556 τις
999 2482 1117 2568 γράφη
1140 2478 1216 2545 τινά
1237 2481 1352 2564 κληρο·
1446 2480 1480 2543 si
1506 2481 1574 2562 quis
1599 2502 1690 2562 quem
1715 2481 1855 2545 heredem
1886 2485 2044 2566 scripserit
2074 2506 2139 2548 eum
2161 2496 2236 2568 pum

455 2595 557 2676 νόμον
579 2591 719 2673 νομίζειν
742 2587 846 2654 αὐτόν
868 2590 953 2653 ἴδιον
976 2585 1048 2652 υίδν
1066 2584 1157 2669 είναι,
1181 2584 1220 2651 δυ
1235 2588 1296 2652 οίικ
1311 2586 1354 2651 ἀν
1380 2588 1474 2649 filium
1497 2608 1586 2650 suum
1608 2608 1687 2663 esse,
1714 2609 1803 2669 quem
1825 2610 1885 2651 non
1911 2592 2095 2673 scripsisset,
2120 2594 2171 2654 nisi
2187 2594 2237 2653 hane

455 2704 583 2786 όγραεμε
605 2696 820 2781 κληρονόμον,
844 2701 870 2760 εί
893 2694 936 2778 μή
958 2699 999 2782 τῇ
1022 2696 1106 2782 αὐτῇ
1125 2695 1205 2782 δόξη
1223 2697 1354 2779 λκικρά-
1380 2697 1526 2758 tenuisset
1546 2696 1724 2776 opinionem,
1747 2695 1960 2778 subpositicius
1983 2710 2088 2761 autem
2105 2701 2129 2761 is
2145 2700 2237 2761 iuvans

456 2829 553 2886 τητο,
580 2804 703 2890 εὑρεθῇ
730 2802 764 2867 δὲ
797 2795 894 2876 οὗτος
926 2802 1177 2887 ὑποβολιμαῖος,
1210 2804 1352 2866 ἐκπίπτει
1382 2813 1438 2877 tur,
1460 2801 1659 2864 hereditatem
1683 2802 1802 2865 amittit
1948 2800 1987 2890 (c
2002 2808 2035 2868 4.
2053 2806 2123 2869 Ood
2138 2807 2185 2880 Vl,
2198 2806 2236 2887 21)

456 2925 514 2991 τῆς
536 2911 764 2995 κληρονομίας.
791 2907 1003 2996 (Epamaucta
1017 2909 1159 2985 XXXV,
1169 2912 1220 2985 32,
1230 2931 1259 2990 p.
1268 2906 1354 2993 301).

522 3036 669 3113 XXXV,
697 3039 751 3110 16,
781 3039 808 3098 1.
856 3034 930 3098 Ἐάν
960 3056 1060 3096 τινοιν
1095 3037 1130 3097 ὲν
1164 3037 1226 3115 μιᾷ
1257 3036 1355 3119 στέγη
1448 3032 1571 3096 sicum
1594 3032 1695 3115 plures
1717 3033 1774 3096 sub
1796 3056 1857 3098 uno
1886 3045 1965 3099 tecto
1988 3037 2144 3119 degerent,
2166 3037 2237 3117 alqui

457 3147 565 3209 όντων
587 3142 755 3228 ἀναιρεθῇ
782 3163 846 3222 τις,
875 3142 994 3215 πάντες
1016 3139 1224 3220 κολάζονται.
1272 3145 1298 3203 sl
1322 3140 1355 3202 dl
1383 3141 1499 3204 occisus
1520 3141 1568 3215 sit,
1591 3161 1694 3202 omnes
1716 3142 1890 3222 puniuntur.
1927 3142 1960 3206 Si
1983 3153 2105 3206 tantum
2121 3146 2149 3205 in
2168 3145 2238 3206 ειόεο

458 3256 492 3316 ἐν
514 3251 626 3332 ταύτῷ
649 3248 792 3331 κλίματι,
815 3247 877 3312 οὐκ
899 3247 1015 3329 ἀλλοις,
1039 3253 1065 3311 ελ
1087 3246 1131 3329 μή
1154 3245 1297 3333 ᾔδεισαν.
1383 3248 1511 3328 regione,
1534 3268 1593 3310 non
1616 3249 1704 3311 aliter
1726 3249 1785 3312 nisi
1806 3250 1918 3312 conscii
1939 3251 2007 3313 sint

920 3353 1276 3441 (EpanauctuXLIII,
1293 3352 1358 3439 29.)
1454 3382 1456 3387 ·
1644 3394 1649 3403 ·
1831 3352 1882 3442 (fr.
1900 3361 1928 3419 1.
1944 3365 1961 3435 6
1978 3361 2030 3421 26.
2047 3359 2239 3430 umet

524 3482 666 3557 XXXV,
692 3484 746 3555 16,
772 3484 800 3542 1.
845 3477 1099 3565 Ἀναιρεθίντος
1131 3478 1294 3543 δεσπότου
1325 3483 1358 3542 ὲν
1451 3479 1484 3544 Si
1507 3481 1645 3543 dominus
1672 3481 1704 3542 in
1731 3502 1843 3563 magna
1869 3481 1945 3545 villa
1970 3485 2090 3547 occisus
2112 3486 2154 3559 sit,
2176 3483 2239 3543 solun

458 3588 581 3675 μεγάλη
607 3589 700 3674 κάμῃ
726 3588 822 3668 μόνοι
849 3588 882 3649 oi
907 3588 1000 3660 ὄντες
1021 3586 1090 3669 μετ’
1120 3587 1226 3650 αὐτοῦ
1246 3585 1302 3649 καλ
1326 3588 1359 3648 οί
1386 3589 1438 3668 qui
1460 3608 1528 3650 cum
1550 3588 1617 3669 ipso
1638 3588 1769 3664 fuerunt,
1792 3597 1825 3650 et
1845 3591 1897 3670 qui
1919 3592 2093 3672 suspicione
2107 3590 2192 3652 caedis
2207 3602 2239 3648 su

460 3694 511 3761 ἐπὶ
538 3698 654 3783 σφαγῇ
682 3693 915 3775 ὑπονοούμενοι
943 3692 963 3770 ή
990 3697 1032 3780 τῇ
1058 3692 1238 3769 συνειδήσει
1261 3692 1358 3756 κολά·
1386 3695 1569 3757 conscientie
1578 3694 1776 3774 attinguntur,
1790 3697 1966 3777 puniuntur.
1997 3697 2033 3760 Si
2049 3700 2082 3760 in
2096 3696 2239 3760 itineraoco'·

459 3805 582 3884 ζονται.
620 3801 696 3866 etot
718 3806 752 3865 to
774 3800 841 3881 όδῷ
865 3800 1042 3887 ἀναιρεθῇ,
1066 3802 1099 3863 οί
1116 3801 1270 3874 συνόντες
1287 3800 1356 3881 μετ’
1386 3823 1437 3865 sus
1459 3802 1508 3875 sit,
1529 3802 1583 3882 qui
1605 3821 1757 3864 unacum
1780 3822 1816 3864 eo
1837 3802 1961 3866 filerunt
1982 3805 2034 3867 vel
2057 3805 2226 3888 profugerunt

461 3912 566 3975 αὐτοῦ
578 3907 635 3973 καλ
651 3911 684 3973 οἱ
698 3908 936 3996 ἀποφυγόντες.
954 3904 1358 3994 (EpamauctaXLHI,31.)
1765 3905 1814 3995 (fr.
1832 3913 1859 3971 1.
1876 3916 1892 3988 5
1911 3914 1962 3974 30.
1979 3914 2030 3974 31.
2048 3912 2088 3974 Ι).
2102 3911 2240 3987 xmo.)

525 4034 666 4111 XXXV,
688 4036 742 4109 16,
763 4036 814 4096 23.
863 4029 1010 4114 Ἀρμόζει
1043 4031 1072 4094 δ’
1107 4033 1126 4109 ή
1157 4029 1270 4113 ἀγωγή
1301 4029 1358 4094 καλ
1451 4032 1542 4096 Actio
1557 4034 1700 4114 competit
1714 4033 1805 4097 etiam
1820 4036 1853 4096 in
1867 4056 1944 4110 eum,
1959 4037 2011 4117 qui
2028 4036 2239 4116 adversuslegsn

460 4138 550 4207 κατά
572 4150 633 4205 τοῦ
655 4136 873 4224 παρανόμου
895 4139 1091 4222 ἀνοίξαυτος
1113 4136 1174 4216 τήν
1188 4137 1359 4214 διαθήκην
1386 4150 1596 4204 testamentum
1618 4142 1737 4222 apendt
1758 4141 1808 4204 vel
1830 4141 1891 4204 alio
1916 4143 2006 4205 modo
2034 4145 2069 4206 in
2094 4152 2241 4206 senatucon-

462 4249 602 4326 ήάλλοις
618 4248 839 4321 ίιποπεσόντος
850 4250 898 4327 τῷ
907 4245 1049 4328 δόγματι
1062 4251 1106 4320 εὶς
1121 4247 1311 4327 νομίσματα
1320 4245 1358 4327 ρ’.
1387 4244 1544 4333 sultum(l)
1566 4247 1680 4323 incidit,
1702 4250 1733 4311 in
1756 4269 1863 4311 aureos
1884 4248 1917 4312 Ο.
1961 4250 2006 4312 Et
2028 4252 2176 4313 dimidium
2192 4248 2241 4309 aod·

461 4354 519 4420 καλ
542 4352 586 4419 τά
600 4355 658 4436 μὲν
672 4355 772 4434 ἡμίση
788 4356 806 4417 ό
822 4354 1010 4436 κατήγορος
1028 4350 1085 4418 καλ
1102 4351 1265 4436 διελέγξας
1280 4352 1359 4429 λαμ
1386 4357 1440 4438 pit,
1455 4356 1508 4437 qui
1523 4355 1679 4419 accusavit
1692 4365 1723 4418 et
1737 4356 1875 4431 convicit,
1895 4357 2056 4420 dimidium
2071 4368 2165 4420 autem
2176 4356 2241 4417 issu

461 4463 565 4549 βάνει,
588 4458 632 4525 τά
655 4460 689 4524 δὲ
711 4462 811 4543 ἡμίση
834 4463 852 4524 ό
877 4459 1043 4541 δημόσιος.
2031 4464 2082 4551 (fr.
2098 4469 2145 4527 25.
2159 4471 2172 4541 fi
2185 4461 2242 4537 tit·

906 4565 1018 4652 (Epam
1033 4576 1125 4630 aucta
1138 4567 1279 4642 XXVII,
1296 4565 1359 4654 29).

529 4675 669 4749 XXXV,
687 4678 741 4750 16,
758 4679 808 4737 33.
850 4672 883 4739 ‘O
905 4671 945 4737 τδ
969 4656 1118 4738 πλαστὸν
1143 4674 1281 4750 κινήσας
1303 4672 1360 4736 καλ
1454 4677 1517 4755 Qui
1548 4676 1617 4739 falsi
1649 4677 1804 4740 accusavit
1834 4687 1864 4740 et
1894 4680 2079 4741 contrariam
2107 4675 2241 4741 cenenum

464 4784 498 4866 ἐξ
513 4782 716 4869 ἀποφάσεως
730 4778 889 4858 ήττηθελς
905 4781 1065 4844 ἀπόλλυσι
1082 4776 1121 4844 τό
1130 4780 1362 4867 καταλειφθὲν
1389 4784 1544 4858 sustinuit,
1572 4783 1684 4845 amittit
1710 4785 1791 4864 quod
1818 4786 1846 4846 ei
1867 4785 1898 4846 in
1920 4785 1974 4849 illo
1996 4796 2171 4849 testamento
2187 4782 2241 4845 relic

464 4890 555 4970 αὐτῷ
569 4893 603 4951 ἐν
617 4889 718 4974 ἐκείνη
732 4891 773 4974 τῇ
787 4887 946 4973 διαθήκη.
980 4886 1049 4951 όδὲ
1065 4888 1248 4972 ἀρξάμενος
1262 4896 1362 4951 κινεῖν
1389 4902 1454 4954 tum
1476 4898 1529 4953 est
1571 4889 1633 4968 Qui
1648 4911 1719 4953 vero
1742 4893 1963 4955 accusationem
1985 4893 2138 4956 inchoavit
2156 4890 2197 4952 ssd
2212 4888 2242 4947 dt

464 4995 522 5060 καλ
544 4992 696 5068 ἀποστάς
718 4994 813 5058 οὐδὲν
835 4994 1023 5059 ἀπόλλυσιν.
1090 4994 1175 5082 (Syn.
1191 4994 1235 5072 A,
1253 4999 1303 5073 53,
1320 4994 1362 5080 8.)
1389 5000 1472 5075 stitit,
1495 4997 1570 5060 nihil
1592 4998 1711 5060 amittit
1997 4998 2242 5086 (ο.6.(1.’91,35.ι

530 5120 745 5196 XXXV‚17,
769 5123 796 5181 1.
841 5118 975 5198 Πτύγαι
1008 5119 1069 5184 stol
1097 5121 1265 5197 διαθήκης
1297 5130 1363 5184 πάν
1455 5123 1592 5186 Tabulae
1614 5122 1788 5185 testamenti
1810 5131 1881 5185 sunt
1896 5144 1934 5186 ex
1949 5145 2129 5208 quocunqne
2142 5122 2241 5187 munit

465 5224 550 5301 εἶδος
573 5223 649 5302 ὕλης
672 5229 734 5290 εἴτε
757 5225 884 5309 ξυλιναλ
908 5230 970 5290 εἴτε
993 5227 1183 5305 οίαιδήποτε
1201 5231 1264 5291 εἴτε
1280 5248 1363 5312 γαρ·
1390 5252 1505 5312 genere,
1529 5231 1592 5293 sive
1613 5229 1731 5310 ligneae
1754 5230 1818 5293 sive
1832 5250 2027 5313 quaecunque
2051 5235 2115 5296 sive
2128 5230 2241 5294 enlm

465 5338 550 5417 τῷαι
577 5336 639 5397 εἴτε
664 5333 850 5418 μεμβράναι
877 5338 939 5396 εἴτε
966 5331 1032 5397 ἀπὸ
1056 5335 1217 5419 δέρματος
1240 5334 1364 5415 ἀλόγου
1391 5340 1455 5402 sive
1481 5358 1520 5400 ex
1546 5337 1723 5400 membrana
1746 5336 1810 5399 sine
1832 5336 1972 5419 expelle
1994 5340 2119 5404 cuiusve
2139 5331 2241 5401 οοιιυιλε-

466 5443 563 5514 τινός.
723 5437 834 5525 (Epan
849 5450 940 5503 aucta
953 5441 1094 5516 XXVII,
1111 5445 1152 5504 30
1169 5442 1215 5503 ed
1230 5464 1260 5523 p.
1277 5438 1363 5526 285.)

532 5565 674 5640 XXXV,
692 5567 786 5640 17,1.
822 5563 896 5628 Ἐάν
918 5564 1017 5639 ἀλλος
1039 5563 1132 5649 παρά
1155 5567 1285 5648 γυόμην
1304 5574 1364 5630 τοῦ
1457 5569 1491 5632 Si
1522 5569 1618 5632 linum
1648 5569 1822 5631 testamenti
1852 5568 1930 5632 alius
1966 5580 2075 5635 contra
2103 5571 2241 5635 voluntate

468 5672 669 5754 διαθεμένου
695 5669 754 5734 τόν
781 5671 871 5734 λίνον
899 5682 956 5747 της
979 5670 1145 5749 διαθήκης
1167 5674 1280 5758 κόφει,
1308 5675 1364 5757 άρ·
1391 5677 1542 5741 testatoris
1564 5676 1710 5751 inciderit,
1731 5676 1879 5738 bonorum
1900 5680 2051 5760 possessio
2074 5676 2203 5760 competit

468 5778 557 5860 μόζει
579 5779 599 5854 ή
623 5776 815 5855 διακατογή.
910 5775 1022 5864 (Epan
1039 5789 1130 5842 aucta
1143 5780 1284 5855 XXVII,
1301 5778 1365 5867 31.)
2041 5778 2240 5873 (151519δῖ

533 5901 680 5977 XXXV,
697 5904 751 5977 18,
769 5906 796 5965 1.
843 5900 876 5967 ‘0
903 5904 1111 5988 στρατιώτης
1137 5905 1181 5977 ὡς
1208 5901 1251 5966 ἀν
1274 5903 1364 5967 θέλει
1481 5908 1571 5971 Miles
1594 5908 1848 5991 quemadmodum
1870 5910 2001 5974 voluerit
2021 5921 2154 5975 testatur.

470 6006 610 6071 δύναται
632 6007 866 6073 διατίθεσθαι.
911 6009 1024 6097 (Ερεο.
1039 6019 1129 6074 aucta
1143 6011 1285 6087 XXVII,
1302 6007 1366 6095 32.)
1906 6017 1953 6098 (fr.
1971 6020 1988 6078 1
2005 6039 2051 6100 pr.
2065 6018 2105 6080 D.
2119 6010 2216 6081 XXIX,
2226 6008 2239 6063 ¹·
