4842 7018
347 423 390 486 86
946 417 1100 484 LIBER
1122 417 1240 483 XLIV.
1285 416 1376 484 ΤΙΤ.
1399 419 1470 485 XV.
1492 421 1582 487 XVI.

347 600 495 664 σκεύεσιν
517 598 724 685 έμβλήματιι·
748 604 774 662 εί
798 599 831 662 δὲ
851 601 998 685 ἄργυρος
1014 603 1249 681 ἐσκευασμένος
1276 598 1390 661 factum
1417 600 1545 683 legetur,
1574 603 1777 665 continentur:
1806 603 1918 666 cedunt
1944 604 2025 668 enim
2054 615 2180 684 argento

346 708 553 793 ληχατευθῇ,
580 710 802 791 περιέχονται·
837 710 912 770 είκει
939 704 1005 790 γὰρ
1033 710 1081 788 τῷ
1113 706 1248 790 ἀργύρῳ
1276 725 1485 787 quaecumque
1512 710 1620 789 speciei
1649 711 1714 772 eius
1741 709 1845 773 innota
1871 720 1950 784 sunt,
1978 710 2068 773 sicuti
2095 713 2179 774 aurei

346 812 413 879 όσα
444 817 485 901 τῇ
518 815 623 877 αὐτοῦ
660 813 773 896 πλοίξει
812 809 947 893 ήνωται,
986 816 1030 888 ὡς
1061 811 1107 877 τὰ
1134 822 1250 898 χρυσα
1276 812 1356 875 clavi
1378 823 1410 876 et
1430 835 1584 896 purpurae
1606 836 1677 898 pars
1700 827 1772 878 eunt
1793 818 1974 892 vestimenti,
2002 827 2034 879 et
2059 819 2085 879 ei
2106 839 2179 880 non·

346 920 490 1002 πλοόμια
516 919 572 984 καί
601 919 774 1007 πορφυραί
804 923 903 1006 μέρος
930 919 991 984 elul
1026 929 1087 983 τοῦ
1116 922 1250 1002 ἱματίου
1276 920 1349 982 dum
1372 922 1473 984 factus
1496 922 1536 984 sit
1557 923 1712 986 clavorum
1736 932 1904 987 contextus.
1994 925 2029 985 fr.
2048 928 2097 987 19.
2115 931 2131 1001 5
2149 930 2177 988 5.

346 1033 372 1091 εί
395 1027 452 1091 καί
474 1025 518 1110 μή
546 1031 658 1109 μέμονε
681 1037 768 1110 νῆμα
790 1038 858 1091 των
881 1028 1061 1110 πλουμίωντ
1079 1064 1118 1074 -

543 1134 553 1141 ”
1064 1136 1100 1197 ir.
1118 1138 1168 1202 19.
1186 1140 1202 1210 ξ
1221 1139 1249 1209 5,

418 1243 472 1325 Τῷ
495 1241 628 1323 ληχοίτω
651 1249 713 1305 τοῦ
731 1249 864 1326 χρυσοῦ
890 1238 934 1304 τόι
960 1242 1064 1322 μόνον
1085 1263 1250 1325 κεχρυσω-
1343 1241 1460 1322 Legato
1489 1244 1553 1305 auri
1581 1264 1660 1324 quae
1690 1253 1810 1306 tantum
1842 1246 1983 1307 inaurata
2014 1256 2086 1307 sunt
2117 1265 2178 1306 non

344 1352 427 1431 μένα
459 1349 499 1412 οὐ
531 1352 737 1433 περιέχονται
770 1349 846 1411 οὔτε
876 1345 921 1411 τὰ
957 1352 991 1410 έν
1029 1351 1076 1428 τῷ
1114 1347 1249 1434 ἀργύρῳ
1277 1349 1481 1423 continentur,
1504 1370 1601 1430 neque
1617 1360 1741 1431 argento
1757 1351 1861 1413 addita
1876 1371 1969 1413 aurea
1983 1352 2178 1424 emblemata;

343 1465 457 1540 χρυσᾶ
472 1456 674 1542 ἐμβλήματα.
709 1454 878 1519 δακτύλιοι
898 1458 1007 1536 μέντοι
1024 1454 1146 1538 χρυσοί
1163 1476 1250 1540 περι·
1277 1456 1361 1516 anuli
1385 1476 1456 1519 vero
1479 1459 1561 1518 aurei
1585 1459 1783 1520 eontinentur.
1996 1459 2031 1519 fr.
2050 1461 2098 1520 19.
2116 1465 2132 1536 ξ
2150 1462 2179 1520 6.

345 1561 504 1640 ε’χονται.1
1061 1563 1098 1625 fr.
1117 1565 1199 1639 19.§
1221 1567 1249 1624 6.

410 1669 485 1733 Ἐιέν
506 1693 572 1733 τινι
594 1670 788 1756 ληχατευθῇ
811 1671 829 1732 ό
853 1667 937 1754 πρὸς
959 1670 1087 1755 βρῶσιν
1103 1670 1250 1753 ἄργυρος
1343 1669 1376 1732 si
1399 1671 1447 1732 oui
1474 1671 1606 1751 legatum
1633 1672 1725 1734 fuerit
1751 1683 1909 1752 argentum
1937 1709 1980 1719 -—
2003 1709 2045 1717 -
2069 1709 2112 1719 —
2136 1709 2178 1719 —

346 1813 649 1824 —————
669 1782 713 1851 είς
729 1778 827 1840 πόσιν
845 1776 901 1840 καί
921 1777 1051 1862 βρῶσιν
1066 1779 1248 1858 περιέχεται
1279 1813 1319 1822 -
1343 1778 1383 1838 ad
1406 1798 1489 1839 esum
1513 1789 1544 1841 et
1565 1788 1672 1860 potum
1696 1781 1865 1842 continetur
1887 1790 1919 1842 et
1937 1779 2179 1860 aquiminarium.

345 1880 467 1946 καὶτὸ
491 1882 757 1969 χερνιβόξεστον.
803 1879 848 1947 τὰ
875 1886 986 1965 μέντοι
1014 1882 1164 1967 κακόβια
1191 1881 1248 1946 καί
1277 1883 1329 1945 aed
1352 1885 1482 1947 caccabi·
1497 1895 1528 1946 et
1549 1885 1680 1947 miliaria
1701 1896 1733 1948 et
1756 1888 1924 1966 sartagines
1948 1897 1979 1949 et
2001 1887 2113 1949 similia
2134 1887 2179 1947 in·

346 1987 389 2053 τόι
411 1989 572 2075 μηλιιέρια
593 1990 649 2054 καί
674 1993 707 2053 oi
724 1992 862 2073 τήχανοι
886 1988 943 2053 καί
966 1987 1011 2053 τόι
1030 1999 1173 2054 τοιαῦτα
1189 1998 1250 2053 τοῦ
1276 1993 1433 2053 strumenti
1457 2002 1528 2054 sunt
1550 1992 1696 2056 culinarii.
1973 1995 2008 2057 t'r.
2028 1997 2110 2071 las
2130 1997 2179 2055 12.

346 2096 545 2178 ἑξοπλισμοῦ
567 2101 628 2160 είσι
657 2106 718 2161 τοῦ
738 2106 940 2183 μαγειρικοῦ.
1043 2098 1077 2158 fr.
1096 2101 1145 2159 19.
1163 2104 1179 2174 ξ
1199 2100 1248 2159 12.

258 2204 308 2277 κβ.
410 2202 477 2266 Ἐπὶ
500 2203 634 2286 ληχάτιρ
656 2215 714 2281 τῆς
737 2204 886 2281 ἐσθῆτος
909 2206 984 2268 οὔτε
1012 2205 1146 2286 στήμων
1174 2205 1249 2267 οὔτε
1343 2205 1381 2265 In
1403 2204 1505 2286 legato
1528 2208 1620 2269 vestis
1642 2227 1740 2288 neque
1763 2216 1880 2270 atamen
1903 2228 2001 2289 neque
2020 2206 2179 2270 subtemen

346 2309 473 2393 ρὀδοίνη
506 2313 687 2393 περιέχεται
724 2312 796 2375 ἀλλ’
835 2314 855 2387 ή
888 2312 1014 2385 τελείως
1050 2311 1249 2398 ὑφανθεῖσα
1276 2312 1454 2386 continetur,
1478 2313 1531 2375 aed
1553 2334 1630 2393 quae
1653 2314 1785 2395 perfecte
1808 2323 1952 2376 contexta
1975 2325 2023 2376 est
2040 2314 2188 2395 quamvis

346 2415 410 2481 κόν
432 2419 528 2500 μήπω
551 2418 683 2498 ἐτμήθη
707 2426 769 2482 τοῦ
791 2420 899 2482 ίστοῦ;
916 2456 958 2464 -
1145 2418 1180 2480 fr.
1198 2422 1248 2480 22.
1276 2419 1409 2479 nondum
1432 2420 1472 2480 sit
1494 2420 1623 2482 desecta.
2075 2421 2111 2482 fr.
2127 2422 2178 2482 22.

168 2650 234 2763 ΦΒ.
248 2650 314 2706 λό’
587 2665 707 2721 mmo<
726 2666 773 2733 ις’,
793 2666 925 2721 aleator
942 2666 1008 2721 ωτι
1477 2666 1644 2724 urrnnus
1661 2667 1740 2736 xvl,
1758 2667 1863 2723 mam
1880 2667 1976 2725 xmv
2239 2670 2260 2723 ι
2278 2674 2326 2722 ει.

169 2779 184 2812 τ
193 2759 254 2832 Acyl

260 2742 327 2832 ἔθ’·
346 2788 1249 2866 περίε’λενθερίαςχρεῶνληματευθείσηςιιαὶπερὶπλαστῆςαίτίας
1276 2789 1494 2847 deliberatione
1513 2791 1669 2848 debitorum
1692 2793 1786 2864 legata
1808 2793 1889 2848 etde
1912 2792 1985 2847 falsa
2002 2809 2088 2847 causa
2105 2791 2179 2847 soln-
2213 2739 2286 2810 ΒΨ
2303 2746 2323 2794 ι’
2338 2744 2362 2792 3'

410 2877 559 2951 καταβολῆς
576 2882 693 2956 λημὰτου
710 2884 756 2935 καί
773 2883 822 2934 τοῦ
839 2883 928 2934 πίστει
945 2882 1183 2951 καταλειφθέντος.
1496 2882 1581 2936 tionis
1599 2881 1685 2952 legati
1703 2887 1732 2937 et
1748 2880 1961 2937 fideicommissi.

274 3008 309 3062 α’.
418 3006 495 3080 Τοῖς
514 3008 702 3092 χρεώσταις
725 3016 807 3070 πᾶσι
830 3007 939 3081 καλῶς
965 3004 1011 3071 τὰ
1033 3009 1112 3091 παρ’
1138 3008 1249 3071 αὐτῶν
1341 3007 1539 3069 Debitoribus
1561 3009 1700 3070 omnibus
1723 3018 1805 3071 reete
1827 3029 1907 3090 quae
1933 3009 1973 3071 ab
2002 3010 2045 3071 eis
2068 3008 2179 3069 deben-

343 3112 599 3197 χρεωστούμενα
621 3112 844 3195 ληχατεόεται,
868 3119 894 3176 εί
916 3113 974 3177 καί
991 3113 1150 3178 δεσπόται
1166 3112 1249 3178 alula
1276 3124 1326 3176 tur
1339 3113 1487 3194 legantur,
1503 3116 1643 3195 quamvis
1657 3116 1770 3177 domini
1786 3117 1848 3177 sint
1863 3136 2059 3197 eorumquae
2075 3114 2177 3200 [dare]

346 3215 392 3282 ὧν
412 3228 650 3303 χρεωστυῦσιν.
944 3221 980 3283 fr.
999 3225 1015 3283 1
1032 3243 1078 3302 pr.
1094 3222 1134 3285 D.
1151 3224 1202 3297 34,
1220 3226 1248 3284 3.
1275 3221 1394 3283 debent
1876 3221 1912 3285 fr.
1931 3226 1947 3283 1
1964 3243 2008 3303 pr.
2024 3222 2065 3283 D.
2080 3223 2133 3298 34,
2149 3226 2178 3283 3.

413 3326 534 3401 Καλῶς
566 3330 585 3390 ό
618 3325 791 3404 δανειστὴς
822 3326 991 3408 ληχατεύει
1023 3332 1070 3410 τῷ
1095 3330 1248 3415 χρεώστη
1341 3328 1437 3390 Recte
1464 3329 1596 3391 creditor
1622 3329 1705 3409 legat
1727 3328 1854 3391 debitori
1882 3330 1993 3411 pignus
2016 3338 2048 3391 et
2073 3328 2179 3409 recipit

345 3435 498 3518 ένέχνρον
520 3432 578 3497 καί
601 3434 828 3520 ἀναλαμβάνει
844 3431 928 3497 αὐτό
944 3433 1022 3519 πρὶν
1036 3434 1056 3512 b
1071 3436 1248 3522 καταβάλῃ
1276 3433 1421 3518 [debitor]
1448 3437 1624 3517 priusquam
1655 3436 1757 3498 solvat
1787 3435 1936 3509 debitum,
1968 3456 2030 3497 non
2059 3437 2180 3499 videtur

345 3536 385 3602 τό
408 3544 522 3625 χρέος·
551 3541 591 3604 οὐ
618 3540 712 3605 δοκεῖ
734 3540 768 3604 δὲ
794 3539 852 3604 καὶ
878 3538 918 3604 τό
943 3544 1043 3624 χρέος
1069 3545 1106 3604 ὲκ
1127 3540 1249 3604 τούτου
1276 3550 1380 3604 autern
1402 3552 1433 3603 et
1455 3542 1590 3604 debitum
1613 3562 1668 3624 per
1686 3542 1743 3605 hoc
1765 3542 1869 3623 legari,
1892 3544 1951 3605 nisi
1967 3542 2090 3604 aliunde
2111 3562 2179 3623 pro·

345 3645 601 3729 ληχατεόεσθαι,
625 3653 651 3711 εί
674 3646 717 3729 μή
740 3647 798 3711 καί
822 3648 988 3733 ἑτέρωθεν
1011 3645 1165 3735 δειχθῇ.3
1276 3650 1373 3710 betur.
2018 3649 2054 3710 fr.
2072 3652 2098 3710 1.
2115 3654 2132 3725 ξ
2151 3651 2177 3711 1.

1086 3755 1122 3817 fr.
1140 3758 1168 3819 1.
1186 3761 1202 3832 5
1222 3758 1249 3818 1.

409 3857 484 3924 Ἐὰν
505 3862 596 3943 μόνῳ
618 3864 666 3944 τῷ
679 3863 833 3947 χρεωστη
849 3860 1040 3942 ληχατεόσω
1056 3861 1250 3949 ἐλευθερίαν
1343 3862 1377 3925 Si
1399 3861 1453 3923 soli
1469 3862 1596 3925 debitori
1611 3862 1753 3943 legavero
1768 3861 1977 3924 liberationem
1992 3862 2097 3938 debiti,
2118 3882 2177 3924 non

342 3971 462 4053 χρέους
490 3968 530 4030 οὐ
552 3967 716 4054 διαβαίνει
739 3965 778 4031 τό
806 3969 952 4050 ληχοίτον
979 3973 1023 4041 είς
1051 3966 1110 4032 τόν
1132 3967 1249 4051 κληρο-
1276 3970 1386 4031 transit
1407 3968 1544 4050 legatum
1566 3969 1599 4029 in
1616 3968 1741 4031 heredes
1756 3970 1828 4043 eius,
1852 3969 1911 4030 nisi
1928 3970 2080 4033 viventem
2096 3969 2178 4031 debi-

345 4075 448 4157 νόμον
471 4074 584 4155 αὐτοῦ,
608 4081 634 4138 εί
657 4073 700 4157 μή
724 4076 882 4160 περιόντα
904 4072 965 4139 τόν
984 4077 1158 4160 χρεώστην
1181 4080 1247 4139 ἐπε·
1276 4086 1371 4138 torem
1393 4077 1491 4157 coepit
1513 4076 1674 4137 convenire
1687 4076 1775 4137 heres
1791 4096 1884 4139 meus.
1922 4076 2099 4158 quodecim
2113 4095 2178 4156 per-

148 4184 152 4193 '
190 4191 239 4261 sol.
253 4195 308 4245 σε’.
341 4182 495 4264 χείροσιν
518 4184 702 4259 ἀπαιτῆσαι
726 4185 745 4246 ό
768 4182 973 4267 κληρονόμος
1000 4204 1072 4264 μου.
1118 4177 1247 4264 τὸγὰρ
1276 4182 1380 4245 sonale
1402 4193 1461 4258 est,
1488 4183 1520 4243 id
1542 4184 1574 4244 in
1596 4182 1724 4244 heredes
1746 4203 1807 4244 non
1829 4183 1950 4257 transit,
1979 4183 2069 4244 sicuti
2095 4193 2126 4245 et
2147 4183 2178 4242 in

344 4285 559 4373 προσωπικόν
582 4293 625 4362 είς
648 4288 872 4373 κληρονόμους
891 4289 931 4352 οίι
946 4288 1119 4374 διαβαίνει,
1142 4284 1246 4370 ὥςπερ
1275 4290 1421 4353 servitute
1456 4289 1610 4370 personali
1648 4288 1794 4373 [dieitur]
1851 4288 2043 4351 liberationes
2076 4299 2177 4352 autem

344 4394 400 4459 καί
424 4394 475 4460 ἐπὶ
498 4395 647 4469 δουλείας
670 4406 892 4480 προσωπικης.
939 4398 975 4459 αἱ
1002 4394 1036 4458 δὲ
1059 4395 1245 4477 ἐλευθεριάι
1275 4396 1368 4459 debiti
1389 4417 1444 4478 per
1464 4395 1741 4478 praesumptionem
1759 4396 1916 4476 generales
1934 4405 2013 4471 aunt,
2037 4397 2178 4477 quamvis

340 4506 461 4587 χρέους
483 4502 609 4584 χενικαλ
631 4500 721 4566 κατὰ
740 4503 909 4588 πρόληψιν
925 4507 996 4582 είσι,
1019 4499 1084 4565 κᾶν
1098 4500 1141 4584 μή
1157 4506 1247 4582 γένη·
1274 4524 1335 4565 non
1365 4503 1421 4566 liat
1450 4503 1563 4565 mentio
1590 4502 1713 4565 heredis.
1764 4503 1789 4565 si
1816 4523 1888 4566 vero
1915 4502 2059 4566 debitoris
2088 4502 2177 4587 [non]

343 4632 400 4673 ται
421 4610 530 4692 μνήμη
552 4610 768 4695 κληρονόμου.
807 4613 834 4671 εί
849 4609 883 4672 δὲ
906 4618 968 4673 τοῦ
981 4610 1157 4693 χρεώστου
1170 4631 1247 4691 μνη·
1274 4610 1367 4674 facim
1388 4611 1570 4672 mentionem
1593 4608 1755 4693 [testator]‚
1778 4630 1839 4671 non
1861 4609 1946 4672 valet
1967 4608 2140 4696 [legatum].

343 4716 493 4804 μονεόση,
517 4717 578 4780 οὐκ
600 4720 753 4803 ἔρρωται.
869 4716 905 4778 fr.
922 4721 951 4780 8.
968 4723 984 4794 ἓ
1002 4720 1030 4780 3.
1046 4721 1076 4778 4.
1091 4716 1132 4779 Ι).
1150 4718 1200 4791 34,
1217 4720 1246 4778 3.
1803 4716 1840 4778 fr.
1855 4719 1884 4778 8.
1901 4723 1917 4794 5
1935 4718 1963 4778 3.
1979 4719 2009 4777 4.
2025 4718 2065 4779 D.
2081 4720 2132 4792 34,
2149 4718 2177 4778 3.

411 4822 481 4888 Καὶ
508 4827 555 4906 τῷ
580 4824 809 4906 χρεωστοῦντί
832 4845 888 4905 μοι
916 4823 1125 4907 παραθήκην
1156 4821 1175 4899 b
1206 4818 1246 4885 τό
1339 4825 1443 4887 Etiam
1466 4823 1494 4885 ei
1517 4823 1569 4903 qui
1591 4822 1681 4884 debet
1702 4822 1776 4886 mihi
1802 4843 1841 4885 ex
1864 4824 2000 4904 deposito
2027 4823 2076 4886 vel
2099 4843 2178 4886 oom-

343 4935 377 4993 έν
396 4931 515 5015 χρήσει
538 4930 645 4994 δοθὲν
667 4930 687 5007 b
710 4928 898 5015 ἐνέχυρονή
917 4926 984 4993 ert
999 4930 1123 5005 κλοπῆς
1138 4929 1247 5002 καλῶς
1274 4930 1395 4993 modato
1426 4930 1477 4993 vel
1508 4930 1635 5011 pignore
1666 4930 1715 4992 vel
1746 4929 1826 4993 furto
1857 4940 1938 4993 recte
1970 4930 2038 5011 lego
2068 4931 2177 4992 horum

343 5035 511 5117 ληχατεόω
534 5037 663 5101 τούτων
685 5036 888 5118 ἐλευθερίαν.
1084 5037 1120 5098 fr.
1137 5040 1166 5098 8.
1183 5043 1199 5114 §
1218 5041 1245 5099 7.
1276 5035 1474 5120 [debitorum]
1497 5036 1714 5098 liberationem
2015 5036 2051 5098 fr.
2068 5041 2096 5100 8.
2113 5043 2130 5114 ξ
2149 5040 2176 5099 7.

411 5142 550 5231 Ἀφήλιξ
559 5143 792 5225 διατιθέμενος
802 5139 900 5206 εἶπεν·
916 5141 1045 5225 ,μηδείς
1061 5142 1188 5220 ποιήσει
1199 5146 1246 5224 τῷ
1341 5143 1443 5205 Minor
1465 5144 1497 5204 in
1519 5151 1700 5205 testamento
1723 5144 1777 5206 ait:
1800 5163 1907 5219 „nemo
1930 5144 2025 5206 faciat
2046 5144 2178 5206 curatori

343 5252 530 5334 κουρότορί
542 5273 606 5333 μου
629 5251 778 5331 ζήτησιν·
801 5248 864 5332 ἐγὼ
879 5247 946 5335 γὰρ
961 5247 1006 5314 toi
1021 5247 1083 5332 ἐμίι
1099 5249 1247 5331 διῴκησα
1274 5272 1341 5314 meo
1356 5252 1571 5332 quaestionem.
1609 5251 1758 5330 egoenim
1774 5270 1856 5313 meas
1870 5270 1920 5312 res
1936 5250 2176 5313 administravi“:

344 5358 567 5440 πρόχματα·“
589 5358 648 5421 loia
670 5380 703 5420 τι
721 5354 811 5420 κατὰ
827 5357 927 5420 δόλον
943 5357 1093 5434 ἐποίησεν
1108 5354 1128 5432 b
1144 5356 1247 5441 πρόχ-
1276 5360 1301 5421 si
1328 5357 1401 5439 quid
1428 5379 1482 5439 per
1503 5357 1606 5419 dolum
1633 5357 1707 5420 fecit
1728 5366 1783 5420 aut
1804 5377 1854 5420 res
1877 5358 1988 5420 retinet
2014 5359 2176 5432 testatoris,

342 5486 436 5547 ματα
467 5468 530 5542 έχει
558 5472 621 5528 τοῦ
648 5463 897 5546 διατιθεμένου,
925 5465 1115 5528 όιπαιτεῖται
1149 5462 1246 5526 αὐτοί.
1275 5474 1435 5547 propterea
1457 5464 1643 5528 convenitur.
1993 5464 2028 5525 fr.
2046 5467 2096 5526 20.
2113 5470 2130 5541 ξ
2149 5466 2176 5525 1.

1063 5572 1099 5633 fr.
1117 5572 1167 5632 20.
1184 5575 1200 5646 ς
1220 5572 1247 5630 1.

257 5686 308 5761 κμ.
403 5675 476 5743 Ὅτε
503 5676 695 5760 ληχατεόσω
722 5677 765 5759 μή
799 5678 1032 5755 ἀπαιτηθήναι
1057 5679 1156 5761 χρέος
1186 5683 1249 5739 τοῦ
1342 5678 1420 5740 Cum
1451 5677 1593 5757 legavero
1624 5699 1685 5740 non
1714 5677 1778 5758 peti
1810 5677 1945 5739 debitum
1981 5677 2114 5750 heredis,
2145 5677 2177 5739 id

344 5785 564 5869 κληρονόμου,
603 5790 705 5849 έκεῖνο
743 5785 831 5848 δοκῶ
863 5785 965 5866 λέγειν
997 5781 1037 5847 τό
1068 5792 1182 5865 μεῖναν
1213 5786 1247 5845 έν
1274 5785 1379 5848 videor
1404 5785 1506 5863 legare
1525 5785 1608 5865 quod
1630 5794 1733 5846 manet
1754 5784 1786 5845 in
1808 5783 2000 5862 obligatione.
2037 5785 2062 5845 si
2085 5784 2178 5863 igitur

343 5912 556 5919 ——---—-—

416 5961 425 5993 ¹
444 5960 530 6015 habet
547 5959 614 6031 Syn.
687 5960 698 5992 ¹
715 5918 836 6015 mod·
909 5958 921 5992 ⁸
937 5959 1024 6015 habet
1041 5957 1108 6031 Syn.
