4842 7018
247 1017 293 1086 soi.
305 1020 377 1069 229'.
662 1017 793 1071 stultiori
813 1018 875 1085 ΝΡ,
894 1017 1014 1072 ΤΙΤΛΟ(
1032 1019 1067 1071 Α’
1582 1018 1698 1073 LIBER
1716 1019 1794 1087 LIII,
1812 1018 1979 1076 TITULUS
1997 1018 2011 1074 I

413 1104 433 1196 ri
451 1143 605 1215 munirique
622 1145 667 1195 καί
689 1144 819 1196 πιστικῶν
837 1144 882 1195 καί
899 1144 1003 1196 ναυτῶν
1026 1146 1071 1195 καλ
1092 1141 1249 1211 πανδοχέιον
1271 1148 1316 1196 καί
1343 1143 1378 1198 de
1396 1143 1596 1198 exercitaribus
1615 1149 1643 1197 at
1665 1145 1805 1214 magistris
1823 1149 1853 1197 et
1869 1144 1961 1198 nantis
1979 1150 2008 1198 et
2025 1144 2197 1215 cauponibus
2213 1151 2240 1199 ct

566 1234 613 1298 τῆς
629 1229 689 1286 κατ’
710 1231 798 1286 αὐτῶν
816 1230 832 1300 ἢ
849 1230 918 1304 ὑπὲρ
936 1231 1024 1284 αὐτῶν
1042 1231 1157 1305 ἀρωγῆς.
1507 1231 1543 1286 de
1561 1230 1718 1287 actionibus
1736 1238 1834 1286 contra
1851 1248 1898 1287 eos
1916 1238 1946 1286 et
1963 1249 2014 1302 pro
2032 1234 2080 1288 eis

342 1363 377 1416 α’.
485 1354 537 1421 Ta
563 1354 706 1421 ναυτικὰ
733 1360 835 1439 ήχουν
864 1355 909 1421 τὰ
934 1354 1025 1420 κατὰ
1053 1358 1241 1421 θάλασσαν
1268 1362 1316 1439 τῷ
1409 1358 1544 1420 Navalia
1571 1359 1635 1421 sive
1659 1359 1811 1420 maritima
1836 1358 1944 1420 rhodia
1974 1358 2041 1440 lege
2066 1359 2240 1433 iudicantur,

414 1463 516 1546 ῥοὸίῳ
549 1465 639 1546 νόμῳ
671 1465 818 1549 κρίνεται
856 1468 890 1527 ἐν
922 1460 971 1538 οἷς
1007 1464 1099 1545 αύτῷ
1130 1463 1174 1547 μή
1206 1470 1316 1548 ἐτερος
1344 1469 1375 1527 in
1390 1465 1499 1546 quibus
1514 1465 1559 1526 illi
1574 1485 1633 1526 non
1650 1464 1712 1527 alia
1727 1465 1905 1527 adversatur
1918 1464 1977 1526 iem
2015 1466 2050 1527 fr.
2062 1468 2090 1528 9.
2106 1466 2145 1526 D.
2159 1469 2205 1539 14,
2215 1469 2240 1527 2.

414 1575 624 1635 ἐναντιοῦται
647 1572 760 1653 νόμσςε
778 1569 834 1619 —¹
1025 1572 1061 1634 fr.
1079 1576 1107 1634 9.
1122 1573 1162 1634 D.
1177 1572 1270 1647 XIV,
1287 1577 1315 1635 2.

344 1682 377 1754 β.
480 1675 683 1761 Ναύκληρός
699 1682 789 1741 ἐστιν
805 1675 889 1761 πρὸς
912 1675 951 1740 ὃν
974 1679 1085 1753 ἀνήκει
1102 1681 1120 1740 ό
1137 1681 1241 1763 πόρος
1256 1689 1317 1743 τοῦ
1410 1680 1570 1741 Exercitor
1596 1689 1642 1740 est
1669 1676 1739 1761 [is],
1763 1678 1803 1740 ad
1830 1698 1919 1758 quem
1941 1678 2071 1760 pertinet
2102 1687 2241 1758 quaestus

414 1783 531 1847 πλοίου
552 1783 609 1848 καί
632 1781 677 1848 τόν
697 1784 935 1869 συμβαίνοντα,
958 1789 1021 1848 εἴτε
1043 1784 1205 1862 δεσπότης
1227 1784 1318 1849 ἐστίν
1345 1786 1432 1849 navis
1465 1794 1496 1847 et
1521 1805 1729 1865 quaecumque
1756 1785 1909 1859 eveniunt,
1940 1785 2005 1847 aive
2035 1784 2176 1845 dominus
2207 1786 2242 1846 sit

414 1894 476 1954 είτε
506 1888 600 1974 παρὰ
631 1891 796 1955 δεσπότου
822 1896 857 1954 ἐν
885 1891 985 1973 όμοίὸι
1017 1888 1057 1955 τό
1090 1893 1206 1956 πλοῖον
1232 1897 1318 1974 ἐμισ-
1346 1895 1409 1955 sive
1431 1914 1451 1954 a
1472 1893 1596 1954 domino
1617 1891 1799 1971 generaliter
1821 1892 2007 1965 conduxerit,
2035 1889 2085 1954 vel
2113 1890 2154 1952 ad
2176 1901 2242 1952 tem·

415 1998 561 2061 θώσατο
584 1997 800 2081 ήέπικαίρως
823 1996 1025 2078 ήὸιηνεκιῦς,
1048 1998 1105 2062 καί
1125 1998 1318 2084 ἀδιάφορον
1345 2021 1403 2083 pus
1426 1999 1475 2062 vel
1501 1999 1533 2059 in
1554 2007 1746 2079 perpetuum:
1775 1997 1986 2079 σοφιστεύειν
2012 2007 2114 2059 utrum
2142 1998 2188 2060 vir
2208 1999 2243 2059 sit

414 2108 477 2167 εἴτε
503 2102 588 2187 ἀνὴρ
617 2108 680 2167 εἴτε
706 2105 801 2185 χυνή·
831 2103 889 2168 καί
917 2104 1130 2188 αὐτεξούσιος
1158 2106 1177 2183 i>
1201 2106 1319 2180 δοῦλός
1346 2128 1386 2169 au
1401 2106 1517 2167 mulier.
1555 2114 1587 2165 et
1607 2104 1685 2168 liber
1707 2105 1756 2167 vel
1771 2125 1875 2168 servus
1897 2115 1998 2187 potest
2013 2125 2079 2166 esse
2093 2105 2241 2168 exercitur.

414 2215 504 2273 ἐστιν
527 2214 546 2274 ό
569 2210 762 2296 ναύκληρος.
801 2213 820 2274 ό
843 2211 877 2275 dd
901 2211 1026 2296 όίνηβος
1044 2214 1157 2299 χρῄζει
1178 2224 1236 2290 τής
1259 2222 1320 2277 τοῦ
1345 2214 1398 2294 qui
1421 2233 1491 2275 vero
1514 2211 1652 2292 impubes
1675 2222 1722 2274 est
1743 2212 1858 2291 indiget
1878 2212 1987 2274 tutoris
2010 2212 2199 2274 auctoritate.

265 2369 313 2438 fot
327 2375 371 2424 69¹
414 2317 595 2400 ἐπιτρόπου
610 2318 806 2392 αὐθεντίαςε
824 2356 866 2365 -
902 2320 938 2382 fr.
951 2323 977 2380 1.
989 2326 1005 2397 5
1019 2322 1069 2383 15.
1082 2324 1131 2385 16.
1140 2321 1180 2383 D.
1189 2319 1279 2395 XIV,
1292 2324 1318 2381 1.
1828 2318 1863 2379 ir.
1882 2323 1909 2379 l.
1926 2325 1943 2395 5
1962 2321 2011 2381 15.
2030 2320 2079 2380 16.
2095 2319 2137 2380 Ι).
2156 2321 2203 2392 14,
2219 2322 2242 2378 1.

344 2410 378 2514 p:
482 2424 647 2499 Πιστικός
665 2429 755 2488 ἐστιν
771 2427 790 2488 ό
806 2422 869 2488 ὑπὸ
885 2433 946 2488 τοῦ
961 2435 1116 2490 πιστικοῦ
1133 2424 1318 2505 καταστὰς,
1412 2427 1561 2507 Magister
1592 2436 1638 2487 est
1671 2424 1731 2509 [et]
1760 2426 1813 2506 qui
1844 2445 1864 2486 a
1890 2426 2035 2506 magistro
2068 2426 2243 2487 consumtus

415 2532 619 2612 ἀγνοοῦντος
651 2540 713 2596 τοῦ
743 2531 944 2614 ναυκλήρου·
976 2537 1003 2595 εί
1030 2530 1097 2617 χύρ
1129 2533 1198 2620 ᾔδει
1208 2531 1319 2614 αὐτὸς,
1347 2544 1401 2609 est
1424 2536 1584 2614 ignorante
1611 2533 1783 2595 exercitare
1828 2552 1898 2593 nam
1927 2532 1953 2594 si
1976 2533 2042 2613 ipse
2065 2532 2160 2607 novit,
2185 2533 2243 2613 ipse

416 2634 520 2701 αὐτόν
539 2650 729 2722 προστήσαι
749 2638 846 2702 δοκεῖ.
886 2640 998 2703 πάντα
1016 2637 1083 2725 χόιρ
1106 2636 1151 2703 τὰ
1169 2644 1320 2723 πρακτέα
1347 2641 1557 2723 praeposuisse
1583 2640 1711 2703 videtur.
1760 2640 1863 2701 omnia
1895 2640 1976 2701 euim
2003 2639 2087 2701 iacta
2114 2639 2243 2719 magistri

415 2753 477 2809 τοῦ
491 2753 647 2808 πιστικοῦ
662 2747 895 2827 ἐπιχινώσκειό
911 2745 1105 2832 ναύκληρος.
1134 2746 1191 2811 καί
1208 2745 1319 2810 διὰτὸ
1347 2756 1485 2828 praestat
1506 2748 1662 2809 exercitur.
1700 2756 1731 2809 et
1752 2756 1876 2828 propter
1898 2746 2062 2808 utilitatem
2085 2746 2243 2809 faciliusid

413 2851 580 2936 χρήσιμον
603 2853 833 2936 εὐχερέστερον
860 2861 962 2917 τοῦτο
991 2853 1163 2936 δεχόμεθα
1186 2853 1236 2918 ἐπί
1260 2863 1322 2918 τοῦ
1348 2855 1513 2935 accipimus
1540 2854 1573 2914 in
1600 2854 1744 2934 magistro
1765 2874 1857 2934 quam
1879 2854 1912 2914 in
1939 2853 2086 2916 institere.
2134 2861 2244 2916 tenetur

416 2968 571 3022 πιστικσῦ
593 2960 673 3041 ήπερ
697 2958 748 3022 ἐπὶ
767 2967 829 3023 τοῦ
853 2959 1095 3044 πρωτεύοντος·
1118 2964 1261 3039 ἐνέχεται
1286 2961 1320 3024 δὲ
1349 2970 1458 3034 autem,
1490 2962 1631 3042 quamvis
1663 2980 1804 3041 expresse
1835 2960 1864 3021 ei
1895 2959 2083 3041 prohibuerit
2122 2961 2243 3022 alterum

416 3063 480 3128 κόν
504 3066 612 3149 ῥητῶς
635 3066 727 3147 αὐτῷ
746 3067 953 3150 ἀπηγόρευσε
968 3064 1123 3131 πιστικόν
1137 3072 1262 3151 ἐτερονε
1277 3105 1320 3116 -
1349 3068 1528 3148 magistrum
1552 3066 1774 3150 [constituere].
1934 3066 1970 3128 ir.
1983 3070 2012 3128 1.
2027 3072 2044 3143 5
2062 3072 2092 3130 5.
2108 3068 2150 3130 D.
2162 3068 2208 3141 14,
2219 3070 2242 3125 1.

987 3175 1320 3251 fr.1.55.D.14,1.

332 3287 381 3362 μί’
485 3278 649 3352 Πιστικός
681 3283 772 3342 ἐστιν
810 3281 829 3342 ό
868 3279 1012 3365 [πᾱσ]αν
1048 3281 1229 3363 ἐπιμέλειαν
1261 3290 1323 3344 τοῦ
1415 3281 1565 3361 Magister
1586 3290 1633 3343 est
1655 3281 1704 3342 cui
1726 3290 1792 3343 tota
1814 3301 1888 3343 eura
1910 3282 1997 3344 navis
2020 3283 2220 3344 committitur.

418 3385 535 3449 πλοίου
557 3386 758 3468 ἐπιτραπείςε
776 3383 839 3433 -³
1080 3388 1116 3449 fr.
1135 3393 1161 3449 1.
1179 3395 1195 3465 5
1215 3394 1230 3450 1
1249 3388 1320 3451 ibid.
2041 3389 2077 3450 fr.
2097 3392 2126 3449 1.
2144 3395 2160 3464 5
2178 3387 2243 3448 lib.

350 3502 380 3555 ι’.
487 3491 625 3569 Ναύτης
640 3495 767 3573 ἡγεῖται
783 3494 938 3558 ἐνταῦθα
953 3492 1149 3558 ότόπλοῑον
1164 3496 1321 3576 ἐκχυμνοί·
1416 3496 1521 3557 Nauta
1543 3495 1593 3557 hic
1608 3496 1800 3557 existimatur
1817 3496 1869 3575 qui
1884 3514 1995 3558 navem
2012 3506 2136 3559 exercet
2150 3515 2244 3576 quam·

416 3600 490 3680 ζων,
514 3603 540 3662 εί
563 3598 621 3662 καί
637 3595 681 3662 τόν
695 3599 843 3680 μάλιστα
857 3598 949 3665 καλό
965 3600 1202 3683 inerescere
1218 3602 1321 3683 πλοίῳ
1350 3603 1396 3665 vis
1420 3603 1525 3683 etqui
1548 3602 1648 3664 estin
1671 3621 1750 3665 nave
1771 3602 1937 3682 navigandi
1952 3622 2046 3664 causa
2060 3614 2159 3665 nauta
2173 3601 2244 3663 dica-

417 3703 474 3768 ὃιοί
488 3703 528 3769 τό
544 3706 634 3769 πλεῖν
649 3702 754 3768 αὐτόν
769 3705 892 3783 ναύτης
906 3708 1048 3788 λέγεται·
1065 3706 1241 3773 δι’ἐαυτοῦ
1254 3705 1321 3791 χύρ
1349 3719 1412 3772 tur:
1440 3731 1494 3790 per
1516 3708 1711 3790 semetipsum
1734 3717 1836 3771 autem
1858 3708 1908 3771 vel
1930 3709 2111 3788 magistrum
2135 3720 2245 3771 tantun

417 3810 437 3889 ή
459 3821 520 3876 τοῦ
543 3820 698 3876 πιστικοῦ
719 3815 823 3895 μόνον
845 3818 998 3895 ἐνέχεται,
1028 3815 1068 3877 ού
1088 3813 1153 3896 μὴν
1176 3813 1233 3879 διὰ
1254 3826 1322 3878 τῶν
1349 3815 1518 3896 obligatum
1542 3835 1602 3876 nou
1625 3835 1696 3877 vero
1718 3834 1774 3896 per
1796 3814 1872 3876 alios
1894 3824 2014 3877 nautas.

417 3919 526 3983 ἄλλων
548 3930 692 3984 ναντῶνι
708 3957 751 3967 -
1011 3921 1048 3983 fr.
1067 3925 1094 3983 1.
1111 3927 1127 3999 5
1145 3925 1174 3983 2.
1189 3922 1229 3985 D.
1246 3926 1275 3997 4,
1293 3925 1321 3985 9.
1943 3922 1980 3984 fr.
1999 3925 2025 3983 1.
2043 3929 2060 3999 5
2078 3925 2108 3984 2.
2124 3924 2163 3985 D.
2178 3925 2205 3997 4,
2221 3924 2245 3981 9.

346 4038 380 4102 ς.
476 4022 574 4110 Ὅπερ
598 4024 641 4090 όν
662 4024 813 4110 λάβωσιν
835 4025 886 4091 ἐπί
904 4032 954 4108 τῷ
972 4027 1120 4113 φύλαξαι
1137 4030 1170 4090 οἱ
1184 4026 1322 4104 ναύκλη-
1416 4028 1573 4109 Quidquid
1601 4027 1832 4090 custodiendum
1866 4030 2041 4110 acceperint
2072 4031 2246 4093 exercitores

418 4154 472 4217 ροι
495 4132 552 4196 καί
571 4136 605 4196 οἱ
619 4132 805 4213 πανδοχεῖς,
828 4139 854 4197 εί
872 4132 915 4214 μή
932 4134 1226 4215 όποκαθιστῶσιν,
1251 4135 1322 4197 ἐντί·
1350 4145 1381 4198 et
1412 4155 1575 4218 caupones,
1606 4135 1666 4196 nisi
1696 4135 1867 4210 restituant,
1899 4146 2055 4210 tenentur;
2086 4138 2121 4198 in
2152 4155 2247 4198 eorum

417 4260 550 4321 χονται·
566 4245 600 4304 ἐν
615 4241 730 4314 αὐτοῖς
746 4239 780 4303 δέ
795 4244 866 4303 ἐστι
881 4239 1005 4322 μηδένα
1019 4240 1321 4323 ύποόέξασθιιιε-
1349 4244 1430 4304 enim
1452 4242 1598 4305 facultate
1619 4251 1666 4304 eat
1686 4243 1837 4304 neminem
1852 4243 1992 4324 recipere.
2038 4243 2074 4304 ir.
2092 4249 2110 4306 1
2129 4265 2173 4325 pr.
2189 4249 2204 4319 5
2221 4246 2244 4303 1.

1049 4348 1086 4410 fr.
1105 4352 1121 4410 1
1138 4369 1183 4429 pr.
1201 4355 1218 4425 5
1237 4351 1252 4409 1
1271 4349 1323 4412 oit.

352 4466 382 4529 ζ.
484 4452 644 4531 Ἐνέχετιιι
660 4451 911 4517 discutititur
925 4452 1199 4539 προβεβλημένων
1214 4476 1322 4539 παρα·
1415 4455 1578 4535 Obligatur
1609 4464 1711 4518 autem
1739 4476 1794 4537 per
1824 4477 1876 4519 eos
1908 4457 1961 4536 qui
1994 4457 2153 4520 custodiae
2183 4465 2246 4518 suut

418 4560 562 4647 φυλακῇ,
595 4557 668 4624 οἷον
699 4559 923 4648 ναυφυλοίκονν
959 4559 1017 4624 καί
1050 4560 1247 4645 διαιταρίοιν
1278 4567 1322 4636 είς
1348 4563 1522 4644 praepositi,
1545 4572 1650 4644 utpote
1668 4562 1876 4644 nauphyiacas
1892 4572 1923 4624 et
1942 4563 2107 4626 diaetauos
2131 4572 2246 4645 propter

418 4664 498 4753 ὅπερ
522 4665 565 4730 όν
588 4666 823 4750 ὑποδέξωνται,
846 4665 911 4730 κᾶν
933 4664 1036 4742 αύτός
1054 4669 1176 4755 ποιήσῃ
1195 4665 1235 4731 τό
1254 4689 1320 4746 χει·
1349 4671 1381 4731 id
1412 4670 1494 4751 quod
1526 4670 1720 4751 susceperint,
1750 4670 1890 4750 quamvis
1928 4671 1994 4751 ipse
2032 4669 2244 4732 ehirembolum

419 4773 589 4860 ρίμβολον.
628 4778 655 4838 εί
671 4774 705 4838 δέ
720 4772 777 4838 καί
793 4772 836 4857 μή
853 4775 1019 4861 φαίνεται,
1043 4776 1119 4838 τότε
1134 4775 1322 4856 ἐνιίχεταιό
1349 4777 1462 4839 fecerit
1507 4776 1589 4857 quod
1621 4777 1647 4838 si
1678 4797 1738 4837 non
1770 4786 1932 4859 appareat,
1969 4786 2043 4838 tunc
2075 4777 2246 4839 convenitur

418 4880 603 4966 ναύκληρος
618 4878 669 4945 ἐπί
685 4892 753 4944 τῶν
768 4880 1037 4960 ύποδεχθέντωνε
1054 4919 1096 4930 -
1133 4883 1168 4944 ir.
1177 4885 1204 4945 1.
1215 4889 1231 4960 5
1244 4885 1262 4944 3
1273 4883 1322 4946 cit
1350 4884 1499 4947 exercitur
1520 4883 1559 4944 de
1582 4893 1714 4964 recepto.
2090 4884 2129 4945 fr.
2147 4887 2173 4945 1.
2190 4889 2205 4959 5
2220 4886 2245 4942 3.

367 5000 382 5055 '.
486 4988 556 5052 Καί
579 4986 652 5073 περὶ
675 4998 743 5051 τῶν
766 4987 906 5066 σχεδίαν
920 4988 977 5052 καί
993 5000 1061 5053 τῶν
1076 4988 1185 5052 ἄλλοιν
1200 4989 1323 5052 πλοίων
1416 4990 1460 5052 Et
1481 4990 1519 5051 de
1541 4989 1659 5052 ratibus
1682 4991 1847 5070 ueterisque
1869 4990 1999 5069 navigiis
2021 4989 2102 5051 idem
2118 4991 2244 5053 dicimus

419 5092 459 5158 τό
483 5092 567 5159 αύτό
590 5096 737 5177 λέχομενι
754 5133 796 5143 -
1104 5097 1139 5158 ir.
1158 5101 1185 5158 1.
1203 5097 1322 5173 §icit
2092 5097 2128 5158 ir.
2147 5099 2244 5172 154.

367 5217 383 5271 '.
491 5199 531 5265 Oi
552 5199 592 5265 τό
608 5202 724 5266 πλοῖον
740 5202 760 5280 ή
776 5199 816 5266 τό
832 5202 1053 5287 ἐργαστήριον
1068 5201 1323 5284 ἐκγυμνιίζοντες
1417 5203 1479 5281 Qui
1510 5222 1620 5266 navem
1652 5203 1701 5266 vel
1728 5203 1881 5266 officinam
1908 5211 2050 5266 mereant
2081 5212 2112 5265 et
2143 5203 2193 5284 qui
2220 5200 2244 5263 ci

420 5306 535 5371 καλοί
561 5319 779 5392 προεστῶτες,
808 5311 849 5373 οὐ
870 5307 934 5391 μήν
956 5312 989 5373 οἱ
1015 5313 1116 5392 μέσην
1140 5309 1324 5391 ὑπουργίαν
1351 5319 1423 5372 sunt
1444 5309 1616 5391 praepositi,
1644 5331 1707 5371 non
1729 5311 1780 5391 qui
1808 5330 1901 5391 opera
1926 5310 2101 5373 mediastini
2124 5310 2244 5390 iungun-

420 5414 632 5495 ἐκτελοῦντες,
649 5420 817 5494 ἐνέχονται
834 5416 874 5479 οὐ
888 5417 991 5496 μόνον
1006 5415 1056 5480 ἐπί
1072 5425 1143 5489 τοῖς
1158 5414 1323 5502 φορτίοις,
1351 5426 1408 5491 tur,
1432 5426 1580 5492 tenentur,
1603 5438 1666 5478 non
1684 5417 1784 5479 solum
1801 5428 1926 5498 propter
1941 5438 2063 5496 merces,
2087 5417 2142 5479 sed
2160 5417 2243 5478 etiam

420 5519 507 5585 όιλλόι
529 5520 585 5585 καί
608 5520 659 5586 ἐπί
682 5526 723 5609 τῇ
742 5521 865 5599 ἐσθῆτι
888 5520 973 5609 ᾗτινι
997 5528 1030 5586 ἐν
1053 5526 1100 5604 τῷ
1119 5522 1223 5604 πλοίῳ
1235 5523 1324 5604 χρώ·
1350 5534 1472 5605 propter
1485 5534 1609 5594 vestem.
1624 5544 1686 5605 qua
1701 5524 1733 5585 in
1747 5543 1827 5586 nave
1841 5524 1955 5586 utimur
1969 5534 2000 5587 et
2014 5533 2139 5605 propter
2153 5531 2244 5585 cetera

419 5629 515 5712 μεθα
545 5626 603 5693 καί
640 5626 690 5692 ἐπὶ
726 5637 798 5703 τοῖς
833 5629 960 5704 λοιποῖς
990 5638 1061 5703 τοῖς
1096 5625 1179 5712 πρός
1212 5628 1324 5704 καθη-
1351 5651 1429 5711 quae
1444 5631 1484 5692 ad
1499 5630 1698 5693 cottidianum
1713 5651 1803 5693 usum
1817 5630 1978 5712 pertinent
2001 5640 2033 5693 et
2042 5632 2180 5713 quamvis
2189 5648 2243 5689 nou

419 5735 553 5820 μερικὴν
571 5746 705 5820 χρήσιν.
739 5741 766 5799 ιλ
789 5734 904 5819 καὶμὴ
920 5730 940 5825 ᾖ
959 5740 1051 5819 ήμῶν
1070 5733 1115 5800 τίι
1130 5735 1323 5821 πράγματα,
1351 5739 1412 5800 sint
1429 5746 1550 5800 nostrae
1571 5758 1629 5813 res,
1652 5748 1753 5801 tamen
1770 5746 1875 5800 nostra
1893 5738 1995 5813 reiert3
2019 5759 2092 5800 nam
2115 5736 2198 5800 nobis
2214 5742 2242 5796 et

491 5893 1117 6043 :pstriteretperpersmflbactattaiaaa
1180 5893 1323 5953 ’itacod

563 5984 656 6060 .Syn
