4842 7018
794 460 975 527 ΟΑΡΙΤΑ
996 461 1144 530 LEGIS
1166 460 1475 529 RHODIORUM
1986 458 2048 521 113

219 635 276 699 καὶ
303 633 348 701 τά
372 639 546 724 χρήματα·
563 642 760 727 ,στρώματα
787 639 821 704 δὲ
844 640 901 705 καί
925 643 1042 724 ἱμάτια
1063 642 1120 707 καί
1148 653 1213 707 tota
1228 646 1413 707 aestimatur.
1451 652 1482 705 et
1496 642 1522 705 si
1536 642 1634 704 iactus
1656 640 1718 716 fiat,
1741 640 1885 719 magistro
1905 648 1936 701 et
1951 646 2049 701 vecto·

221 742 319 821 σκεύη
335 746 447 808 πάντα
463 746 674 828 ἐκτιμάσθω·
697 746 754 811 καὶ
770 744 828 811 ἐάν
842 752 976 829 γένηται
992 749 1119 834 ἐκβολή,
1148 752 1232 814 ribus
1250 773 1312 813 non
1326 751 1408 813 ultra
1422 750 1532 812 libram
1541 770 1643 823 unam,
1659 748 1854 829 gubernatori
1868 755 1899 808 et
1913 754 2049 826 proretae

220 854 267 931 τῷ
299 852 473 937 ναυκλήρῳ
504 852 561 916 καί
594 863 665 927 τοῖς
697 852 870 938 ἐπιβάταις
893 854 937 937 μὴ
973 858 1121 930 πλειόνος
1148 879 1210 920 non
1228 858 1310 920 ultra
1326 858 1482 919 dimidiam
1507 856 1625 931 libram,
1649 864 1761 917 nautae
1784 861 1956 934 grammata
1976 852 2049 925 tria;

219 957 335 1042 λίτρας
357 968 448 1039 μιᾶς,
471 957 654 1046 κυβερνήτῃ
678 960 712 1023 δέ
734 960 791 1024 καί
815 971 942 1047 πρωρεῖ
952 961 995 1045 μὴ
1012 964 1122 1027 πλεῖον
1148 966 1234 1046 pueri
1256 975 1287 1026 et
1309 965 1334 1026 si
1357 965 1425 1044 quis
1448 963 1526 1025 alius
1549 962 1639 1025 simul
1662 962 1788 1040 navigat
1810 981 1870 1021 non
1894 959 1933 1020 ad
1947 958 2050 1021 vendi·

220 1064 401 1147 ημιλίτρου,
426 1064 530 1151 ναύτη
553 1066 736 1151 γράμματα
752 1069 839 1154 τρία.
878 1068 991 1143 παῖδες
1007 1069 1041 1133 δέ
1063 1069 1120 1133 καλ
1148 1074 1261 1133 tionem
1290 1071 1438 1133 adductus
1465 1071 1562 1132 tribus
1589 1069 1687 1130 minis.
1733 1068 1766 1130 Si
1793 1067 1862 1148 quis
1886 1066 1926 1127 ad
1948 1065 2050 1127 vendi·

221 1174 250 1233 εί
275 1194 325 1244 τις
353 1171 452 1246 ἀλλος
475 1174 639 1254 συμπλέει,
667 1173 710 1256 μη
739 1179 790 1238 ἐπὶ
818 1177 937 1260 πράσει
962 1178 1122 1259 ἀγόμενος
1149 1179 1261 1240 tionem
1284 1179 1461 1253 adducatur,
1490 1177 1609 1238 duabus
1630 1176 1729 1237 minis.
1775 1174 1947 1237 Secundum
1970 1172 2050 1252 quod

219 1277 478 1359 κατατιμήνων.1
503 1276 561 1342 ἐάν
576 1278 610 1343 δέ
627 1302 676 1354 τις
692 1280 743 1344 ἐπὶ
759 1284 878 1364 πράσει
895 1285 1015 1364 ἄγηται
1032 1280 1122 1347 κατά
1149 1296 1180 1346 et
1202 1286 1228 1346 si
1250 1304 1361 1346 merces
1383 1286 1542 1366 rapiantur
1555 1284 1605 1346 vel
1628 1283 1667 1344 ab
1689 1282 1827 1344 hostibus
1849 1280 1898 1342 vel
1917 1301 1937 1341 a
1958 1280 2050 1340 latro

220 1384 280 1447 δύο
295 1386 408 1466 μύνας.
438 1383 529 1448 κατά
545 1395 645 1450 τοῦτο
662 1386 761 1452 δὲκαὶ
772 1386 829 1452 ἐάν
841 1391 1122 1476 γρηματαάφαρ-
1149 1390 1238 1452 nibus
1264 1390 1315 1453 vel
1343 1411 1362 1451 a
1388 1391 1495 1472 piratis
1524 1412 1592 1453 cum
1615 1391 1651 1451 iis
1674 1410 1752 1470 quae
1775 1388 1814 1449 ad
1836 1396 1947 1449 nautas
1970 1406 2051 1466 spoc-

220 1496 309 1578 παγῇ
327 1488 388 1555 ὑπὸ
405 1493 566 1574 πολεμίων
581 1492 601 1569 i>
616 1494 747 1579 ληστῶν
762 1495 782 1572 ὴ
799 1507 964 1581 πειρατῶν
979 1493 1040 1560 σὺν
1055 1508 1123 1559 τῶν
1148 1506 1224 1572 tant,
1253 1507 1285 1560 et
1311 1498 1370 1558 hae
1397 1499 1436 1560 ad
1469 1498 1721 1560 contributionem
1752 1495 1876 1557 veniant
1903 1503 1933 1556 et
1964 1493 2052 1554 iuxta

220 1597 451 1683 διαφερόντων
479 1608 549 1673 τοῖς
578 1600 729 1683 ναύταις,
761 1601 819 1666 καλ
848 1612 956 1666 ταῦτα
988 1608 1031 1677 είς
1064 1601 1122 1667 τὸν
1149 1604 1233 1666 illam
1256 1605 1404 1666 rationem
1427 1605 1664 1667 contribuuntur.
1710 1603 1743 1665 si
1765 1602 1841 1664 lucri
1863 1602 1989 1663 societas
2012 1599 2052 1661 sit

220 1701 466 1791 συμψηφισμὸν
488 1708 761 1791 εἰσερχέσθωσαν
783 1708 841 1773 καλ
863 1706 953 1774 κατὰ
976 1708 1014 1774 τὸ
1038 1708 1121 1774 αὐτὸ
1149 1719 1313 1786 contracta,
1336 1719 1497 1793 postquam
1520 1719 1697 1792 computata
1717 1709 1832 1771 fuerint
1853 1709 1955 1770 omnia
1974 1727 2052 1786 quae

220 1811 476 1896 conpetitore.
513 1814 555 1876 Εί
583 1813 617 1877 δέ
641 1813 822 1903 σύμφωνον
848 1816 1123 1902 κερδοκοινωνίας
1149 1820 1181 1879 in
1203 1839 1282 1880 nave
1308 1818 1421 1880 fuerint
1448 1828 1479 1881 et
1504 1819 1572 1899 ipsa
1598 1818 1699 1891 navis,
1729 1837 1784 1898 pro
1811 1815 1887 1877 lucri
1913 1814 2052 1895 portione

219 1916 299 1998 ἐστὶ,
322 1915 406 2000 μετὰ
428 1916 468 1982 τὸ
485 1917 621 1983 ἅπαντα
643 1924 934 2008 συμψηφισθῆναι
959 1921 1002 1987 τά
1022 1928 1120 2005 ἐντῷ
1150 1926 1260 2005 singuli
1283 1926 1374 1987 etiam
1397 1926 1542 1986 damnum
1565 1925 1646 2006 quod
1668 1923 1783 1986 factum
1806 1931 1853 1983 est
1875 1921 2014 1984 sentiant

220 2026 322 2107 πλοίῳ
350 2024 407 2089 καί
436 2023 475 2089 τύ
504 2028 619 2091 πλοῖον
645 2027 736 2091 κατά
765 2026 804 2092 τὸ
836 2029 954 2115 κέρδος
981 2036 1122 2103 έκαστος

220 2136 460 2213 ἐπιγινωσκέτω
483 2133 540 2197 καί
564 2133 625 2212 την
647 2141 905 2219 προςγενομένην
928 2139 1054 2219 ζημιάν.

167 2245 184 2297 ’.
286 2235 361 2301 Ἐάν
387 2239 571 2325 ναύκληρος
603 2240 674 2323 άμα
704 2253 776 2317 τοῖς
807 2242 945 2318 ναύταις
977 2245 1122 2330 ἀμεληση
1217 2245 1251 2307 si
1273 2248 1417 2327 magister
1439 2247 1529 2307 simul
1557 2266 1626 2307 cum
1647 2245 1749 2306 nautis
1775 2244 1938 2324 neglegens
1960 2241 2051 2304 fuelit
2123 2284 2130 2297 ·

220 2344 277 2408 καλ
310 2345 419 2432 συμβῇ
457 2346 595 2427 ζημιάνλ
633 2349 652 2426 λγ
682 2352 857 2431 ναυάγιον,
891 2353 909 2414 d
939 2350 1123 2434 ναύκληρος
1150 2363 1181 2414 et
1212 2354 1329 2415 iactura
1365 2354 1497 2415 evenerit
1528 2352 1577 2415 vel
1608 2352 1808 2431 naufragium,
1845 2350 1990 2431 magister
2020 2358 2052 2409 et

220 2450 277 2515 καί
311 2455 344 2515 οί
379 2462 497 2516 ναύται
537 2454 799 2521 ὑποκείσθωσαν
834 2462 882 2540 τῷ
916 2460 1047 2542 ἐμπόρῳ
1080 2463 1123 2531 είς
1151 2468 1263 2522 nautae
1284 2469 1444 2523 teneantur
1458 2461 1616 2522 mercatori
1634 2459 1680 2520 ad.
1690 2459 1834 2520 damnum
1850 2457 2050 2519 reficiendum.

221 2557 281 2635 τὴν
309 2560 473 2623 ἀπόδοσιν
501 2573 559 2638 τῆς
591 2564 715 2646 ζημίας.
765 2568 792 2627 εί
820 2564 854 2627 δέ
879 2563 946 2629 ἀπὸ
974 2565 1124 2646 ἀμελείας
1151 2567 1232 2647 quod
1260 2567 1285 2628 si
1311 2588 1351 2629 ex
1376 2567 1568 2648 neglegentia
1594 2565 1768 2627 mercatoris
1795 2564 1941 2626 damnum
1963 2563 2051 2626 navis

221 2675 283 2729 τοῦ
312 2670 460 2752 ἐμπόρου
492 2668 602 2756 συμβῇ
629 2672 795 2734 ἀπώλειαν
827 2680 888 2735 τοῦ
919 2673 1036 2735 πλοίου
1066 2670 1122 2735 καί
1151 2675 1308 2754 onerisque
1329 2673 1393 2735 fieri
1415 2674 1579 2753 contigerit,
1602 2680 1742 2734 teneatur
1759 2679 1907 2733 mercator
1928 2679 2052 2751 propter

221 2781 283 2835 τοῦ
309 2774 414 2855 γόμου
441 2776 617 2856 γενέσθαι,
647 2778 841 2842 ὑποκείσθω
875 2781 893 2842 ὁ
921 2782 1063 2863 ἐμπορος
1090 2783 1124 2841 ἐν
1151 2781 1303 2859 naufragii
1317 2782 1463 2861 navisque
1477 2782 1633 2843 iacturam.
1661 2779 1741 2860 quod
1757 2778 1894 2858 sineque
1909 2778 2052 2855 magistro

221 2884 262 2965 τῆ
289 2881 388 2960 ζημία
414 2890 476 2945 τοῦ
503 2886 666 2964 ναυαγίου
687 2884 744 2948 καλ
772 2889 813 2971 τῇ
838 2895 899 2949 τοῦ
923 2887 1048 2949 πλοιόν.
1098 2890 1123 2948 εί
1151 2886 1340 2967 impediente,
1363 2908 1461 2968 neque
1475 2889 1586 2960 nautis,
1608 2907 1704 2967 neque
1718 2893 1893 2958 mercatore,
1908 2884 2052 2945 damnum

223 2985 257 3049 δέ
287 2997 349 3051 τοῦ
377 2990 565 3074 ναυκλήρου
590 2989 634 3073 μη
664 2991 918 3071 ἐμποδίσαντος,
948 2992 1028 3074 μηδὲ
1058 3002 1125 3055 τῶν
1152 2993 1203 3055 vel
1229 2993 1422 3072 naufragium
1449 2993 1593 3066 evenerit,
1620 3001 1722 3073 partes
1750 3001 1888 3055 servatae
1910 2992 1998 3053 navis
2022 3000 2053 3051 et
2144 3062 2150 3067 ,

222 3105 368 3175 ναυτῶν,
406 3095 486 3177 μηδὲ
522 3107 584 3160 τοῦ
616 3099 774 3183 ἐμπόρου,
813 3098 922 3185 συμβῇ
954 3100 1072 3181 ζημίαν
1105 3099 1124 3176 ί]
1153 3100 1250 3161 oneris
1274 3100 1305 3160 in
1328 3101 1579 3163 contributionem
1602 3102 1733 3162 veniant

222 3203 392 3282 ναυάγιον,
416 3200 460 3266 τά
476 3204 645 3286 σωζόμενα
667 3209 748 3289 μέρη
771 3214 833 3269 τοῦ
854 3206 971 3269 πλοίου
985 3205 1042 3270 καί
1059 3216 1125 3269 τῶν

224 3310 376 3394 φορτίων
399 3312 442 3382 είς
465 3309 634 3395 συμβολὴν
656 3312 888 3397 ἐργέσθωσαν.

168 3420 185 3471 ’.
294 3414 428 3499 Φορτία
442 3418 571 3498 μεγάλα
584 3417 640 3481 καί
657 3418 823 3501 πολύτιμα
837 3417 1126 3503 μηέμβαλέτωσαν
1219 3420 1336 3482 Merces
1365 3440 1491 3497 magnas
1514 3428 1545 3481 et
1567 3420 1715 3499 pretiosas
1739 3439 1777 3480 ne
1799 3419 1957 3500 imponant
1979 3439 2053 3480 mer·
2125 3461 2131 3473 ·

223 3523 256 3584 οί
278 3525 414 3605 ἔμποροι
443 3522 501 3586 καί
530 3525 562 3587 οί
584 3524 737 3609 ἐπιβάται
767 3530 812 3599 είς
835 3526 950 3589 πλοῖον
973 3527 1124 3590 παλαιόν.
1153 3535 1268 3589 catores
1296 3536 1327 3589 et
1353 3536 1491 3588 vectores
1518 3527 1590 3589 navi
1617 3527 1721 3589 veteri.
1765 3527 1846 3606 quod
1874 3527 1899 3587 si
1922 3526 2053 3606 imposu-

222 3629 264 3691 Εί
292 3628 326 3691 δέ
355 3629 557 3714 ἐμβάλωσιν,
585 3629 642 3694 ἐάν
670 3641 731 3695 τοῦ
753 3632 871 3695 πλοίου
894 3634 1125 3716 ἀρμενίζοντος
1152 3635 1237 3697 erint
1251 3642 1282 3695 et
1303 3634 1391 3695 navis
1413 3634 1470 3695 iter
1492 3634 1605 3696 faciens
1620 3634 1831 3695 detrimentum
1852 3633 1990 3713 patiatur
2004 3632 2054 3695 vel

223 3736 322 3821 πάθη
355 3734 375 3811 ἢ
408 3734 605 3822 διαφθαρῇ,
638 3740 656 3801 ό
689 3741 872 3825 φορτώσας
910 3738 950 3803 τὸ
982 3736 1126 3803 παλαιὸν
1152 3750 1263 3822 pereat,
1286 3741 1312 3802 is
1335 3741 1387 3820 qui
1409 3750 1539 3802 veterem
1562 3740 1665 3802 navim
1689 3740 1827 3803 oneravit
1849 3760 1880 3801 se
1898 3739 1998 3820 ipsum
2016 3739 2054 3800 de

224 3842 339 3905 πλοῖον
362 3840 481 3905 ἑαυτὸν
504 3841 571 3906 ἀπὸ
596 3855 653 3921 της
676 3857 735 3926 γῆς
758 3847 933 3910 ἀπώλεσεν.
981 3844 1064 3910 όταν
1091 3846 1125 3909 δέ
1153 3857 1234 3909 terra
1264 3847 1401 3929 perdidit
1456 3868 1525 3909 cum
1556 3868 1629 3909 vero
1659 3856 1843 3909 mercatores
1873 3847 2054 3919 conducant,

224 3951 256 4011 οί
283 3952 419 4032 ἔμποροι
447 3950 648 4030 ναυλῶνται,
683 3954 947 4035 ἐπερωτάτωσαν
978 3953 1126 4038 ἀκριβῶς
1153 3955 1339 4033 interrogent
1364 3953 1524 4034 diligenter
1550 3954 1626 4015 alios
1657 3963 1849 4028 mercatores,
1880 3954 1933 4034 qui
1964 3961 2055 4014 antea

224 4053 318 4138 παρά
340 4067 408 4119 τῶν
431 4057 540 4120 άλλων
563 4058 715 4142 ἐμπόρων
739 4057 804 4139 πρὸ
828 4061 939 4124 αὐτῶν
961 4060 1125 4124 ἐπιπλεόν-
1153 4061 1371 4141 navigaverint,
1394 4062 1490 4123 etsie
1513 4081 1604 4122 onera
1626 4062 1794 4142 imponant
1834 4069 1920 4122 etan
1942 4060 2056 4122 babeat

223 4185 290 4225 των
312 4162 369 4226 καλ
393 4160 498 4237 ούτως
521 4162 770 4248 ἐπιβαλέτωσαν
792 4161 853 4238 τάς
875 4168 1030 4244 ἐνθῆκας.
1070 4164 1127 4231 έάν
1154 4169 1240 4230 navis
1255 4188 1343 4229 omne
1358 4167 1448 4248 plene
1463 4167 1704 4243 instrumentum,
1725 4167 1860 4230 validam
1880 4176 2055 4229 antemnam

224 4270 258 4332 δέ
281 4273 339 4355 ἔχη
362 4267 401 4333 τὸ
425 4271 541 4334 πλοῖον
568 4280 683 4335 πάσαν
705 4268 765 4347 τὴν
788 4274 968 4354 ἐπιχειρίαν
989 4274 1125 4353 τελείως,
1154 4276 1311 4347 maiorem,
1343 4275 1415 4336 vela
1446 4284 1477 4335 et
1504 4276 1661 4355 segestria‚
1693 4294 1820 4336 ancoras
1852 4282 1883 4335 et
1913 4274 2054 4335 rudentes

224 4376 439 4460 ίστοκεραίαν
466 4375 623 4461 ἰσχυράν,
652 4379 779 4461 ἀρμενά
806 4400 841 4441 τε
863 4377 921 4442 καλ
946 4378 1125 4466 διφθέρας,
1154 4381 1339 4442 cannabinas
1355 4382 1491 4443 diversas
1505 4389 1536 4443 et
1550 4381 1655 4443 lintres
1669 4382 1840 4455 instructos,
1861 4390 1935 4462 apta
1949 4380 2055 4461 guber·

224 4481 373 4566 ἀγκύρας
401 4483 515 4547 τεκαὶ
539 4494 661 4561 σχοῖνα
682 4485 871 4570 καννάβινα
894 4486 1045 4574 διάφορα
1068 4485 1126 4550 καὶ
1155 4486 1266 4550 ηοστιλε
1287 4498 1318 4549 et
1338 4497 1449 4549 nautas
1472 4487 1667 4562 sufficientes,
1693 4488 1820 4568 peritos,
1849 4487 1957 4568 agiles,
1980 4487 2055 4568 vigi·

223 4590 397 4675 καράβους
420 4592 664 4673 ἐξηρτημένους,
689 4594 830 4671 αύγένας
853 4592 1052 4670 ἐπιτηδείους
1069 4592 1125 4657 καί
1154 4594 1252 4655 lantes
1275 4603 1306 4655 et
1328 4594 1425 4656 latera
1446 4615 1507 4656 non
1530 4595 1678 4657 dissoluta
1700 4604 1730 4656 et
1752 4595 1784 4656 in
1807 4615 1925 4656 summa
1940 4594 1977 4655 de
1993 4614 2055 4655 om·

225 4695 349 4770 ναύτας
372 4693 450 4771 τούς
472 4700 661 4783 ἀρκοῦντας
683 4697 858 4773 ναυτικοὺς
880 4696 1023 4785 γοργούς
1050 4721 1127 4781 γρη-
1154 4701 1243 4762 nibus
1265 4711 1413 4780 quaerant
1435 4711 1617 4763 mercatores
1639 4711 1671 4763 et
1693 4702 1736 4764 sic
1758 4703 1922 4782 imponant

224 4813 423 4886 γοροῦντας,
461 4803 505 4868 τά
543 4806 670 4887 πλάγια
703 4805 745 4888 μὴ
784 4807 1033 4891 παραλελυμένα
1069 4805 1126 4870 καί

225 4911 337 4985 άπλῶς
366 4913 398 4973 ol
424 4915 560 4995 ἐμποροι
590 4910 635 4977 τά
662 4916 774 4977 πάντα
801 4914 1047 4993 ἐπιζητητωσαν
1069 4913 1126 4977 καί

225 5014 332 5091 ούτως
355 5018 610 5103 ἐπιβαλέτωσαν.

145 5123 188 5195 ιβ.
290 5124 365 5188 Ἐάν
396 5148 447 5199 τις
479 5127 682 5211 παράθηται
714 5130 747 5189 ἐν
779 5126 882 5207 πλοίῳ
914 5126 934 5203 η
971 5133 1005 5190 ἐν
1037 5131 1126 5209 οίκιμ,
1222 5127 1255 5189 Si
1283 5128 1350 5207 quis
1377 5128 1410 5189 in
1436 5130 1509 5191 nari
1536 5129 1663 5192 domove
1690 5130 1837 5209 deponere
1862 5127 1944 5202 velit,
1973 5127 2055 5208 apud
2119 5111 2134 5181 '-

225 5235 364 5314 γνωστῷ
391 5232 448 5296 καί
477 5238 618 5315 πιστικῴ
646 5233 902 5316 παρατιθέσθω
930 5231 980 5296 ἐπί
1004 5233 1127 5316 μαρτύ·
1155 5235 1304 5296 hominem
1331 5243 1437 5297 notum
1465 5245 1497 5297 et
1522 5236 1641 5297 fidelem
1667 5235 1799 5315 deponat
1826 5255 1929 5296 coram
1959 5234 2055 5295 tribus

227 5361 295 5423 ρων
317 5350 426 5423 τριῶν.
472 5337 531 5402 ἐάν
554 5339 588 5403 δέ
611 5333 631 5427 ᾖ
653 5338 693 5404 τὸ
718 5341 810 5422 θέμα
828 5337 927 5425 βαρὺ,
951 5342 1128 5426 ἐγγράφως
1154 5340 1289 5404 testibus.
1339 5342 1420 5420 quod
1452 5343 1478 5404 ai
1504 5362 1597 5422 grave
1624 5342 1664 5403 sit
1690 5342 1874 5422 depositum,
1906 5341 2056 5422 scriptura

226 5445 287 5522 τὴν
303 5447 511 5528 παραθήκην
527 5446 751 5529 παραδιδότω.
790 5443 848 5509 ἐάν
864 5447 897 5510 δὲ
913 5451 984 5533 είπη
1001 5449 1019 5510 ὁ
1036 5447 1127 5530 δεξά-
1155 5447 1291 5510 confecta
1313 5448 1482 5527 depositum
1511 5448 1620 5510 tradat
1666 5450 1746 5530 quod
1774 5450 1799 5510 si
1822 5448 1932 5510 dixerit
1953 5448 1979 5510 is
2003 5449 2055 5529 qui

225 5574 321 5634 μενος
344 5553 525 5638 φυλάττειν
540 5552 651 5634 αὐτὴν,
676 5551 727 5616 ὅτι
745 5554 904 5635 ἀπώλετο,
929 5554 981 5616 δεῖ
992 5554 1127 5632 δειγθη·
1155 5554 1286 5635 suscepit
1308 5574 1371 5616 rem
1394 5556 1620 5617 custodiendam
1643 5577 1710 5618 eam
1732 5557 1862 5636 periisse,
1886 5563 2004 5636 oportet
2021 5564 2056 5616 ut

226 5682 280 5723 ναι
300 5658 360 5737 τὴν
376 5659 576 5743 διωρνγηνδ
596 5657 640 5724 τά
656 5659 749 5741 σύλα,
773 5662 882 5724 πόθεν
903 5657 1056 5723 ύπεστιν8
1069 5659 1127 5724 καλ
1154 5661 1301 5742 perfossio
1328 5662 1505 5723 ostendatur
1531 5671 1563 5724 et
1589 5663 1669 5724 unde
1695 5662 1809 5724 furtum
1837 5663 1946 5724 accidit
1968 5671 2000 5724 et
2021 5672 2056 5724 ut

228 5767 357 5849 ὀμνύειν
374 5754 435 5830 ιύτι
465 5765 566 5841 αὐτὸς
594 5769 655 5830 ούκ
682 5767 901 5831 ἐδολιεύσατο.
947 5764 1004 5831 ἐάν
1027 5767 1060 5830 δὲ
1083 5765 1127 5850 μὴ
1154 5770 1219 5849 ipse
1241 5768 1320 5830 iuret
1343 5788 1408 5831 sese
1430 5768 1492 5829 doli
1507 5779 1660 5849 expertem
1676 5790 1748 5832 esse.
1789 5771 1848 5831 nisi
1863 5780 1964 5831 autem
1980 5770 2055 5831 haec

227 5872 324 5957 δείξῃ,
347 5872 469 5948 καθὼς
491 5873 687 5959 παρέλαβεν,
711 5884 784 5938 σῶα
807 5873 1007 5938 ἀποδιδότω.
1155 5875 1336 5955 probaverit,
1359 5875 1510 5954 quomodo
1533 5878 1673 5957 suscepit,
1696 5877 1741 5939 ita
1762 5887 1793 5939 et
1814 5878 1962 5938 restituat

317 6014 386 6069 ¹ita
403 6015 463 6069 cod.
544 6014 617 6069 'ed
635 6016 687 6070 ins.
706 6016 845 6088 γενέσθαι.
927 6013 993 6068 ⁸an
1010 6013 1143 6081 ύπίστηλ,

289 6113 355 6154 anu.
375 6112 458 6154 mvn.
1429 6143 1431 6147 -
1802 6111 1834 6159 lt
