4978 7018
442 463 485 526 42
1051 461 1205 529 LIBER
1226 463 1364 529 XXXV.
1409 462 1498 530 uir.
1521 462 1666 530 n-lv.

441 645 468 704 ai
495 639 538 724 μὴ
567 643 636 727 ἀρα
666 643 848 728 προνόμιον
875 643 982 707 ίδικόν
1009 647 1099 707 ἐστιν
1127 649 1160 708 ἐν
1182 646 1284 732 ἐκείνῃ
1304 649 1345 732 τῇ
1373 647 1449 709 ciale
1472 647 1566 709 sitin
1587 667 1624 709 ea
1646 646 1776 719 civitate,
1798 654 1916 708 utnon
1939 645 1971 705 in
1995 655 2160 726 conspeetu
2181 653 2267 708 testa·

287 754 335 823 [οέ
349 757 404 809 28'.
441 748 541 829 πόλει,
569 747 649 823 ὥςτε
671 747 714 830 μή
739 749 786 813 ἐπ’
812 752 913 835 όεμεσι
942 760 1003 814 τοῦ
1024 751 1261 832 διατιθεμένου
1285 749 1345 825 τάς
1373 755 1446 815 toris
1469 753 1569 834 sigillo
1591 754 1794 834 imponantur.
2038 773 2064 815 o.
2082 755 2111 814 9.
2127 749 2160 813 C.
2177 756 2204 827 6,
2221 756 2266 816 23.

440 855 635 942 σφραγίδας
658 856 906 921 ἐπιτίθεσθαι.1
1081 879 1106 921 o.
1124 862 1152 921 9.
1168 859 1202 922 G.
1218 858 1275 934 VI,
1294 863 1344 921 23.

500 958 624 1046 Ὥσπερ
648 967 695 1044 τῷ
717 962 860 1048 βασιλεῖ,
885 962 991 1040 ούτως
1013 964 1070 1029 καί
1094 975 1165 1039 τοῖς
1188 961 1263 1030 οἷαν
1286 959 1345 1030 ούν
1439 966 1536 1029 Sicuti
1553 968 1691 1049 principi,
1715 968 1759 1028 ita
1772 966 1832 1028 illis
1847 967 1900 1047 qui
1914 966 2090 1045 dignitatem
2109 966 2267 1047 quamlibet

440 1070 540 1153 ἀξίαν
563 1069 582 1147 b
606 1068 715 1156 ἀργήν
743 1074 855 1148 έχουσι
886 1072 1197 1154 καταλιμπανέσθω
1227 1074 1344 1156 κληρο-
1371 1074 1421 1138 vel
1443 1075 1600 1156 imperium
1624 1073 1740 1136 habent
1760 1074 1949 1155 relinquatur
1970 1072 2124 1135 hereditas
2142 1085 2173 1134 ot
2193 1073 2266 1154 lega·

439 1179 558 1258 νομιάν
584 1175 642 1241 καὶ
669 1178 823 1259 ληγάτον.
869 1182 896 1242 ελ
924 1178 958 1242 δέ
982 1201 1032 1253 τις
1058 1179 1258 1264 κληρονομεῖ
1276 1178 1343 1244 ἀπὸ
1371 1191 1446 1243 tum.
1491 1183 1610 1244 sivero
1633 1182 1701 1262 quis
1727 1181 1813 1243 heres
1836 1181 1876 1242 sit
1898 1200 1938 1242 ex
1959 1189 2141 1242 testamento
2162 1180 2265 1244 veleb

439 1282 608 1360 διαθήκης
635 1282 655 1361 ἢ
678 1285 712 1368 ἐξ
736 1284 926 1349 ἀδιαθέτου
948 1323 990 1334 -
1019 1324 1061 1333 -
1089 1287 1219 1368 ληγιίτα
1240 1309 1343 1351 κατα·
1371 1290 1514 1351 intestato
1542 1324 1584 1335 -
1612 1324 1655 1335 -
1683 1288 1785 1369 legats
1812 1287 1928 1350 solvere
1956 1286 2143 1367 adgnorarit,
2170 1286 2265 1350 abeo

439 1388 571 1473 δέξηται
595 1392 807 1477 καταβαλεῖν,
825 1393 1040 1457 ἀπαιτεῖσθαι
1064 1394 1160 1457 αὐτοί.
1250 1398 1342 1458 616.
1370 1404 1552 1477 repetantur.
2180 1397 2264 1457 616.

503 1498 550 1561 ‘H
567 1496 719 1582 διάταξις
741 1497 858 1563 κελεύει
881 1499 924 1582 μή
947 1502 1079 1574 πάντως
1094 1501 1245 1580 ἀνάγκην
1260 1497 1341 1566 εἶναι
1438 1502 1621 1565 Constitutio
1644 1502 1790 1583 praecipit
1811 1522 1872 1563 non
1888 1502 2008 1563 omnino
2024 1508 2163 1581 oportere
2183 1510 2265 1563 testa

438 1607 486 1685 τῷ
509 1603 731 1687 διατιθεμένῳ
748 1608 925 1690 παρόντων
941 1618 1008 1671 τῶν
1025 1608 1205 1692 μαρτύρων
1221 1609 1342 1689 ύπαγο-
1371 1617 1464 1671 torem
1492 1609 1701 1690 praesentibus
1728 1609 1856 1671 testibus
1883 1608 2027 1671 oonfioere
2050 1616 2264 1681 testamentum,

438 1710 542 1796 ρεύειν
565 1710 625 1789 τὴν
641 1712 813 1791 διαθήκην
828 1714 899 1777 ἀλλ’
925 1715 1042 1798 ἐξεῖναι
1064 1713 1225 1797 αὐτῷκαὶ
1242 1716 1343 1778 ἀπόν-
1371 1716 1423 1777 sed
1444 1716 1535 1778 lieere
1557 1717 1584 1778 ei
1606 1724 1637 1777 et
1659 1714 1835 1777 absentibus
1857 1716 1899 1777 eis
1922 1714 2066 1777 oonfioere
2089 1722 2120 1775 et
2137 1714 2263 1789 seribere,

438 1840 506 1880 των
528 1819 640 1882 αὐτῶν
663 1820 889 1903 ἀπαγορεῦσαι
914 1820 971 1885 καλ
994 1832 1129 1909 γραψαι
1152 1820 1209 1886 ἵνα
1230 1825 1340 1904 μέντοι
1370 1832 1405 1884 ut
1434 1821 1643 1903 praesentibus
1674 1821 1735 1882 illis
1768 1820 1915 1902 signando
1948 1820 2088 1883 adfirmet
2120 1822 2264 1901 proprium

438 1929 712 2009 παραγινομένων
739 1929 850 1992 αύτωυ
878 1928 931 2016 ἐφ’
962 1920 988 2010 ᾧ
1019 1931 1214 2016 σφραγίσας
1241 1928 1342 2003 αὐτὸς
1369 1950 1434 1992 esse
1455 1937 1671 1991 testamentum
1694 1937 1725 1990 et
1747 1948 1807 1990 uno
1823 1928 1986 2009 eodemque
2004 1936 2141 2010 tempora
2155 1927 2264 2007 signent

438 2031 628 2118 ὁμολογήσῃ
651 2032 712 2110 τήν
734 2034 907 2113 διαθήκην
930 2035 1020 2099 ἰδίαν
1043 2032 1125 2101 εἶναι
1156 2036 1213 2101 καὶ
1238 2042 1271 2100 ἐν
1296 2035 1340 2100 ἐνί
1370 2045 1461 2099 testas
1484 2046 1515 2099 et
1536 2035 1735 2099 subscribant.
2130 2055 2154 2096 α
2171 2037 2208 2095 21
2223 2054 2263 2114 pr.

437 2136 552 2219 καὶτῷ
568 2140 659 2221 αὐτῷ
674 2146 781 2227 καιρῷ
791 2144 1163 2230 κατασφραγίσωσινοί
1177 2145 1342 2230 μάρτυρες

438 2242 495 2308 καί
518 2245 777 2334 ύπογράψωσινε
796 2248 860 2297 —2
1196 2274 1221 2317 o.
1239 2255 1279 2313 21
1296 2274 1341 2333 pr.

505 2352 546 2415 Ei
570 2351 604 2417 δέ
626 2376 675 2428 τις
691 2356 833 2433 ποιήσας
849 2358 983 2442 πρώτην
999 2356 1170 2434 διαθήκην
1186 2357 1342 2442 δευτέραν
1437 2357 1561 2439 Siquis
1587 2356 1668 2420 facto
1691 2357 1789 2439 priore
1812 2365 1993 2419 testamento
2021 2356 2152 2418 alterum
2174 2355 2262 2418 faeere

439 2470 575 2536 ποιησαι
599 2459 766 2549 βουληθῇ,
788 2463 831 2545 μὴ
855 2464 962 2538 ἄλλως
985 2465 1209 2551 ἀφανιζέσθω
1226 2467 1245 2542 ἡ
1262 2486 1341 2548 προ·
1370 2465 1506 2539 voluerit,
1538 2485 1599 2527 non
1627 2464 1715 2527 aliter
1741 2464 1865 2526 inritum
1887 2463 1940 2525 fiet
1966 2463 2065 2544 prius,
2097 2463 2156 2524 nisi
2182 2472 2263 2524 antea

439 2569 529 2649 τέρα,
553 2571 580 2630 εί
602 2569 645 2648 μή
669 2589 705 2649 γε
721 2571 885 2655 πρότερον
900 2573 1044 2654 νομίμως
1064 2574 1084 2648 ἡ
1101 2572 1238 2657 δευτέρα
1253 2575 1342 2653 γένη·
1370 2572 1503 2653 legitima
1525 2571 1691 2634 seeundum
1714 2571 1830 2634 iactum
1853 2572 1893 2632 sit
1913 2580 2141 2632 testamentum.

439 2695 496 2736 ται
520 2672 702 2751 διαθήκη.8
1170 2701 1194 2741 o.
1211 2682 1262 2741 21.
1280 2686 1296 2756 ξ
1314 2683 1342 2742 3.
2102 2698 2127 2739 ς.
2143 2679 2191 2738 21.
2207 2681 2222 2752 5
2237 2677 2261 2737 3.

354 2781 403 2855 ιβ’.
508 2778 567 2857 Μὴ
591 2783 802 2867 ἀναιρείσθω
822 2787 862 2870 τῇ
879 2796 937 2861 τῆς
953 2784 1123 2860 δεκαετίας
1141 2784 1343 2871 παραδρομῇ
1437 2786 1509 2849 Non
1546 2785 1673 2847 tollatur
1706 2784 1810 2848 deeem
1840 2805 1990 2846 annomm
2021 2784 2153 2848 decursu
2183 2792 2262 2845 teste

440 2888 460 2963 ή
477 2886 636 2970 διαθήκη,
652 2894 678 2951 εί
694 2887 738 2971 μὴ
754 2892 824 2976 ἀρα
839 2892 963 2966 τελείας
978 2895 1150 2973 γενομένης
1166 2895 1279 2974 ἐτέρας
1295 2897 1342 2973 ἐγ·
1371 2902 1515 2967 mentum,
1538 2892 1598 2954 nisi
1620 2892 1696 2954 forte
1718 2891 1807 2973 plena
1826 2891 1908 2954 faoto
1923 2892 2019 2954 altero
2035 2893 2069 2953 in
2090 2891 2205 2971 seriptis
2218 2887 2261 2953 vel

439 2994 577 3081 γράφου
593 2994 611 3071 i>
628 2997 789 3084 ἀγράφου
804 2999 959 3062 ἐναντίαν
973 3000 1105 3080 γνώμην
1119 3008 1180 3062 τοῦ
1194 2998 1344 3062 διατιθε-
1371 3001 1435 3061 sine
1457 2999 1576 3080 seriptis
1594 3000 1776 3062 contrariam
1798 2998 1987 3061 voluntatem
2005 2999 2159 3061 testatoris
2177 2997 2261 3058 mani-

439 3104 538 3182 μένσυ
561 3100 723 3178 δηλούσης
746 3100 797 3168 ἐπὶ
820 3100 904 3167 ἐπτά
926 3104 946 3182 ἢ
970 3109 1063 3170 πέντε
1077 3105 1270 3191 μαρτύρωνι
1287 3104 1345 3153 —4
1371 3106 1501 3169 festante
1523 3126 1625 3167 eoram
1648 3113 1761 3186 septem
1776 3104 1827 3167 vel
1849 3106 1982 3186 quinque
2004 3106 2143 3168 testibus.
2179 3125 2203 3167 u
2219 3107 2261 3165 26.

1251 3235 1276 3275 o.
1293 3216 1343 3275 26.

508 3313 784 3402 Ἀφαυισθεισῶν
807 3328 874 3381 τῶν
897 3318 1097 3405 σφραγίδων
1112 3317 1169 3383 καί
1186 3328 1246 3383 τοῦ
1264 3341 1343 3382 παν·
1438 3318 1609 3399 Signaoulis
1632 3317 1742 3380 ablatis
1758 3328 1790 3380 at
1804 3320 1885 3381 omni
1906 3320 1969 3381 lino
1984 3319 2082 3381 reoiso
2098 3319 2148 3382 vel
2162 3319 2262 3380 maiore

441 3421 498 3497 τός
521 3424 613 3487 λίνου
635 3426 794 3498 κοπέντος
817 3423 836 3501 b
860 3433 922 3488 τοῦ
943 3425 1092 3500 πλείονος
1107 3429 1225 3508 μέρους
1240 3427 1345 3489 αὐτοῦ
1371 3426 1435 3488 eius
1462 3435 1549 3506 parta
1576 3426 1601 3488 si
1623 3426 1744 3506 quidem
1772 3435 1899 3489 testator
1925 3426 1982 3489 hoo
2008 3426 2122 3499 feeerit,
2150 3425 2261 3486 inritum

441 3533 468 3593 εί
490 3530 548 3611 μὲν
571 3532 590 3593 6
612 3530 811 3612 διαθέμενος
826 3540 927 3595 τοῦτο
944 3533 1117 3608 πεποίηκεν
1132 3532 1343 3615 ἀναιρείσθω
1372 3535 1411 3595 sit
1432 3543 1659 3606 testamentum
1682 3534 1729 3594 sin
1751 3532 1874 3595 fortuito
1895 3554 1969 3595 casu
1988 3524 2139 3607 aooidarit,
2161 3532 2190 3593 id
2209 3550 2263 3591 non

404 3634 410 3643 ”
441 3638 461 3713 ή
478 3636 642 3714 διαθήκη·
659 3641 685 3701 εί
702 3637 736 3700 δέ
750 3633 841 3700 κατά
856 3637 960 3715 τύχην
974 3642 1110 3719 ἐγένετο,
1125 3638 1225 3720 μηδέν
1241 3636 1344 3716 αὐτὴν
1371 3640 1481 3715 laedat,
1504 3639 1592 3701 modo
1615 3640 1640 3700 si
1663 3639 1798 3720 legitime
1819 3639 1934 3703 fautum
1958 3641 2005 3702 sit
2180 3659 2203 3701 ε.
2218 3639 2262 3699 30.

442 3743 596 3807 ἀδικείτω
619 3745 723 3826 μόνον
745 3749 772 3808 εί
794 3745 938 3826 νομίμως
954 3745 1131 3821 συνετέθηε
1149 3748 1207 3792 -5
1251 3768 1276 3809 o.
1294 3749 1343 3808 30.

267 3887 423 3989 σεῖό
689 3920 1092 3989 nemorumnemorum
1576 3920 1742 3979 rmunus
1761 3921 2070 3989 runmnrxxxv
2283 3905 2366 3968 ιιω

266 3997 422 4140 ίύύλίύύῶ
540 4049 608 4108 τινες
624 4053 713 4100 ''⁰6⁶‘'
730 4043 865 4114 διαθήκην
883 4044 1009 4100 ὅύννντνι
1027 4044 1043 4114 h
1062 4045 1095 4100 οὐ
1113 4045 1245 4100 δύνανται.
1425 4048 1474 4117 qui
1491 4051 1689 4101 tsstsmentnm
1707 4045 1800 4102 faeere
1817 4053 1936 4116 possunt
1952 4046 1998 4102 vel
2016 4064 2075 4102 non
2092 4051 2211 4118 possunt
2276 3981 2371 4107 “²be

372 4190 405 4263 ῥ’,
510 4170 569 4249 Μή
592 4171 761 4257 ἐρρόσθω
783 4171 956 4236 τελευταιά
982 4172 1161 4250 οἱαδήποτε
1187 4171 1345 4257 βούλησις
1415 4173 1488 4236 Non
1519 4173 1622 4236 valeat
1649 4173 1867 4254 qualiscunque
1894 4174 2001 4235 ultima
2027 4174 2169 4236 voluntas
2199 4172 2261 4243 eius,

443 4287 505 4342 τοῦ
526 4276 666 4355 ήττονος
688 4289 757 4342 τῶν
784 4278 1039 4363 δεκατεσσάρων
1065 4280 1238 4343 ἐνιαυτῶν·
1267 4281 1286 4342 6
1310 4278 1344 4342 δέ
1372 4281 1424 4361 qui
1445 4281 1543 4342 minor
1565 4290 1611 4341 est
1633 4280 1874 4361 quattuordecim
1897 4283 1997 4354 annis3
2026 4283 2079 4361 qui
2102 4300 2171 4342 varo
2192 4278 2261 4338 hane

444 4384 572 4449 τούτων
594 4383 742 4468 ἐξελθὼν
765 4383 824 4450 τόν
844 4387 971 4466 χρόνον
988 4384 1053 4449 κάν
1074 4384 1118 4467 μὴ
1142 4388 1343 4468 κεκόσμηται
1372 4398 1494 4467 superat
1517 4396 1654 4461 aetatem,
1679 4388 1749 4449 lieet
1766 4388 1900 4449 nondum
1915 4408 2038 4469 oorpore
2057 4388 2128 4469 pilis
2143 4394 2259 4453 ornetur,

443 4490 483 4556 τό
508 4503 605 4574 σῶμα
628 4490 754 4577 θριξίν,
778 4491 999 4556 διατιθέσθω
1022 4493 1143 4567 καλωςι
1160 4491 1220 4539 —0
1371 4503 1452 4556 reete
1473 4503 1606 4556 testetur.
1988 4515 2013 4558 o.
2029 4498 2050 4556 4
2065 4516 2112 4577 pr.
2128 4492 2161 4555 C.
2177 4496 2203 4565 6,
2218 4491 2260 4551 22.

1059 4622 1084 4663 o.
1101 4602 1121 4661 4
1136 4622 1181 4683 pr.
1197 4600 1230 4663 Ο.
1249 4605 1277 4676 6,
1295 4603 1344 4675 22,

268 4778 354 4854 μιν.
368 4761 426 4844 ἐς.
687 4774 807 4829 uruoc
825 4776 869 4845 ns,
889 4775 1021 4830 eranror
1039 4777 1094 4830 σε’
1580 4774 1746 4833 mutnus
1763 4776 1813 4845 τε,
1831 4775 1938 4831 nmm
1955 4776 2068 4833 xxxv
2281 4763 2332 4819 ιν.
2343 4754 2374 4806 ιε

526 4896 600 4953 Ἕάν
618 4902 657 4962 τίς
675 4918 733 4953 τινα
752 4897 933 4955 διατίθεσθαι
951 4900 1056 4973 κωλύσῃ
1075 4900 1091 4969 ἢ
1110 4901 1258 4974 ἀναγκάσῃ.
1375 4900 1404 4957 Si
1417 4902 1481 4972 quis
1493 4918 1575 4972 quem
1588 4906 1784 4957 testamentum
1796 4900 1888 4957 faeere
1900 4902 2075 4972 prohibuerit
2087 4902 2132 4957 vel
2143 4896 2260 4969 coegerit·

373 5039 408 5092 α’.
508 5023 542 5089 Ὁ
563 5024 716 5100 κωλύσας
739 5028 899 5108 γενέσθαι
927 5026 1153 5109 ήάλλαγηναι
1177 5026 1348 5104 διαθήκην
1442 5029 1506 5106 Qui
1532 5028 1718 5109 prohibuerit
1744 5028 1808 5090 fieri
1836 5028 1887 5091 vel
1914 5031 2025 5090 mutari
2052 5034 2260 5092 testsmentum.

446 5134 490 5206 ὡς
517 5132 552 5215 ἐξ
579 5132 768 5197 ἀδιαθέτου
793 5133 994 5216 καλούμενος
1022 5133 1041 5210 h
1069 5139 1103 5197 ἐν
1129 5138 1278 5218 προτέρα
1300 5155 1348 5215 γε·
1376 5145 1480 5216 utpote
1512 5136 1551 5197 ab
1582 5136 1724 5197 intestato
1756 5146 1883 5198 vocatus
1910 5135 1959 5198 vel
1986 5137 2018 5197 in
2045 5137 2142 5217 priore
2172 5133 2260 5214 [teste

445 5242 632 5323 γραμμένος
663 5242 807 5303 ἐκπίπτει
840 5249 902 5305 τοῦ
931 5241 1055 5325 κλήρου
1084 5238 1142 5304 καλ
1169 5240 1348 5322 δημεύεται.
1377 5242 1492 5326 mento]
1514 5243 1652 5323 scriptus,
1684 5242 1765 5303 cadit
1792 5243 1831 5304 sb
1859 5243 2025 5305 hereditate
2047 5253 2078 5305 at
2098 5243 2129 5303 in
2151 5237 2260 5302 exilium

297 5350 345 5420 γὀλ
359 5354 410 5403 23¹.
447 5348 473 5408 ελ
497 5344 531 5408 δέ
553 5345 610 5409 καί
634 5345 795 5423 δεσπότης
817 5350 1006 5434 γραφέντος
1030 5355 1091 5410 τοῦ
1114 5346 1234 5410 δούλου
1249 5346 1348 5411 κωλύ-
1377 5350 1514 5410 mittitur.
1560 5349 1593 5411 si
1619 5370 1691 5411 vero
1719 5350 1866 5423 dominus,
1900 5369 1986 5412 servo
2013 5351 2132 5430 scripto,
2162 5338 2260 5407 mutari

448 5455 490 5539 σῇ
517 5452 748 5534 ἐναλλαγηναι,
777 5458 804 5518 εί
831 5452 888 5518 καὶ
917 5455 935 5517 6
964 5453 1081 5527 δοῦλος
1108 5452 1350 5537 ἐλευθερωθεὶς
1376 5456 1573 5537 prohibuerit,
1597 5457 1736 5536 quamvis
1759 5477 1863 5519 servus
1886 5456 2011 5518 libertus
2034 5456 2151 5529 adierit,
2177 5448 2261 5512 aufer·

520 5645 589 5699 ¹Ex
607 5645 674 5718 Syn.
693 5648 724 5702 F.
744 5647 780 5701 H.
817 5648 901 5704 Patet
923 5665 957 5704 ex
980 5647 1110 5703 Ambros.
1134 5649 1194 5703 eod.
1218 5651 1350 5704 eonstitu-

447 5737 540 5790 tiones
557 5735 640 5790 huius
658 5736 734 5790 tituli
758 5753 792 5792 ex
814 5736 941 5792 Anatolii
963 5753 1071 5792 summa
1094 5754 1156 5794 essa
1178 5738 1349 5809 deprompta.

519 5822 591 5880 ¹cf.
606 5824 672 5895 Syn.
736 5824 809 5881 'Gi
824 5826 890 5897 Syn.
954 5825 1027 5882 ⁴cf.
1042 5826 1108 5898 Syn.
1176 5826 1263 5883 ⁶cfr.
1276 5827 1350 5897 Epit.

448 5913 484 5968 ιε
501 5913 601 5968 amen.
620 5920 687 5969 mur.
706 5914 807 5969 xxxi
826 5920 868 5971 ει.
950 5915 1021 5971 ⁰61
1040 5916 1108 5973 coe.
1127 5916 1188 5971 Par.
1209 5900 1276 5970 ιἐει
1295 5915 1350 5970 ne.

447 6002 531 6057 Patet
549 6020 623 6057 nune
641 6002 769 6058 Anatolii
787 6021 849 6059 esse
867 6007 1031 6060 versionem.
