4978 7018
455 462 493 506 vr
1221 436 1517 505 PRAEFATIO.

456 644 518 685 non
542 621 630 684 aliter
650 622 727 683 mihi
745 619 961 701 explicandum
983 620 1111 694 videtur,
1136 621 1276 701 quamsi
1300 619 1495 682 admittamus
1510 619 1659 701 quaedam
1681 619 1755 681 folia
1776 619 1808 680 in
1832 619 1996 701 archetypo
2011 619 2167 681 excidisse.
2204 620 2294 683 Huic

456 729 635 810 praefationi
657 727 764 791 tabula
787 727 893 789 addita
916 735 970 800 est,
994 726 1075 788 unde
1096 726 1188 788 facile
1209 726 1340 808 perspici
1362 736 1474 809 potest,
1502 747 1580 809 quae
1606 734 1707 807 partes
1729 727 1761 786 in
1783 727 1926 806 rescripto
1953 726 2056 788 codice
2083 725 2123 787 ad
2145 747 2199 788 nos
2221 746 2293 808 per-

456 844 617 908 venerunt3
640 835 672 896 in
694 854 731 895 ea
753 834 965 914 quaterniones
988 832 1119 894 restituti
1142 842 1219 894 sunt
1258 832 1352 894 Hanc
1375 832 1512 895 tabulam
1528 833 1656 895 Mercati
1671 842 1774 894 noster
1788 832 1946 912 diligenter
1960 832 2103 906 confecit;
2126 832 2178 895 cfr.
2194 834 2292 895 etiam

456 941 656 1015 collationem,
680 961 773 1021 quam
795 940 826 1001 in
850 939 1017 1021 appendice
1040 939 1225 1001 exhibemus.

616 1051 644 1110 3.
682 1048 720 1108 In
748 1046 806 1109 hac
834 1046 965 1107 editione
991 1053 1095 1107 nostra
1117 1055 1188 1106 ante
1216 1045 1317 1107 omnia
1343 1055 1445 1128 partes
1472 1046 1619 1108 hactenus
1645 1045 1775 1107 ineditas
1803 1045 2015 1109 describendas
2038 1054 2069 1106 et
2090 1044 2290 1109 illustrandas

455 1155 636 1216 curavimus.
674 1153 779 1215 Labor
801 1152 909 1231 longus
930 1160 962 1213 et
979 1150 1135 1232 improbus
1158 1152 1229 1225 fuit3
1252 1172 1324 1213 nam
1347 1173 1402 1215 seu
1424 1152 1570 1214 materiae
1592 1172 1645 1213 seu
1669 1153 1828 1214 atramenti
1850 1152 1933 1226 vitio,
1957 1172 2009 1214 scu
2032 1153 2114 1232 quod
2137 1155 2291 1234 antiquior

455 1263 604 1341 scriptura
625 1281 645 1322 a
666 1259 833 1321 recentiore
856 1267 937 1321 tecta
959 1268 1013 1330 est,
1037 1257 1126 1320 lectio
1149 1258 1327 1340 plerumque
1349 1260 1469 1321 nonnisi
1491 1268 1561 1340 post
1582 1258 1680 1320 multa
1702 1259 1862 1321 conamina
1876 1258 1972 1321 cessit
2011 1257 2090 1320 Cum
2113 1260 2173 1320 iam
2196 1260 2290 1322 editio

453 1376 558 1429 nostra
580 1367 637 1429 sub
660 1366 743 1448 prelo
766 1374 854 1440 esset,
877 1367 925 1428 vir
946 1366 1130 1427 clarissimus
1152 1365 1269 1427 Paulus
1285 1364 1424 1444 Krueger
1445 1385 1559 1428 novum
1582 1366 1749 1427 subsidium
1772 1365 1812 1428 ad
1833 1374 1965 1428 veterem
1988 1365 2169 1446 scripturam
2190 1387 2289 1428 resus-

453 1475 607 1536 citandam
629 1471 783 1546 indicavit,
810 1472 892 1553 quod
914 1481 1018 1534 tamen
1041 1474 1072 1532 in
1095 1473 1132 1533 iis
1154 1472 1292 1553 partibus
1316 1471 1459 1533 adhibere
1481 1492 1541 1533 non
1563 1471 1656 1545 licuit,
1688 1490 1768 1551 quae
1790 1470 1851 1532 alio
1874 1470 1934 1533 iam
1958 1480 2044 1534 aceto
2066 1471 2188 1535 fixerant
2209 1484 2289 1535 trac·

453 1590 543 1644 tatae
589 1579 693 1657 Quare
715 1580 824 1653 evenit,
851 1586 886 1640 ut
907 1578 997 1660 plura
1024 1579 1234 1640 additamenta
1256 1579 1514 1658 correctionesque
1541 1577 1573 1638 in
1600 1578 1665 1658 ipso
1692 1598 1815 1658 corpore
1838 1578 1935 1659 accipi
1957 1599 2017 1640 non
2040 1588 2218 1659 potuerunt;
2251 1600 2289 1641 ea

452 1696 555 1750 tamen
582 1685 787 1767 congessimus
815 1692 908 1765 atque
935 1685 968 1746 in
994 1684 1128 1746 locorum
1157 1684 1257 1746 indice
1285 1684 1529 1765 significavimus,
1556 1693 1592 1745 ut
1613 1686 1722 1765 cuique
1745 1684 1833 1746 facile
1855 1693 2000 1766 paterent
2047 1684 2207 1762 Quaedam
2229 1685 2288 1748 hoc

452 1793 518 1856 loco
540 1812 699 1872 congerere
721 1813 781 1853 non
803 1812 925 1873 prorsus
947 1792 1183 1872 inopportunum
1205 1791 1332 1865 videtur,
1355 1811 1432 1871 quae
1455 1791 1494 1853 ad
1516 1790 1639 1851 XIX¹²¹¹¹
1661 1791 1850 1871 potissimum
1872 1791 1983 1853 librum
2006 1801 2150 1874 spectant

799 1946 966 2005 TITULUS
985 1949 1007 2002 Ι.

520 2057 568 2145 (fr.
586 2062 613 2121 7.
635 2065 651 2135 ξ
670 2062 697 2120 2.
717 2057 757 2120 Ι).
776 2061 826 2133 18,
844 2058 887 2139 1);
918 2054 992 2120 Ἐάν
1024 2057 1185 2141 άγοράσω
1218 2066 1356 2141 πρᾶγμα
1451 2056 1485 2119 Si
1508 2077 1606 2119 emero
1634 2077 1698 2118 rem
1725 2066 1847 2118 centum
1874 2059 2006 2119 nummis
2033 2067 2063 2119 et
2089 2059 2197 2139 quanti
2219 2059 2285 2141 plu·

453 2164 574 2228 ἑιιατὸν
596 2165 797 2245 νομίσμασιν
819 2162 876 2227 καί
900 2161 984 2226 ὅσου
1006 2173 1061 2227 etc.
1381 2165 1422 2225 ris
1445 2173 1501 2226 etc.

517 2272 553 2334 fr.
572 2275 621 2334 11.
638 2279 654 2348 ξ
673 2275 700 2333 1.
1306 2326 1312 2337 ,
1449 2270 1518 2333 vide
1542 2267 1603 2345 τὴν
1628 2270 1752 2355 ποίραν.

517 2378 553 2439 fr.
571 2381 611 2441 35
627 2400 671 2459 pr.
697 2378 760 2461 (cfr.
778 2401 808 2461 p.
827 2381 868 2440 14
888 2398 917 2439 n.
935 2376 981 2463 2):
1014 2375 1083 2441 Καὶ
1113 2376 1218 2461 χωρὶς
1250 2379 1354 2462 άρρα·
1448 2377 1491 2438 Et
1518 2378 1582 2438 sine
1608 2377 1699 2439 arrha
1727 2377 1864 2439 consistit
1889 2378 2036 2451 venditio;
2064 2378 2155 2439 arrha
2182 2389 2283 2440 autem

450 2483 560 2568 βῶνος
582 2486 780 2549 συνίσταται
804 2487 823 2561 η
848 2493 983 2570 πρᾶσις·
1009 2482 1081 2547 ddi
1097 2482 1258 2568 ἀρραβὼν
1273 2486 1354 2548 άπό-
1384 2483 1572 2545 demonstrat
1594 2483 1805 2545 contrahentes
1829 2484 1866 2545 de
1888 2484 1984 2565 pretio
2008 2485 2201 2546 consensisse.

452 2590 549 2672 δοιξίς
572 2595 641 2653 ἐστι
665 2600 727 2654 τοῦ
749 2592 1020 2677 συμφωνηθηναι
1044 2588 1083 2653 τὸ
1107 2592 1245 2672 τίμημα;
1262 2628 1304 2638 -

516 2698 552 2759 fr.
569 2703 610 2761 37
627 2720 696 2761 em:
725 2695 837 2771 Οὕτως
861 2693 958 2760 εἶπεν·
982 2699 1066 2760 ἔστιν
1083 2718 1138 2760 σοι
1161 2707 1217 2761 etc.
1241 2745 1272 2760 ..
1296 2696 1353 2761 καί
1449 2695 1499 2758 Sic
1523 2697 1612 2759 dixit:
1637 2696 1684 2759 Sit
1706 2697 1761 2758 tibi
1784 2696 1896 2759 fundus
2021 2706 2052 2759 et
2073 2698 2215 2759 inventus
2237 2708 2281 2760 cst

451 2804 575 2888 εὑρέθη

516 2911 552 2972 fr.
569 2915 610 2972 38
627 2912 658 2972 in
673 2911 706 2974 t:
731 2910 806 2975 ούδε
829 2919 930 2974 τοῦτο
954 2913 1107 2996 ἔρρωται,
1132 2909 1203 2973 ἀλλ’
1229 2911 1353 2995 άιιυρος
1447 2930 1543 2991 neque
1566 2910 1596 2971 id
1620 2909 1709 2983 valet,
1732 2910 1784 2972 sed
1807 2910 1921 2972 inutilis
1944 2920 1991 2971 est
2012 2911 2155 2972 venditio.

451 3019 630 3101 ὴπριὶσιςε
648 3054 690 3063 -
1777 3066 1780 3069 .

517 3125 608 3186 Initio
624 3145 652 3204 p.
671 3127 710 3185 15
728 3120 894 3187 υ11ίιυοίύ.
910 3127 952 3185 46
968 3145 1039 3205 pars
1055 3124 1250 3199 desideratur,
1268 3126 1352 3187 cuius
1449 3123 1502 3206 [Id
1526 3133 1556 3184 et
1579 3123 1618 3185 ad
1640 3131 1866 3203 procuratorem
1889 3122 2027 3185 Caesaris
2049 3121 2207 3206 pertinet],
2229 3142 2275 3184 cx·

450 3240 603 3312 postrema
629 3232 724 3293 verba
750 3231 810 3311 legi
836 3239 1011 3308 potuerunt:
1041 3229 1294 3314 ύπεξαιροῦνται
1318 3230 1352 3293 δὲ
1380 3231 1532 3310 cipiantur
1560 3240 1661 3292 autem
1692 3228 1738 3303 hi,
1770 3228 1879 3310 quibus
1906 3229 1936 3290 id
1965 3228 2135 3310 specialiter
2161 3248 2273 3309 expres·

451 3339 484 3400 οί
507 3338 615 3418 ῥητῶς
638 3340 917 3420 ἐπιτοτραμμένοιι
935 3373 977 3385 -
1380 3356 1447 3398 sum
1470 3346 1524 3398 est

515 3443 551 3504 fr.
569 3447 623 3505 65:
652 3441 889 3530 Συνεφούυησα
914 3444 997 3523 μετά
1025 3464 1088 3505 σου
1114 3444 1236 3517 τόσους
1257 3444 1352 3527 κερά-
1445 3443 1558 3504 Pactus
1581 3462 1648 3505 sum
1668 3452 1767 3504 tecum
1790 3450 1836 3504 tot
1851 3441 2010 3522 amphoras
2032 3441 2132 3504 facere
2152 3463 2203 3523 pro
2217 3441 2267 3502 sin·

450 3570 532 3630 μους
556 3559 692 3624 ποιῆσαι
716 3548 766 3612 ἐπὶ
790 3558 852 3612 τοῦ
872 3550 1077 3630 νομίσματος
1099 3559 1156 3612 etc.
1378 3548 1579 3627 gulisaureis
1602 3558 1658 3611 etc.

518 3656 557 3718 ad
579 3656 615 3716 fr.
638 3659 678 3717 67
702 3658 734 3718 in
755 3677 863 3736 marg.:
895 3655 942 3731 οη
974 3653 1026 3718 ὅτι
1059 3656 1098 3718 οὐ
1129 3656 1351 3741 πιπράσκεται
1446 3655 1530 3717 Nota
1552 3655 1632 3736 quod
1655 3675 1716 3717 non
1738 3655 1956 3718 venditur

453 3759 537 3825 ὅπου

574 3918 742 3976 TITULUS
760 3919 817 3975 VII
834 3920 874 3986 (in
891 3918 1002 3975 rubrica
1019 3923 1129 3994 πρᾶθεν
1147 3919 1227 3991 [sic]).

519 4046 557 4108 ad
580 4047 616 4107 fr.
634 4048 674 4107 10
698 4047 730 4108 in
752 4066 860 4125 marga
884 4005 907 4110 ίι
930 4045 1025 4109 essct
1447 4046 1485 4108 de
1507 4046 1739 4108 manumissione
1755 4048 1801 4127 (1).

517 4153 571 4215 ib.:
608 4148 682 4214 Ἐάν
713 4152 854 4229 παλύσω
892 4175 947 4216 σοι
985 4152 1122 4227 δούλους
1154 4151 1204 4216 ἐπὶ
1236 4149 1275 4216 τὸ
1307 4152 1351 4234 μὴ
1446 4152 1479 4214 Si
1510 4173 1547 4219 ea
1577 4153 1642 4232 lege
1670 4173 1771 4216 servos
1798 4153 1854 4215 tibi
1881 4152 2056 4226 vendidero,
2089 4172 2128 4214 ne
2155 4150 2268 4213 alterins

451 4258 658 4343 uespertinum
684 4257 832 4332 δουλείας
854 4260 967 4344 ἑτέρου
989 4269 1045 4322 etc.
1379 4259 1545 4321 dominium
1567 4260 1773 4340 experirentur
1795 4268 1850 4321 etc.

518 4401 557 4463 ad
580 4421 605 4463 c.
624 4404 673 4463 11.
711 4401 750 4462 In
777 4421 885 4482 marg.:
917 4400 965 4477 (λη
988 4403 1045 4487 ὡρ.
1071 4361 1093 4466 π
1122 4400 1249 4464 δούλων
1271 4423 1351 4488 προ·
1445 4401 1530 4463 Nota
1552 4411 1752 4483 opportunam
1775 4401 1942 4485 (regulam).
1980 4401 2029 4462 De
2052 4388 2147 4465 servis
2170 4423 2207 4465 ex
2227 4420 2273 4462 ne·

451 4506 569 4594 φύγον
591 4505 658 4570 άπὸ
682 4506 837 4587 ἀνάγκης,
862 4505 917 4571 ίνα
940 4508 1188 4593 πιπράσκονται
1211 4506 1289 4595 (sic).
1380 4508 1520 4570 cessitate
1541 4506 1734 4588 fugientibus,
1758 4516 1793 4569 ut
1814 4517 1951 4571 veneant

516 4614 552 4674 fr.
570 4618 588 4676 2
610 4612 662 4699 (D.
681 4617 712 4689 1,
735 4617 767 4693 6)
787 4614 820 4675 in
837 4613 912 4677 fine:
944 4612 995 4678 ἐπὶ
1023 4612 1062 4677 τὸ
1089 4614 1250 4697 μηδέποτε
1273 4662 1281 4677 .
1301 4662 1309 4678 .
1332 4614 1352 4693 η
1446 4614 1554 4676 Versio
1576 4636 1638 4677 non
1660 4622 1766 4676 mutat

450 4718 501 4782 ἐπὶ
524 4715 563 4782 τὸ
588 4766 620 4782 ..

517 4848 541 4889 c.
560 4830 576 4887 1
595 4825 666 4911 (IV,
683 4830 750 4906 55):
771 4825 846 4890 Ἐάν
870 4848 928 4900 τις.

517 4954 542 4995 ο.
561 4936 576 4993 1
595 4934 663 5013 (IV,
680 4931 749 5019 57):
773 4932 792 5011 δ
815 4931 873 4997 καὶ
896 4932 1167 5017 προετελεύτησεν
1446 4936 1496 4997 vel
1520 4935 1612 4997 etiam
1634 4943 1843 5015 praemortuus
1866 4944 1912 4996 est

517 5060 542 5101 c.
559 5044 577 5101 5
594 5040 663 5120 (IV,
680 5037 749 5125 57):
773 5040 834 5117 ούχ
851 5039 1024 5103 ὑποπίπτει
1039 5044 1086 5121 τῷ
1102 5042 1284 5124 προστίμῳ,
1308 5044 1353 5115 ὡς
1447 5061 1508 5103 non
1523 5042 1682 5104 committit
1703 5061 1842 5122 poenam,
1865 5062 1934 5103 cum
1948 5040 2133 5122 mancipium
2148 5024 2277 5103 liberum

451 5144 493 5227 μὴ
518 5144 700 5227 δυναμένου
722 5146 996 5232 ἐλευθερωδῆναι
1015 5155 1076 5210 τοῦ
1097 5156 1153 5210 etc.
1379 5147 1442 5209 fieri
1464 5156 1593 5228 nequeat
1614 5157 1670 5210 etc.

521 5303 687 5360 'I'ITULUS
704 5304 784 5360 VHI.
820 5304 853 5359 In
871 5302 946 5359 rubr.
964 5308 1026 5378 usqi
1044 5306 1090 5373 τῆς
1108 5306 1160 5359 τῶν
1177 5309 1281 5360 κοινῶν.

517 5413 552 5475 fr.
568 5416 588 5473 4
603 5434 662 5493 pa:
691 5412 811 5476 δοῦλον
838 5411 977 5500 φυγάδα
1003 5412 1023 5489 ἢ
1051 5459 1154 5476 .....
1183 5412 1255 5498 aspi
1281 5414 1352 5494 μελ-
1447 5434 1566 5476 servum
1588 5413 1751 5493 fugitivum
1772 5413 1823 5476 vel
1846 5459 1947 5476 .....
1971 5413 2009 5475 de
2031 5412 2132 5475 futuro
2157 5414 2277 5487 damno,

451 5517 572 5594 λούσης
599 5519 714 5599 ζημίας
742 5518 819 5603 πρὶν
846 5519 865 5596 λ)
894 5520 1077 5601 ζημιωσθῶ
1104 5529 1205 5584 ιιινεῖν
1233 5521 1272 5583 ού
1300 5519 1352 5584 δύ·
1380 5531 1543 5601 antequam
1565 5521 1597 5583 id
1620 5521 1756 5595 sentiam,
1780 5540 1867 5600 agere
1888 5540 2011 5601 nequeo.

452 5646 495 5687 να
543 5648 568 5687 ιε
584 5662 627 5671 -

495 5647 553 5792 μίαν.
571 5735 599 5793 6.
624 5734 780 5813 §8(post
801 5739 817 5810 ξ
836 5736 879 5813 2):
909 5734 1017 5797 Δύλον
1046 5744 1151 5797 ποιῶν
1178 5737 1196 5797 ὁ
1225 5735 1352 5817 πράτης
1445 5733 1561 5796 Dolum
1584 5734 1609 5795 si
1631 5733 1725 5795 faciat
1746 5733 1886 5796 venditor
1907 5734 1939 5794 in
1957 5753 1989 5794 re
2003 5732 2135 5807 vendita,
2160 5741 2278 5795 tenetur

452 5835 525 5921 περὶ
548 5836 587 5901 τὸ
611 5838 755 5923 πραθὲν,
780 5841 922 5916 ἐνέχεται
939 5844 979 5926 τῇ
995 5841 1170 5918 άπαιτήσει
1188 5848 1249 5904 τοῦ
1263 5841 1352 5922 τιμή·
1379 5840 1494 5903 venditi
1517 5841 1642 5902 actione.

451 5964 568 6024 ματοςε
585 5981 627 5991 -
