4842 7018
433 1476 841 1557 sensumsensurn
1342 1488 1772 1576 Lmuusrx,s1sunus1

325 1633 388 1705 περὶ
404 1633 549 1705 μνημάτων
565 1636 612 1688 καὶ
629 1631 749 1703 δαπάνης
765 1636 818 1689 τῶν
834 1636 941 1709 νεκρῶν.
1251 1634 1286 1690 de
1304 1635 1490 1691 monumentis
1508 1639 1536 1690 et
1554 1633 1710 1705 sumptibus
1727 1633 1862 1692 innmnm.

123 1783 154 1840 α’.
249 1772 283 1840 Ὁ
305 1773 464 1840 δαπανῶν
486 1780 530 1853 εὶς
552 1775 665 1865 ταφὴν
687 1781 735 1860 τῷ
749 1778 979 1856 τελευτήσαντι
994 1778 1086 1844 δοκεῖ
1175 1781 1238 1860 Qui
1260 1780 1406 1861 impendit
1428 1780 1508 1843 eires
1521 1780 1624 1855 funus,
1648 1801 1717 1842 oum
1732 1780 1873 1843 destmoto
1888 1788 2004 1843 nonma-

187 1881 1079 1971 memores,oepevrpxtepovopp·¹[h.1.1>.11‚7]
1109 1888 1181 1950 here
1203 1886 1332 1962 videtur,
1354 1906 1414 1949 non
1437 1907 1510 1949 vero
1532 1907 1601 1949 eum
1623 1887 1745 1950 herede:
1770 1887 1961 1970 [fr.1.D.'11,
1969 1887 2002 1973 7]

186 1984 269 2073 πρὸς
300 1989 414 2077 ταφήν
444 1995 534 2055 ἐστιν
571 1993 590 2055 ὁ
621 1993 724 2068 τόπος
755 1997 789 2056 ὲν
819 1984 846 2075 ᾦ
876 1992 935 2061 καλ
967 1992 1082 2068 δοῦλος
1109 1995 1149 2056 ad
1164 1994 1334 2077 sepulerum
1356 1994 1487 2077 pertinet
1501 2002 1532 2057 et
1546 1993 1638 2070 loeus,
1657 2015 1716 2076 quo
1733 2015 1836 2058 servus
1852 1995 2003 2077 sepelitur.

186 2093 369 2161 θάπτεταιε
385 2132 427 2146 -
950 2101 986 2164 fr.
1003 2105 1021 2164 2
1037 2123 1081 2184 pr.
1871 2101 1907 2165 fr.
1924 2105 1943 2164 2
1959 2123 2003 2183 pr.

184 2206 187 2209 i
248 2217 282 2285 Ὁ
309 2218 497 2304 εἰσαγαγὼν
523 2219 640 2309 νεκρὸν
662 2222 682 2301 ἢ
705 2225 807 2289 όστέα
830 2224 1019 2311 vespertini
1041 2224 1081 2290 τὸ
1175 2224 1237 2304 Qui
1268 2224 1360 2292 infert
1389 2232 1542 2287 mortuum
1573 2244 1681 2288 ossave
1707 2225 1817 2288 monui
1843 2226 1875 2287 in
1906 2225 2004 2307 sepul·

186 2326 308 2414 θάψαι
335 2334 369 2392 ἐν
391 2329 555 2416 ἀλλοτρίῳ
578 2331 727 2416 καθαρῷ
753 2333 844 2414 τόπῳ
872 2330 892 2409 ἢ
914 2332 1015 2420 τάφῳ
1037 2331 1080 2416 μὴ
1108 2340 1207 2395 turam
1233 2332 1265 2393 in
1292 2333 1391 2396 alieno
1417 2332 1482 2394 loeo
1508 2352 1584 2414 puro
1611 2341 1665 2394 sut
1692 2332 1841 2414 sepulcro,
1872 2354 1941 2396 oum
1972 2332 2004 2393 id

185 2436 268 2512 έχων
290 2442 424 2499 τοιοῦτο
447 2435 589 2517 δίκαιον,
617 2440 757 2516 ἐνέχεται
780 2440 895 2526 ἀγωγῇ
918 2459 1080 2525 χρηματι-
1106 2440 1179 2501 iuris
1195 2459 1256 2500 non
1271 2438 1392 2513 hebeat,
1409 2447 1529 2501 tenetur
1545 2439 1722 2521 pecuniaria
1741 2440 1858 2502 aetione
1873 2449 1903 2502 et
1918 2439 2003 2502 loeus

184 2550 250 2617 κῶς
263 2542 325 2606 καί
336 2546 407 2606 tots
421 2542 479 2626 μὲν
493 2541 653 2630 καθαρὸς
668 2545 687 2607 d
702 2545 816 2619 τόποςι
832 2581 874 2594 -
920 2546 956 2608 fr.
973 2550 1000 2609 2.
1018 2552 1034 2624 5
1052 2550 1080 2609 2.
1107 2555 1210 2608 manet
1231 2566 1333 2627 purus.
1843 2546 1878 2609 ir.
1895 2549 1923 2609 2.
1941 2553 1957 2623 5
1974 2549 2003 2610 2.

248 2664 281 2730 Ὁ
302 2664 346 2750 μὴ
369 2664 416 2731 ὢν
438 2666 520 2755 πρὸς
542 2666 656 2757 ταφὴν
678 2666 784 2754 ἱερὸςΙ
805 2669 917 2757 τάφος
935 2670 968 2734 δέ
991 2674 1081 2734 ἐστιν
1173 2707 1637 2719 -------
1665 2670 1839 2751 sepulerum
1861 2678 1919 2745 est,
1944 2691 2003 2751 quo

184 2778 218 2839 έν
248 2763 275 2855 ᾧ
307 2783 404 2857 σῶμα
434 2773 454 2852 λ
485 2776 588 2839 όστέα
618 2760 701 2840 elem
738 2777 902 2855 άπετέθη·
940 2779 980 2842 οὐ
1016 2788 1080 2852 πᾶς
1107 2799 1216 2859 eorpus
1246 2788 1276 2841 et
1302 2799 1372 2840 ossa
1398 2777 1529 2840 hominis
1557 2777 1678 2839 condita
1705 2788 1787 2839 sunt:
1820 2797 1881 2840 non
1908 2777 2003 2839 omnis

184 2884 225 2967 τῇ
247 2882 341 2967 ταφῇ
363 2881 583 2969 άφορισθελς,
610 2882 683 2946 αλλ’
709 2879 791 2947 ὅσον
817 2882 888 2948 ἐστὶ
910 2882 950 2949 τὸ
973 2896 1078 2967 σῶμα.
1107 2884 1215 2966 [loeus]
1229 2885 1402 2966 sepulturus
1417 2885 1584 2947 destinatus
1599 2884 1652 2947 sed
1666 2893 1815 2966 quatenus
1834 2894 1881 2946 est
1895 2904 2003 2966 eorpus
2134 2904 2136 2909 ·

182 2987 337 3071 μνημεῖόν
358 2992 429 3055 ἐστι
451 2982 491 3054 τὸ
515 2985 572 3054 διὰ
586 2986 647 3068 τὴν
660 2990 1020 3080 μυήμηνφαινόμενονι
1038 3029 1076 3040 -
1107 2991 1303 3076 [humetum].
1361 2992 1593 3054 Monumentum
1631 2999 1678 3054 est
1714 2991 1874 3054 memoriae
1911 3010 2004 3053 seusa

869 3099 905 3163 fr.
922 3101 950 3161 2.
968 3106 984 3178 5
1002 3102 1030 3162 5.
1050 3103 1077 3163 6.
1106 3106 1222 3161 emus.
1797 3098 1832 3159 fr.
1850 3101 1878 3160 2.
1894 3103 1911 3174 5
1928 3099 1957 3159 5.
1974 3101 2002 3160 6.

114 3224 148 3301 ys.
253 3218 470 3305 Φαμιλιάριοι
497 3221 602 3308 τάφοι
630 3221 780 3302 λέγονται
808 3220 865 3297 οὕς
895 3245 946 3297 τις
972 3225 1078 3305 ἐαυτῷ
1171 3220 1350 3287 Familiaria
1381 3223 1522 3305 sepulore
1551 3222 1706 3298 dicuntur,
1738 3242 1816 3303 quae
1846 3223 1913 3303 quis
1945 3222 2002 3284 eibi

182 3324 240 3390 καλ
262 3328 304 3413 τῇ
326 3327 471 3415 φαμιλίρι
493 3326 597 3393 αὑτοῦ
619 3338 715 3393 ποιεῖ·
743 3329 999 3414 κληρονομιαῑοι,
1022 3327 1079 3404 οὓς
1106 3312 1296 3412 familiaeque
1319 3349 1393 3394 suee
1420 3330 1587 3393 constituit:
1618 3329 1813 3404 hereditarie,
1840 3349 1919 3409 quae
1945 3328 2003 3391 sibi

181 3434 287 3515 ἐαυτῷ
309 3432 367 3498 καλ
389 3443 460 3510 τοῖς
481 3433 698 3521 κληρονόμοις
720 3435 858 3514 edredi
874 3432 931 3510 οὓς
945 3438 989 3511 ὡς
1003 3437 1078 3514 κλη-
1105 3437 1326 3520 heredibusque
1348 3436 1411 3501 suis
1435 3436 1621 3522 [constituit]
1643 3416 1785 3519 vel'quss
1800 3444 1835 3498 ut
1849 3436 1936 3498 heres
1951 3435 2002 3499 ed·

182 3537 343 3625 possipoc⁸
364 3541 543 3619 έκτήσατοε
559 3578 602 3591 ··-
900 3543 935 3607 ir.
952 3546 981 3606 5.
998 3547 1017 3606 6
1033 3566 1077 3625 pr.
1106 3544 1238 3626 quisivit
1824 3543 1860 3605 fr.
1877 3546 1906 3605 5.
1923 3546 1941 3604 6
1956 3564 2001 3626 pr.

128 3669 143 3727 ¹.
246 3664 296 3727 Ἐν
317 3667 461 3749 ἑκατέρῳ
485 3665 519 3729 δέ
542 3670 575 3730 οἱ
595 3667 794 3753 κληρονόμοι
817 3669 852 3751 ἐξ
874 3666 1078 3745 όσονδηποτε
1171 3668 1210 3730 In
1224 3676 1353 3749 utroque
1367 3666 1489 3752 [genere
1503 3667 1723 3753 sepulcrorum]
1738 3668 1863 3731 heredes
1877 3687 1915 3729 ex
1929 3687 2002 3748 que·

180 3772 298 3857 μέρους
340 3774 368 3835 st
409 3773 650 3859 κληρονομοῦσι
687 3773 746 3838 καλ
788 3774 984 3839 θάπτονται
1021 3773 1077 3838 καλ
1105 3752 1180 3837 libet
1193 3784 1280 3859 perte
1295 3774 1427 3860 [scripti]
1445 3776 1470 3837 si
1491 3775 1614 3865 heredes
1635 3775 1712 3838 fient
1725 3785 1756 3837 et
1773 3775 1960 3857 sepeliuntur
1973 3783 2004 3837 et

180 3878 376 3944 θάπτουσιν
398 3876 454 3943 καὶ
474 3881 711 3946 ἀνάποινον
731 3864 1007 3966 συνκληρονόμων
1020 3879 1079 3945 καλ
1106 3882 1257 3964 sepeliunt
1278 3890 1309 3944 et
1330 3882 1432 3945 invitis
1455 3881 1650 3945 coheredibus
1673 3891 1705 3944 et
1725 3881 1780 3945 filii
1797 3882 1830 3943 in
1852 3889 2002 3963 potestate

181 3987 214 4051 ei
236 3984 349 4061 παῖδες
371 3984 562 4070 ὑπεξοόοιοί
575 3976 622 4053 ’τε
647 3987 705 4054 καλ
732 3986 940 4073 αὐτεξούσιοι
961 3989 1078 4075 κληρο-
1105 3990 1155 4053 vel
1177 3990 1225 4052 sui
1246 3988 1329 4063 iuris,
1350 3988 1476 4050 heredes
1498 3989 1549 4052 vel
1576 3988 1752 4062 exheredes,
1779 3988 1838 4049 nisi
1861 4008 2002 4069 expresse

179 4094 274 4175 νόμον
301 4091 359 4158 καὶ
381 4095 573 4181 άπόκληροι,
597 4101 623 4160 εὶ
645 4095 689 4178 μὴ
712 4096 820 4182 ῥητῶς
839 4092 959 4170 αὐτοὺς
974 4100 993 4161 ὁ
1009 4095 1078 4162 δια·
1106 4098 1149 4159 eis
1175 4104 1303 4159 testator
1328 4094 1529 4178 prohibuerit,
1552 4095 1751 4177 sepeliuntur,
1779 4115 1841 4157 non
1863 4115 1934 4159 vero
1956 4113 2002 4157 es·

94 4284 95 4287 Ἴ
179 4199 321 4282 θέμενος
335 4200 475 4289 κωλύσῃ,
492 4203 688 4268 θάπτονται
703 4203 761 4287 μὲν
777 4204 816 4267 οὐ
830 4202 893 4285 μὴν
903 4203 1077 4268 θάπτουσι
1105 4204 1231 4287 peliunt,
1254 4204 1312 4266 nisi
1333 4203 1541 4285 posteritatem
1564 4222 1658 4264 suam.
1929 4201 2001 4267 ibid

179 4305 263 4385 πλὴν
285 4316 343 4385 τῆς
364 4318 464 4390 γονῆς
486 4310 609 4374 adres:
626 4347 668 4358 —
945 4308 981 4375 ir.
998 4311 1017 4373 6
1032 4332 1077 4393 pr.
1558 4294 1562 4301 ⁴

250 4431 290 4498 Οἱ
321 4431 355 4496 di
382 4432 600 4519 ἀπελεύθεροι
626 4433 669 4518 μὴ
696 4434 976 4518 κληρονομοῦντες
1003 4436 1077 4499 οὔτε
1171 4435 1287 4497 Liberti
1308 4434 1366 4496 nisi
1387 4433 1512 4496 heredes
1535 4434 1596 4496 sint
1616 4454 1714 4516 neque
1735 4434 1885 4515 sepeliunt
1905 4453 2002 4515 neque

179 4539 377 4603 θάπτουσιν
399 4540 475 4604 οὔτε
502 4540 699 4606 θάπτονται
721 4546 747 4605 et
770 4539 828 4605 sel
851 4544 1077 4629 επέγροιφινό
1105 4541 1301 4624 sepeliuntur,
1333 4541 1471 4623 quamvis
1502 4540 1687 4621 inscripserit
1718 4560 1822 4602 eorum
1853 4550 2000 4622 patronus

178 4647 317 4733 πάτρων
331 4648 439 4729 ἐαυτῷ
452 4645 513 4711 καλ
528 4656 598 4722 τοῖς
617 4647 851 4733 ἀπελευθέροις
870 4652 1075 4725 πεποιηκέναι
1105 4648 1151 4733 [ἱιι
1173 4647 1276 4734 tinulo]
1299 4649 1356 4711 sibi
1378 4655 1410 4711 et
1431 4647 1545 4710 libertis
1568 4647 1674 4711 senisse
1690 4644 1884 4729 sepulturam.
1928 4646 1999 4708 ibid

177 4751 239 4819 τὸν
260 4754 387 4842 τάφους
404 4788 446 4803 ·—
1005 4754 1076 4819 ibid

250 4874 316 4942 its
331 4876 613 4964 καθαρόντόπον
627 4877 684 4944 καλ
700 4877 739 4944 τὸ
755 4881 958 4966 κενοτάφιον
972 4880 1076 4963 ἔξεστι
1170 4879 1286 4942 Looum
1308 4900 1416 4962 purum
1440 4888 1471 4941 et
1493 4879 1706 4960 cenotaphium
1724 4879 1853 4942 vendere
1875 4878 2000 4940 donare·

177 4985 377 5071 πιπράσκειν
404 4985 461 5050 καλ
489 4985 685 5073 δωρεῖσθαι·
717 4987 829 5075 τάφος
859 4984 925 5072 γάρ
956 4986 1077 5072 κυρίοις
1104 5007 1163 5070 que
1178 4987 1260 5060 lieet3
1283 5007 1344 5049 non
1359 4987 1438 5049 enim
1453 4994 1501 5048 est
1515 4986 1633 5067 proprie
1647 4984 1827 5066 sepulerum
1864 4985 1999 5063 tr.6.51.

177 5092 241 5156 οὔκ
262 5099 424 5158 ἑοτινε-
914 5095 951 5156 fr.
968 5100 996 5158 6.
1014 5102 1030 5174 5
1049 5097 1076 5157 1.

242 5215 275 5282 Ὁ
298 5222 332 5281 έν
358 5221 405 5300 τῷ
432 5219 630 5304 πιπράσκειν
656 5215 762 5303 ἀγρὸν
789 5219 942 5307 φυλάξας
970 5221 1076 5302 ἐαυτῷ
1169 5216 1291 5297 Qui'iri
1317 5216 1411 5279 iundo
1439 5217 1595 5280 vendendo
1624 5218 1671 5307 ius
1703 5213 1908 5298 sepulcrorum
1944 5216 2001 5279 sibi

176 5322 319 5387 δάπανον·
332 5334 400 5389 τῶν
421 5326 541 5413 τάφον
562 5327 806 5413 κεχρεώοτηται
822 5323 879 5390 διὰ
893 5335 955 5392 τοῦ
969 5327 1077 5412 άγροῦ
1102 5325 1281 5399 reservavit,
1303 5325 1350 5386 ius
1373 5324 1465 5387 hebet
1486 5345 1541 5406 per
1562 5320 1690 5387 fiendum
1715 5308 1811 5386 eundi
1830 5325 1870 5385 ed
1894 5316 1937 5385 aa

177 5430 328 5517 πάροδος
350 5437 394 5508 εἰς
417 5430 549 5506 αότοόςι
972 5434 1008 5496 fr.
1026 5436 1075 5497 10.
1897 5430 1933 5492 fr.
1951 5432 2000 5492 10.

250 5554 291 5620 Oi
304 5558 464 5640 ἄρχοντες
478 5556 500 5635 ἢ
514 5555 571 5621 κοιλ
586 5558 835 5643 ὸπραίτοιρκαὶ
848 5555 909 5635 τὴν
925 5556 1076 5636 δαπάνην
1167 5557 1324 5619 Praesides
1347 5555 1398 5620 vel
1420 5565 1541 5636 praetor
1562 5563 1593 5618 et
1614 5556 1767 5637 impensas
1791 5553 1937 5618 definiunt
1960 5562 1999 5629 et,

179 5664 330 5747 ὁρίζουσι
352 5663 411 5729 καὶ
431 5664 475 5747 μὴ
498 5667 604 5729 ὄντοιν
628 5665 824 5750 χρημάτων,
852 5666 1075 5750 πιπράσκεται
1103 5684 1173 5729 oum
1187 5683 1248 5725 non
1270 5670 1354 5726 extet
1375 5663 1512 5746 pecunie,
1534 5663 1661 5727 veniunt
1683 5680 1812 5744 seques
1834 5662 1924 5725 facile
1938 5656 2007 5723 oor·'

177 5766 226 5835 τά
241 5769 427 5859 εὐφθοιρτά
448 5770 505 5838 καλ
519 5772 692 5858 deperisse
707 5769 768 5849 τὴν
781 5770 1016 5856 κληρονομιάνι
1033 5810 1074 5821 -
1103 5774 1284 5857 rumpuntur
1298 5780 1329 5834 et
1343 5791 1423 5854 quae
1438 5780 1563 5833 onerent
1577 5769 1784 5833 hereditatem.
1816 5769 1852 5833 ir.
1871 5773 1920 5831 12.
1936 5775 1953 5846 5
1972 5772 1999 5830 6.

891 5880 927 5944 u.
945 5883 995 5944 12.
1012 5886 1028 5959 ς
1047 5886 1074 5944 e.

247 6073 388 6148 ¹hnonsq.
407 6074 474 6148 Syn.
540 6074 646 6131 ’loeus
664 6079 819 6146 oorruptns.
884 6072 996 6137 *νυνι
1013 6074 1074 6132 sod.
