4978 7018
185 868 233 925 ιδ’.

182 1090 232 1154 ξδ’.

185 1750 231 1814 ξέ·

178 2293 230 2356 πζ.

913 426 1067 535 sinna
1088 468 1181 536 xm
1226 468 1315 535 rm.
1337 469 1363 535 ι.
1391 468 1465 534 vn

338 862 403 929 Διά
428 862 552 951 μικράν
578 868 692 932 αἰτίαν
718 871 737 946 δ
765 874 919 953 γενομένη
950 872 1036 958 καλῇ
1066 873 1174 936 πίστει
1267 874 1396 953 Pmpter
1422 892 1549 953 parvam
1577 891 1702 933 cansam
1727 870 1811 933 facta
1837 871 1919 934 bona
1946 871 2005 932 fide
2032 892 2104 934 vcn-
2140 879 2183 930 εἰ.

270 974 393 1054 πρᾶσις
416 972 478 1036 οὐκ
500 975 735 1059 ἀνατρέπεταιε
752 1013 794 1024 -
1068 979 1104 1040 fr.
1122 982 1173 1043 54.
1200 980 1274 1041 ditio
1296 1000 1358 1042 non
1379 979 1566 1042 rescinditur.
2000 978 2036 1040 fr.
2052 977 2104 1039 54.

336 1085 574 1174 Σονεφιόνησα
605 1092 727 1165 τόσους
757 1092 921 1176 κεράμοις
953 1104 1089 1171 ποιῆσαι
1122 1093 1172 1158 ἔπί
1266 1094 1380 1157 Pactus
1402 1116 1470 1157 snm
1492 1103 1540 1156 tot
1553 1093 1713 1174 amphoras
1728 1092 1836 1168 facere,
1859 1103 1972 1156 certam
1987 1094 2104 1175 quanti·
2140 1102 2183 1152 64.

270 1192 351 1279 ‹tt-tp
374 1195 536 1272 ποσότητι
559 1204 621 1259 τού
642 1198 861 1279 νομίσματος·
889 1204 916 1262 εἰ
937 1200 995 1282 μὲν
1018 1211 1060 1278 σῇ
1083 1206 1174 1264 ἐστιν
1200 1209 1293 1263 tatem
1308 1222 1363 1283 pro
1378 1201 1505 1283 singulis
1520 1201 1632 1263 aureis:
1655 1201 1681 1262 εἰ
1704 1199 1825 1280 quidem
1848 1208 1902 1261 tun
1916 1209 1964 1263 est
1978 1200 2105 1261 materia

270 1303 289 1377 ἡ
317 1295 376 1377 ύλη
404 1301 439 1384 ἐξ
465 1295 503 1378 ἧς
526 1304 676 1383 γίνονται
703 1306 827 1387 πρᾶσίς
853 1310 957 1369 ἔστιν·
989 1310 1016 1370 εἰ
1048 1307 1083 1371 δί
1109 1305 1173 1388 ἔγὼ
1199 1309 1281 1370 unde
1303 1308 1388 1382 finnt
1411 1309 1544 1373 venditio
1566 1315 1625 1380 est;
1648 1308 1673 1369 si
1695 1327 1768 1369 vero
1790 1327 1846 1386 ego
1867 1328 1935 1369 eam
1958 1306 2104 1388 praestiti,

269 1406 398 1471 δέδωκα
413 1406 526 1486 αὐτὴν,
548 1409 720 1491 μίσθωσίς
735 1414 834 1474 ἔστιν.
878 1412 945 1478 Ἐπί
960 1414 1018 1495 μέν
1032 1410 1101 1497 γάρ
1115 1425 1173 1490 τῆς
1199 1415 1310 1477 locatio
1326 1424 1380 1476 est
1425 1415 1507 1477 Nam
1531 1417 1571 1476 in·
1585 1414 1758 1480 venditione
1781 1422 1917 1475 mutatur
1938 1412 2105 1474 dominium

270 1515 423 1600 πράσεως
445 1518 465 1592 ἡ
489 1514 664 1580 δεσποτεία
687 1527 744 1594 τῆς
767 1514 844 1596 ύλης
862 1519 1041 1604 ἀμείβεται,
1064 1519 1114 1583 ἔπί
1138 1520 1173 1584 dl
1200 1523 1356 1595 materiae;
1379 1523 1411 1583 in
1433 1521 1584 1584 locatione
1606 1542 1677 1584 vero
1699 1520 1833 1583 eiusdem
1849 1528 1960 1582 manet
2000 1519 2036 1580 fr.
2053 1521 2103 1582 65.

270 1631 326 1698 τῆς
348 1622 551 1704 μισθώσεως
574 1632 636 1687 τοῦ
657 1624 763 1688 αύτού
783 1629 881 1708 μένειε
899 1624 960 1675 -¹
1067 1630 1103 1690 fr.
1121 1633 1171 1692 65.

336 1737 442 1801 Πᾶσα
465 1748 588 1824 πράσις
609 1735 693 1822 μετά
716 1739 802 1815 ἰδιάς
818 1743 929 1817 αἰτιάς
967 1781 1009 1791 -
1048 1781 1090 1791 -
1130 1782 1171 1791 -
1267 1745 1375 1808 Omnis
1403 1745 1537 1807 venditio
1563 1765 1633 1806 cum
1660 1763 1716 1806 sua
1743 1763 1838 1806 causa
1883 1779 1924 1788 -
1972 1779 2013 1788 -
2061 1778 2102 1788 —
2139 1759 2182 1809 68.

268 1988 310 1998 -
356 1986 399 1999 -
445 1955 473 2015 εἰ
493 1950 538 2033 μὴ
561 1954 674 2037 ἔτερόν
695 1978 727 2018 τι
752 1954 936 2039 σννέδοξενε
957 1993 1000 2005 -
1067 1957 1103 2021 fr.
1121 1963 1171 2022 67.
1201 1996 1242 2005 -
1288 1995 1331 2005 -
1377 1958 1435 2020 nisi
1457 1958 1530 2040 quid
1553 1957 1637 2019 alind
1660 1957 1815 2039 placuerit

331 2065 366 2131 ‘0
380 2068 556 2153 ἀγοράσας
573 2077 668 2133 σῖτον
682 2074 718 2134 ἔκ
733 2080 795 2135 τοῦ
809 2070 971 2154 δημοσίου
989 2073 1171 2150 κανόνοςδ
1265 2074 1328 2152 Qui
1360 2074 1433 2135 emit
1463 2073 1648 2135 frumentum
1679 2093 1718 2134 ex
1749 2072 1872 2154 publico
1903 2090 2019 2133 canone
2050 2078 2105 2132 aut

268 2173 424 2251 πωλήσας
438 2175 625 2262 κεφαλικῶς
640 2186 844 2263 τιμωρεῖταιι
859 2215 902 2226 -
951 2201 976 2242 ο.
983 2181 1050 2243 3.Ο.
1056 2181 1170 2256 Ν,40.
1199 2180 1304 2244 vendit
1326 2181 1497 2261 capitaliter
1519 2180 1653 2262 punitur.
1867 2199 1892 2241 c
1908 2181 1937 2239 3.
1953 2177 1987 2240 Ο.
2003 2180 2033 2251 4,
2050 2177 2102 2239 40.

338 2287 385 2354 oe
407 2288 547 2355 δύναται
572 2292 590 2354 ό
614 2295 680 2375 πῆρ
704 2290 765 2356 τόν
779 2291 852 2357 νίδν
871 2294 947 2358 octe
962 2295 1081 2360 πωλεῖν
1096 2296 1171 2360 ούδε
1265 2296 1337 2358 Non
1359 2305 1460 2377 potest
1482 2305 1569 2377 pater
1591 2295 1686 2357 filium
1702 2316 1757 2358 nec
1772 2295 1903 2360 vendere
1918 2314 1974 2356 nec
1989 2293 2102 2355 donare
2139 2297 2181 2352 εἰ.

268 2395 455 2481 δωρεῖσθαι
472 2396 547 2460 ούδέ
562 2397 808 2481 ὑποτίθεσθαι,
832 2399 957 2483 Mller
973 2404 1033 2485 οἰιρ
1049 2402 1171 2480 δήποτε
1198 2424 1254 2465 nec
1275 2404 1434 2484 pignerare
1456 2423 1512 2465 nec
1534 2403 1596 2464 alio
1619 2402 1755 2484 quolibet
1781 2402 1869 2464 modo
1897 2401 2030 2463 alienare
2053 2420 2102 2460 ne

267 2503 381 2587 τρόπῳ
401 2506 542 2567 ἐκπατεῖν
562 2504 637 2568 occe
658 2507 871 2591 προσχήματι
887 2519 946 2585 τῆς
961 2518 1024 2573 τοῦ
1043 2508 1170 2594 λαμβά-
1198 2531 1257 2591 que
1279 2518 1441 2591 praetextu
1463 2510 1652 2590 ignorantiae
1666 2510 1731 2571 eins
1754 2509 1806 2591 qui
1829 2508 1939 2589 accipit
1961 2507 1991 2568 in
2008 2506 2102 2568 alium

267 2631 384 2683 νοντος
407 2611 546 2691 ἀγνοίας
568 2615 613 2686 εἰς
628 2612 731 2676 ἀλλον
745 2612 887 2678 δύναται
901 2619 1111 2703 μεταφέρωσι
1127 2655 1170 2664 -
1197 2626 1298 2698 potest
1320 2616 1490 2679 masena.
1867 2635 1893 2677 c.
1911 2616 1938 2674 1.
1954 2612 1988 2675 0.
2004 2616 2034 2687 4,
2050 2614 2102 2675 43·

958 2723 1170 2799 c1.1v,43.

174 2855 193 2887 π
213 2834 228 2887 '·
332 2831 379 2895 Et
397 2854 448 2906 τις
471 2829 528 2896 διά
550 2830 610 2910 τὴν
626 2832 750 2912 πολλὴν
765 2835 879 2899 πενίαν
892 2836 950 2901 καί
969 2835 1030 2915 τὴν
1045 2838 1196 2903 ἔνδειαν
1265 2840 1298 2902 Si
1314 2841 1381 2921 quis
1396 2847 1519 2920 pmpter
1533 2839 1657 2900 nimiam
1672 2845 1884 2918 paupertatem
1893 2846 1924 2898 ct
1938 2845 2104 2918 egestatem
2139 2845 2182 2895 88.

99 3503 146 3571 sol.
160 3506 229 3556 246¹.

105 3590 186 3660 XIX,
204 3595 229 3679 l.

266 2949 324 3015 τῆς
347 2950 477 3026 τροφῆς
498 2943 603 3003 ἔνεκεν
625 2944 768 3027 ἔρρωται
792 2944 964 3026 ὴπρᾶσις·
987 2943 1038 3008 ἔπί
1062 2945 1170 3028 τούτῳ
1198 2945 1359 3008 alimoniae
1374 2966 1467 3008 causa
1482 2945 1674 3026 [vendiderit]
1689 2945 1772 3007 valet
1788 2944 1932 3007 venditio:
1956 2943 2104 3005 hactenus

266 3044 301 3108 δὲ
329 3045 433 3126 μόνον
458 3049 611 3132 ἔρρωται,
644 3047 701 3135 ἔφ’
730 3040 757 3131 ᾧ
785 3046 846 3112 τόν
872 3053 1095 3136 ἀγοράσαντα
1127 3051 1170 3135 μὴ
1198 3062 1300 3115 autem
1323 3052 1421 3114 solum
1448 3053 1539 3127 valet,
1568 3061 1604 3113 ut
1630 3058 1749 3132 emptor
1775 3071 1836 3112 non
1867 3050 1955 3112 aliter
1977 3057 2105 3131 cogatur
2152 3078 2156 3087 ·

266 3151 373 3226 ἀλλοις
395 3154 653 3234 ἀναγκάζεσθαι
680 3155 866 3221 ἀποδοῦναι
893 3167 1003 3222 ταῦτα
1026 3155 1069 3223 τά
1092 3161 1171 3244 πρό·
1197 3160 1322 3221 reddere
1337 3159 1393 3220 has
1407 3179 1552 3240 personas
1567 3159 1624 3220 nisi
1634 3157 1684 3220 vel
1698 3157 1829 3239 pretium
1844 3157 1982 3237 accipiat,
1997 3157 2104 3237 quanti

266 3280 373 3338 σωπα,
396 3255 455 3323 ἔάν
477 3257 521 3341 μὴ
544 3258 623 3338 ἣτδ
639 3263 764 3345 τίμημα
782 3261 870 3349 λάβῃ
886 3260 970 3328 όσου
989 3264 1072 3329 είσίν
1090 3267 1171 3350 ἀξια
1198 3287 1280 3328 nunc
1300 3267 1410 3346 dignae
1433 3275 1513 3340 sunt,
1531 3265 1580 3329 vel
1603 3265 1787 3346 mancipium
1810 3265 1874 3325 eius
1897 3262 1993 3324 simile
2016 3264 2053 3343 [c.
2070 3264 2103 3342 2]

266 3373 337 3446 νῦν,
361 3364 381 3442 δ
404 3365 620 3451 ἀνδράποδον
641 3369 757 3443 αύτοῖς
780 3367 897 3452 όμοιον
918 3373 955 3452 [c
972 3375 1005 3453 2]
1042 3405 2101 3421 -------------

266 3509 1167 3529 -----------
1197 3480 1330 3543 civitatis
1345 3478 1395 3543 vel
1417 3479 1443 3540 si
1458 3479 1643 3559 mancipium
1658 3478 1786 3540 venierit
1807 3497 1844 3538 ea
1866 3476 1933 3556 lege
1955 3487 1991 3538 ut
2009 3496 2103 3538 mann

266 3589 325 3656 τῆς
353 3578 476 3653 πόλεως
499 3577 519 3655 δ
545 3576 604 3643 ἰάν
630 3581 846 3666 ἀνδράποδον
872 3583 996 3671 πραθῇ
1022 3583 1074 3649 επί
1101 3583 1170 3670 όριμ
1198 3588 1366 3648 mitteretur
1375 3584 1424 3647 vel
1433 3605 1495 3647 non
1508 3585 1771 3647 manumitteretur
1779 3585 1909 3665 (noem
1918 3585 1999 3646 ίίἰιιίι·
2007 3579 2101 3664 Vnt

267 3694 329 3749 τοῦ
349 3685 623 3769 ἔλευθερωθῆναι
647 3687 667 3766 ί)
689 3686 733 3771 μὴ
756 3689 1044 3773 ἔλευθεροιθῆναιι
1061 3729 1129 3739 --

193 3806 229 3859 ι’.
331 3798 366 3864 ‘0
395 3798 446 3864 ἔπί
478 3801 629 3889 ἐξαγωγῇ
664 3804 811 3887 πραθεὶς
842 3803 909 3869 ἀπὸ
943 3818 1001 3884 τῆς
1030 3807 1170 3883 Ἰταλίας
1264 3808 1327 3886 Qui
1359 3807 1452 3870 veniit
1483 3827 1521 3868 ea
1551 3805 1618 3887 lege
1652 3814 1688 3868 ut
1718 3805 1896 3868 educeretur
1931 3806 1971 3867 ab
2008 3804 2102 3867 Italia
2139 3814 2163 3862 1.

194 4134 228 4205 β’.

266 3905 407 3971 δύναται
438 3906 564 3988 διάγειν
595 3913 629 3973 ἔν
661 3915 702 3998 τῇ
733 3913 892 3997 ἔπαργίμ,
929 3917 956 3976 εἰ
987 3911 1031 3996 μὴ
1062 3914 1169 3996 ῥητῶς
1196 3924 1297 3996 potest
1328 3914 1436 3994 degere
1467 3914 1497 3974 in
1529 3914 1694 3994 provincia,
1731 3913 1789 3974 nisi
1821 3912 1992 3994 specialiter
2028 3912 2102 3974 vcti-

265 4011 493 4091 ἔκωλύθηι-
918 4021 954 4082 fr.
971 4023 1000 4082 2.
1015 4021 1055 4082 D.
1074 4022 1123 4096 18,
1141 4026 1169 4085 7.
1197 4022 1315 4083 tussit
1851 4019 1886 4081 fr·
1903 4021 1932 4080 2·
1947 4019 1987 4080 D·
2006 4018 2055 4091 18,
2073 4021 2101 4079 7·

330 4126 405 4192 Ἐἀν
420 4129 721 4212 όπραθείςδούλος
729 4135 870 4221 κωλυθῇ
887 4143 948 4199 τοῦ
957 4137 1168 4220 προαστειόν,
1263 4137 1296 4199 Si
1319 4156 1424 4198 servus
1443 4136 1585 4198 venditus
1607 4134 1802 4216 prohibeatur
1823 4134 1967 4196 suburbio
1982 4142 2013 4195 et
2027 4132 2101 4194 urbe
2137 4141 2161 4190 2.

265 4234 323 4299 καί
346 4246 405 4313 τῆς
428 4236 550 4311 πόλεως
576 4237 750 4320 κωλύεται,
778 4237 900 4323 ἵναμὴ
925 4253 991 4305 των
1013 4243 1169 4323 μειζόνων
1196 4253 1328 4316 arcetum
1361 4264 1400 4305 ns
1430 4242 1594 4304 maioribus
1625 4240 1744 4304 fruatur
1775 4241 1827 4321 qui
1858 4240 2023 4301 minoribus
2055 4247 2102 4300 est

266 4340 418 4429 ἀπολαύῃ
441 4344 460 4406 ό
483 4353 551 4407 τῶν
573 4346 722 4421 ἡττόνων
743 4346 920 4421 κωλνθείςε
936 4346 1000 4396 -2
1088 4350 1123 4413 fr.
1140 4354 1169 4413 5.
1196 4351 1365 4431 prohibitus
1388 4348 1483 4433 [fruil
2018 4345 2054 4407 fr.
2071 4348 2100 4406 5.

201 4468 228 4522 ι’.
329 4456 405 4522 ‘tcto
420 4459 561 4537 πωλήσω
570 4459 708 4535 δούλους
723 4460 774 4525 ert
789 4466 837 4543 τῷ
852 4461 895 4545 μὴ
911 4465 1169 4549 πειραθῆναι·
1264 4467 1298 4528 Si
1320 4465 1483 4529 vendidero
1505 4484 1608 4527 servos
1631 4483 1668 4525 ea
1689 4462 1757 4544 lege
1779 4483 1818 4525 ne
1845 4499 1887 4508 -
1908 4497 1951 4508 -
1975 4461 2100 4524 alterius
2137 4470 2179 4521 10.

266 4603 308 4613 -
331 4568 445 4649 ἔτέρον
466 4564 523 4630 καί
547 4564 632 4631 ὥστε
655 4568 870 4644 τελευτῶντός
893 4592 956 4633 σου
975 4570 1171 4655 ἐλευθέρους
1197 4582 1228 4636 et
1242 4583 1277 4635 ut
1298 4581 1509 4654 postmortem
1531 4580 1615 4634 tuam
1638 4570 1696 4652 ipsi
1718 4570 1805 4632 liberi
1827 4578 1936 4643 essent,
1959 4569 2099 4650 quamvis

265 4669 388 4747 αύτούς
410 4669 492 4737 εἰναι
515 4670 581 4737 κάν
603 4672 705 4749 αὐτός
723 4672 767 4757 μὴ
790 4676 1017 4765 ἔλευθερώσῃς
1037 4675 1168 4759 αύτούς,
1197 4690 1230 4742 tu
1254 4700 1306 4742 eos
1329 4700 1390 4741 non
1418 4678 1636 4752 manumiseris,
1666 4678 1744 4740 fiunt
1769 4685 1839 4758 post
1865 4684 1991 4738 mortem
2014 4683 2099 4738 tuam

264 4780 414 4861 γίνονται
430 4776 513 4862 μετά
530 4781 688 4845 θάνατόν
704 4803 767 4845 σου
782 4781 965 4869 ἐλεύθερον
982 4822 1024 4832 -
1069 4786 1106 4847 fr.
1119 4787 1168 4848 10.
1196 4787 1290 4849 liberi
1995 4782 2031 4844 fr.
2049 4783 2099 4856 10,

209 4905 224 4959 '.
335 4891 421 4969 Τοὺς
447 4894 726 4983 καταφεύγοντας
752 4902 883 4974 οἰκέτας
909 4904 954 4974 εἰς
985 4898 1168 4986 σεβασμίας
1262 4901 1476 4983 Confugientes
1499 4920 1601 4962 servos
1620 4901 1652 4961 in
1667 4898 1854 4962 venerabiles
1870 4898 1959 4960 aedes
1974 4907 2004 4959 et
2018 4898 2099 4960 iuste
2136 4907 2177 4955 11.

265 5004 376 5076 οίκονς
402 5001 459 5066 καί
488 5002 602 5067 δίκαια
634 5007 812 5080 αἰτοῦντας
839 5007 879 5069 ού
902 5005 971 5090 χρὴ
998 5017 1166 5093 περιορᾶν,
1194 5018 1331 5090 petentes
1353 5028 1414 5070 non
1437 5016 1554 5088 oportet
1571 5007 1737 5088 despicere3
1760 5006 1814 5067 sed
1829 5006 1855 5067 si
1869 5025 1962 5068 eausa
1976 5005 2099 5086 cognita

264 5109 338 5172 ἀλλ’
368 5113 454 5194 εἰπερ
483 5109 690 5192 διαγνώσεως
717 5115 889 5195 γενομένης
915 5113 1107 5199 εύρέθιγσαν
1135 5117 1168 5178 οἱ
1194 5115 1309 5178 inventi
1332 5115 1444 5176 fuerint
1465 5114 1579 5175 domini
1606 5113 1655 5176 vel
1677 5114 1742 5174 sine
1764 5114 1854 5174 modo
1881 5132 1932 5175 eos
1959 5100 2116 5192 torquen?

265 5215 424 5280 δεσπόται
463 5216 483 5294 δ
521 5220 670 5303 ἀμέτρως
708 5215 830 5293 αύτούς
870 5218 1109 5304 βασανίζοντες
1147 5220 1167 5298 ἢ
1194 5231 1239 5283 tes
1270 5219 1320 5284 vel
1352 5241 1403 5283 eos
1436 5221 1516 5283 fame
1546 5231 1689 5282 necantes
1719 5219 1769 5284 vel
1802 5219 1841 5281 ad
1868 5228 1957 5299 turpe
1984 5218 2098 5279 sactum

264 5322 535 5406 λιμοκτονοῦντες
566 5323 586 5401 δ
613 5328 658 5399 εἰς
685 5326 807 5409 πρᾶξιν
833 5323 981 5412 αἰσχράν
1010 5327 1165 5408 ἔλκοντες,
1194 5328 1359 5403 trahentes,
1387 5337 1547 5410 eapropter
1568 5348 1619 5389 eos
1641 5328 1773 5391 vendere
1795 5326 1921 5405 cogendi
1944 5333 2028 5398 sunt,
2055 5325 2098 5386 ita

264 5436 300 5494 ἔκ
322 5430 451 5495 τούτων
478 5430 734 5515 διαπιπράσκων
760 5429 882 5507 αύτούς
909 5435 1166 5515 ἀναγκάζεσθαι
1193 5456 1232 5497 ne
1253 5456 1357 5497 rursus
1378 5443 1571 5499 revertantur
1592 5435 1624 5495 in
1647 5454 1752 5495 eorum
1773 5441 1967 5515 potestatem
1991 5431 2098 5494 sedet

265 5534 348 5619 πρὸς
370 5533 410 5601 τό
433 5541 546 5618 μηκέτι
569 5538 791 5626 ὑποστρέφειν
814 5543 858 5614 εἰς
881 5537 942 5617 τὴν
964 5541 1076 5604 αύτῶν
1096 5539 1166 5605 δεσ-
1194 5540 1327 5605 venditio
1358 5541 1444 5603 bonis
1471 5541 1697 5604 condicionibus
1724 5539 1864 5603 facienda
1890 5549 1948 5612 est,
1977 5559 2016 5600 ne
2043 5558 2098 5621 per

264 5644 413 5724 ποτειάν,
454 5641 541 5708 ἀλλά
575 5643 633 5708 καί
669 5644 730 5723 τὴν
765 5655 891 5729 πρᾶσιν
921 5646 1007 5734 καλῇ
1042 5649 1165 5732 αἰρέσει
1193 5648 1341 5729 quasdam
1363 5648 1528 5728 exquisitas
1543 5648 1732 5711 condiciones
1747 5656 1778 5709 et
1799 5655 1870 5729 post
1884 5645 2096 5708 alienationem

264 5759 368 5814 ποιεῖν
390 5748 476 5814 ὥστε
497 5748 541 5833 μὴ
557 5750 614 5815 διά
629 5774 729 5815 τινων
743 5755 994 5839 σεσοφισμένων
1008 5757 1167 5839 αἰρέσεων
1193 5775 1245 5816 eos
1267 5754 1347 5816 malo
1371 5753 1499 5817 adficere
1527 5753 1656 5838 [domini
1682 5755 1810 5838 possint]
1838 5752 1888 5817 vel
1915 5762 1950 5815 ut
1977 5754 2008 5815 in
2031 5752 2095 5817 vin·

336 5998 345 6033 ¹
364 5997 431 6073 Syn.
450 5999 524 6054 unde
542 5997 624 6071 plura
641 5999 776 6072 supplevi.
850 5999 965 6057 ’habet
982 5999 1050 6073 Syn.
