4842 7018
906 483 1060 552 BIBER
1080 484 1169 551 Lm.
1214 484 1304 550 ΤΙΤ.
1326 483 1400 551 VIL
2007 485 2068 550 105

239 664 418 749 τρήσηται·
441 661 499 728 ἐάν
513 662 596 748 μετά
610 663 752 730 ταῦτα·1
775 663 840 751 πρὸ
863 664 929 751 γάρ
945 677 1005 743 τῆς
1025 666 1141 749 μετρή-
1169 665 1251 729 itote
1273 667 1324 729 sit:
1348 667 1375 729 si
1396 675 1504 747 postea
1526 713 1533 727 .
1557 688 1588 728 .:
1615 685 1688 728 nom
1710 674 1781 728 ante
1808 685 1980 728 mensurum
2007 665 2070 727 iere

240 792 322 844 σεως
359 770 479 849 σχεδὸν
514 772 554 834 οὐ
590 774 768 856 πέπραται,
806 777 832 835 εἰ
863 771 907 854 μή
939 775 1009 856 ἀρα
1037 771 1142 858 χωρίς
1169 773 1304 835 nondum
1335 773 1441 847 veniit,
1472 773 1531 835 nisi
1561 771 1637 835 forte
1668 772 1733 834 sine
1765 792 1906 835 mensure
1936 773 2069 835 venditio

240 878 424 959 μετρήσεως
451 877 602 963 ἐπράθη,
629 875 732 957 τυχόν
754 881 872 960 ἀγγεῖα
898 878 918 957 i
946 881 1060 960 πίθοι,
1083 879 1138 966 ἐφ’
1167 880 1251 942 seete
1282 880 1333 954 sit,
1370 879 1447 943 forte
1477 900 1587 943 vesum
1617 878 1667 942 vel
1698 878 1861 954 doliorum;
1896 880 1929 940 in
1959 880 2070 961 quibus

240 980 286 1046 ὧν
307 983 365 1047 καί
389 982 453 1068 πρὸ
469 996 528 1062 τῆς
542 986 726 1068 μετρήσεως
749 986 985 1071 ἐλευθεροῦται
1001 996 1062 1051 τού
1075 1009 1141 1073 κιν-
1169 997 1198 1049 et
1229 996 1301 1050 ente
1331 1007 1502 1049 mensurum
1533 986 1680 1048 liberetur
1710 985 1849 1049 venditor
1877 986 2011 1068 perioulo
2040 996 2071 1049 et

215 1098 219 1108 “
241 1089 341 1154 δύνου
368 1093 387 1154 ὁ
415 1093 544 1175 πράτης
570 1091 628 1156 καὶ
656 1094 696 1156 ού
724 1093 816 1157 δοκεῖ
839 1093 1094 1177 παραδίδοσθαι
1122 1095 1141 1156 ὁ
1168 1114 1230 1156 non
1251 1094 1373 1156 videtur
1394 1093 1473 1156 trudi
1495 1093 1609 1155 dolium
1632 1091 1673 1155 ab
1694 1102 1828 1174 emptore
1843 1093 2008 1173 signatum
2031 1113 2071 1157 ne

241 1194 334 1281 παρά
361 1206 423 1260 τοῦ
449 1199 645 1284 ἀγοραστού
674 1199 904 1288 σφραγισθιλς
936 1202 1053 1274 πίθος·
1086 1196 1142 1263 διά
1170 1201 1251 1263 enim
1266 1209 1474 1275 summutetur,
1489 1199 1634 1280 signetur.
1670 1199 1706 1262 ir.
1725 1202 1740 1260 1
1757 1203 1914 1282 ρετ-52.
1928 1199 1968 1262 D.
1981 1204 2031 1275 18,
2042 1203 2070 1263 6.

240 1301 306 1389 γάρ
330 1301 370 1367 td
392 1302 436 1387 μή
458 1303 676 1388 έναλλαγῆναι
700 1309 930 1395 σφραγίζεται.

719 1415 973 1497 impr—52.
988 1416 1028 1479 D.
1047 1417 1096 1490 18,
1114 1417 1142 1478 6.

188 1527 203 1579 ‘.
307 1516 381 1581 Ὲάν
408 1521 538 1606 ὁρισθῇ
562 1522 687 1605 χρόνος
714 1532 771 1598 τῆς
798 1523 995 1608 μετρήσεως,
1028 1526 1054 1586 εί
1086 1519 1143 1585 καὶ
1239 1520 1272 1583 si
1295 1530 1443 1584 stumtum
1465 1522 1505 1585 sit
1527 1530 1646 1604 tempus
1668 1520 1909 1595 mensurationis,
1931 1520 2022 1584 etiem
2045 1522 2072 1584 si

244 1625 399 1712 ἐμποδίζῃ
422 1628 441 1690 ὁ
465 1625 671 1711 ἀγοραστής,
699 1628 803 1712 ἐξεστι
828 1632 876 1711 τῷ
903 1629 1014 1716 πράτη
1042 1633 1146 1706 ἐκχεῖν
1172 1627 1319 1709 impediet
1344 1640 1470 1711 emptor,
1505 1629 1577 1692 lieet
1605 1627 1753 1691 venditori
1783 1628 1934 1691 effimdere
1957 1629 2070 1703 vinum,

244 1730 304 1795 τόν
322 1728 413 1796 οίνον
429 1732 723 1818 διαμαρτυρομένω
738 1738 848 1817 μέντοι
866 1744 967 1799 τοῦτο
983 1737 1146 1821 πρότερον
1173 1754 1242 1795 oum
1265 1735 1295 1796 id
1323 1735 1547 1799 denuntiaverit
1574 1743 1665 1797 antee
1690 1735 1831 1816 emptori:
1859 1736 1885 1797 εἰ
1911 1755 1983 1798 vero
2010 1756 2072 1797 non

244 1836 305 1902 τόν
327 1840 531 1922 ἀγοραστήν.
577 1844 603 1903 εί
626 1840 660 1904 δὲ
682 1840 726 1923 μή
749 1841 880 1928 ἐκχύση,
903 1842 1062 1928 λαμβάνει
1087 1838 1146 1905 τόν
1172 1840 1321 1919 effuderit,
1344 1841 1457 1924 eooipit
1471 1841 1639 1905 meroedem
1655 1840 1811 1917 doliorum,
1835 1850 1985 1922 quatenus
2007 1842 2072 1904 eius

244 1942 374 2027 μισθόν
397 1958 464 2009 των
487 1947 610 2027 πίθων,
634 1953 668 2011 ἐν
690 1940 717 2030 ᾦ
740 1946 888 2036 διέφερεν
910 1950 1014 2031 αὐτῷ·
1044 1946 1146 2027 τυχόν
1172 1947 1320 2022 interfuit3
1352 1948 1430 2012 forte
1455 1949 1536 2011 enim
1563 1968 1601 2011 οο
1625 1948 1772 2010 conduxit
1796 1947 1847 2011 vel
1873 1947 1936 2010 elie
1961 1947 2072 2010 oondu·

245 2050 310 2134 γάρ
335 2050 456 2127 αύτούς
472 2054 652 2135 ἐμίσθουή
671 2055 791 2129 ἀλλους
806 2056 1035 2136 ἐμισθώσατο.
1068 2055 1145 2119 κάλ·
1172 2074 1237 2117 eere
1259 2054 1372 2116 debuit
1416 2056 1527 2118 reotius
1543 2063 1645 2118 eutem
1667 2054 1759 2117 fnoiet
1773 2054 1941 2118 oondueens
1963 2053 2072 2138 [dolie]

244 2159 316 2222 λιον
339 2159 373 2222 δὲ
396 2169 485 2223 ποιεῖ
502 2160 729 2243 μισθούμενος
751 2161 808 2225 καὶ
831 2161 873 2243 μή
890 2158 1070 2235 ἀποδιδούς
1085 2157 1145 2225 τδν
1172 2171 1202 2223 et
1229 2183 1290 2224 non
1316 2162 1443 2225 reddens
1465 2164 1570 2224 vinum
1598 2161 1694 2225 donee
1720 2161 1852 2243 eeoipiet
1878 2161 1918 2223 eb
1940 2170 2073 2243 emptore

244 2262 335 2329 οἶνον
366 2271 425 2340 ἐως
457 2259 497 2330 οὗ
528 2267 615 2354 λάβη
647 2267 738 2353 παρὰ
771 2277 833 2332 τοῦ
858 2270 1055 2353 ἀγοραστοῦ
1086 2264 1146 2331 τόν
1172 2268 1351 2343 mereedem‚
1379 2269 1429 2332 vel
1452 2270 1586 2333 vendens
1613 2269 1718 2332 vinum
1746 2269 1811 2331 sine
1837 2268 1944 2330 fraude
1965 2268 2073 2349 quenti

243 2370 373 2454 μισθόν
389 2372 408 2450 i)
425 2373 542 2437 πωλῶν
551 2372 611 2438 τόν
624 2370 716 2438 οἶνον
731 2374 890 2461 ἀβλαβως
905 2372 988 2439 ὅσον
1004 2374 1145 2461 δυνηθῇ,
1171 2374 1312 2455 pomerio.
1334 2395 1372 2437 ne
1394 2376 1485 2438 vulde
1507 2376 1648 2438 laedetur
1668 2385 1792 2456 emptor.
1911 2374 1947 2437 fr.
1965 2378 1993 2436 1.
2009 2380 2026 2451 5
2043 2376 2072 2436 3.

244 2477 300 2543 ἵνα
322 2479 365 2561 μὴ
389 2476 472 2544 πολὺ
495 2483 650 2569 ζημιωθῇ
673 2484 692 2545 ὁ
715 2483 920 2566 ἀγοραστήςε
937 2479 1000 2530 —²

938 2590 973 2652 ir.
992 2593 1018 2651 1.
1035 2595 1052 2666 5
1069 2594 1088 2651 3
1104 2589 1144 2651 ib.

191 2701 207 2754 ¹.
312 2694 353 2757 Εί
375 2692 420 2776 μή
444 2695 575 2782 ὁρισθῇ
599 2696 678 2759 πότε
701 2697 735 2759 οἱ
761 2695 859 2759 πίθοι
885 2696 1027 2783 ὤφειλον
1049 2717 1145 2758 κενω·
1238 2694 1272 2756 Si
1302 2716 1363 2757 non
1395 2696 1435 2758 sit
1465 2705 1613 2758 statutum
1646 2696 1768 2777 quondo
1803 2695 1981 2759 eveouonde
2012 2695 2073 2757 sint

245 2800 366 2881 θῆναι,
404 2800 456 2865 δεῖ
482 2799 604 2876 αὐτούς
642 2801 707 2885 πρὸ
745 2813 803 2879 τῆς
835 2801 987 2879 ἐπιούσης
1023 2800 1145 2887 τρύγης
1172 2801 1266 2875 dolie,
1293 2812 1412 2883 oportet
1437 2823 1475 2864 ee
1501 2814 1571 2865 onte
1596 2804 1766 2885 proximum
1794 2803 1977 2866 vindemiam
2003 2823 2072 2866 eve

244 2905 466 2984 κενωθῆναι.8
511 2912 538 2971 εί
561 2908 596 2972 δὲ
617 2907 670 2991 μή,
694 2913 784 2986 ἐκχεῖ
802 2912 909 2992 μέτρῳ
933 2906 993 2973 τόν
1015 2904 1145 2972 σίνονὸ
1172 2909 1267 2971 cuod:
1290 2908 1350 2970 nisi
1371 2909 1403 2971 id
1427 2907 1557 2992 [foetum
1579 2910 1642 2993 sit]‚
1674 2909 1802 2972 effimdit
1823 2929 1878 2991 per
1900 2929 2073 2973 mensurum

245 3014 374 3098 πράτης
402 3011 459 3079 διά
485 3012 525 3079 τό
553 3015 748 3092 δηλωθῆναι
777 3018 883 3079 πόσον
911 3017 930 3078 ὁ
953 3014 1146 3099 ἀγοραστής
1171 3014 1277 3078 vinum
1299 3015 1449 3090 venditor,
1471 3025 1506 3078 ut
1528 3026 1675 3098 eppereet
1696 3025 1845 3096 qusntum
1868 3016 1909 3079 sit
1930 3016 2073 3098 emptoris

245 3122 429 3201 ζημιοῦταιε
446 3158 489 3169 -
983 3124 1019 3186 fr.
1037 3126 1064 3186 1.
1082 3130 1098 3200 5
1115 3126 1144 3184 4.
1171 3121 1324 3184 damnum.
1912 3123 1948 3185 fr.
1966 3126 1994 3184 l.
2010 3129 2027 3200 5
2043 3127 2073 3185 4.

173 3235 207 3299 d.
311 3228 352 3291 Εί
376 3227 410 3291 δὲ
433 3232 627 3314 οίνέμπορος
649 3225 690 3306 ήυ
713 3232 732 3293 ὁ
756 3231 893 3313 πράτης,
920 3230 960 3293 ού
987 3232 1144 3314 περιμένει
1239 3228 1273 3291 si
1304 3228 1368 3293 vini
1399 3238 1548 3293 mereator
1574 3229 1633 3291 fuit
1659 3229 1812 3305 venditor,
1843 3250 1905 3293 non
1932 3239 2074 3312 expootet

244 3332 306 3408 τάς
328 3333 466 3419 τρύγας·
490 3337 509 3398 ὁ
532 3335 598 3419 γάρ
622 3336 799 3400 λυσιτελῶν
821 3338 912 3418 αύτῷ
934 3335 1052 3420 καιρός
1070 3359 1147 3400 σκο·
1173 3335 1370 3410 εἱεὸοωίεω;
1393 3357 1465 3398 nem
1488 3345 1691 3419 opportunum
1714 3337 1742 3399 oi
1764 3346 1884 3418 tempus
1906 3337 2072 3419 inspioitur.

245 3451 362 3505 πεῖται.
403 3439 468 3526 πρδ
493 3453 551 3519 τῆς
572 3443 758 3526 μετρήσεως
773 3453 843 3518 τοῖς
865 3447 975 3526 μέντοι
991 3452 1147 3528 τυχηροῖς
1173 3441 1256 3506 Ante
1279 3463 1451 3506 mensurum
1473 3463 1545 3506 vero
1568 3464 1672 3506 oneum
1694 3443 1854 3506 fortuitum
1876 3454 1906 3507 et
1927 3444 2073 3506 maiorem

245 3548 264 3624 ή
293 3557 366 3622 ταῖς
392 3549 549 3631 μεγάλαις
576 3550 740 3631 ἀνάγκαις
769 3552 788 3614 ὁ
816 3551 944 3636 πράτης
976 3552 1038 3629 ούχ
1070 3550 1147 3615 ύπό-
1173 3549 1236 3611 vim
1257 3549 1398 3612 venditor
1420 3571 1482 3613 non
1504 3551 1604 3613 sentit
1861 3550 1897 3612 ir.
1913 3554 1932 3613 2
1948 3571 1993 3632 pr.
2010 3556 2027 3627 5
2046 3554 2073 3612 1.

244 3676 364 3719 xecrocs:
379 3693 421 3704 —
934 3659 970 3720 ir.
987 3660 1006 3720 2
1021 3680 1066 3739 pr.
1083 3664 1100 3735 5
1118 3659 1146 3720 1.

179 3768 208 3831 ὁ.
313 3762 488 3847 Χρεωστεῖ
512 3762 546 3825 δὲ
574 3762 726 3849 φυλακήν
754 3763 1001 3849 ἀκριβεστάτην
1032 3759 1146 3827 οἷονὸ
1240 3763 1342 3825 Debet
1363 3773 1466 3826 autern
1490 3762 1672 3849 [praestare]
1696 3764 1864 3827 emtodinm
1882 3763 2074 3845 diligentissi-

244 3868 334 3933 κατά
347 3871 469 3954 χρῆσίν
484 3893 516 3933 τι
532 3868 654 3954 λαβὼν,
677 3873 850 3934 τουτέστιν
868 3872 1048 3953 ἐπιμέλειαν
1062 3872 1147 3952 μεγί-
1174 3890 1256 3932 mem
1278 3871 1305 3933 is
1327 3872 1379 3952 qui
1402 3870 1516 3953 aliquid
1538 3872 1686 3934 utendum
1709 3873 1833 3953 eooepit,
1860 3872 1917 3935 hoo
1939 3881 1986 3934 est
2007 3871 2074 3933 dili-

246 3997 329 4052 στην
352 3977 432 4061 ήπερ
456 3981 490 4039 ἐν
512 3985 583 4050 τοῖς
605 3974 702 4050 ἰδίοις
724 3978 934 4062 πράγμασιντ
951 4015 993 4025 -
1066 3979 1101 4041 fr.
1118 3982 1146 4040 3.
1173 3977 1308 4057 gentium
1330 3979 1473 4040 maiorem
1496 3999 1589 4059 quem
1612 3978 1644 4040 in
1667 3978 1729 4041 suis
1751 3979 1851 4042 rebus.
1992 3978 2028 4040 fr.
2044 3979 2073 4039 3.

175 4089 208 4156 η’.
310 4081 384 4146 Ἐάν
403 4084 527 4168 χρόνος
550 4084 680 4170 ὁρισθῇ
702 4087 744 4171 τῇ
766 4083 873 4165 γεύσει
895 4082 953 4149 καλ
976 4087 995 4147 ὁ
1018 4085 1147 4169 πράτης
1240 4084 1274 4148 si
1297 4093 1416 4166 tempus
1439 4093 1588 4148 statutum
1610 4085 1651 4148 sit
1673 4085 1873 4165 degustationi
1891 4094 1922 4148 et
1936 4085 2074 4148 venditor

245 4189 413 4276 ἐμποδίση,
437 4191 635 4253 συνίσταται
658 4190 716 4271 μὲν
738 4192 758 4267 ή
777 4200 908 4276 πράσις,
932 4195 959 4255 εί
976 4188 1019 4273 μή
1035 4192 1148 4274 ἐτερόν
1174 4189 1354 4272 impedierit,
1377 4191 1515 4254 oonsistit
1536 4191 1660 4274 quidem
1683 4193 1804 4275 emptio,
1826 4192 1885 4254 nisi
1907 4191 1991 4254 uliud
2006 4212 2073 4254 oon-

246 4318 279 4359 τι
296 4297 531 4383 συνεφωνήθη,
548 4295 759 4378 ἐγκινδννεύει
776 4297 820 4377 δὲ,
836 4302 898 4361 εἴτε
913 4295 979 4383 πρὸ
994 4308 1052 4374 τῆς
1068 4318 1147 4383 προ·
1173 4298 1300 4371 venerit;
1323 4297 1489 4378 pericnlum
1505 4307 1607 4362 eutem
1622 4299 1714 4362 sentit
1729 4298 1906 4384 [venditor]‚
1925 4300 1988 4362 sive
2002 4306 2074 4361 ente

246 4402 393 4485 θεσμίας
416 4407 478 4468 εἴτε
500 4401 752 4486 peremerint
776 4400 866 4478 οἶνος
888 4405 1082 4492 ήφανίσθηε
1103 4441 1145 4451 -
1173 4403 1239 4467 sive
1261 4413 1331 4487 post
1353 4404 1432 4467 diem
1454 4414 1629 4488 eorruptum
1652 4407 1692 4469 sit
1715 4405 1860 4492 [vinum].
1940 4405 1977 4468 fr.
1992 4408 2014 4466 4
2028 4426 2073 4488 pr.

1013 4512 1048 4575 θ’.
1063 4514 1085 4574 4
1100 4534 1145 4596 pr.
2067 4514 2070 4521 ’

166 4624 208 4678 θ.
311 4616 508 4700 Ἐμποδίσας
535 4619 554 4680 ὁ
582 4619 711 4703 πράτης
739 4615 811 4701 περὶ
839 4628 898 4694 τῆς
929 4618 1146 4702 παραδόσεως
1239 4617 1451 4700 Venditorqui
1465 4619 1567 4682 feeerit
1580 4619 1739 4701 quominus
1754 4620 1924 4683 traderetur
1937 4618 2072 4703 [vinum]

247 4723 361 4788 δίδωσι
385 4722 425 4789 τό
448 4723 619 4812 διαφέρον,
644 4720 683 4787 τδ
706 4723 741 4807 ἐξ
756 4725 935 4788 αὐτοῦτοῦ
950 4726 1146 4809 πράγματος
1173 4725 1227 4787 det
1253 4726 1285 4786 id
1312 4726 1393 4806 quod
1419 4727 1557 4801 interest,
1584 4727 1616 4788 id
1642 4747 1751 4807 nempe
1776 4727 1857 4807 quod
1883 4747 1922 4789 ex
1947 4727 2015 4808 ipse
2040 4747 2073 4789 re

246 4833 298 4894 όν·
321 4832 361 4895 ού
383 4830 447 4913 μήν
469 4834 499 4895 εί
519 4855 550 4894 τι
574 4834 593 4895 ὁ
616 4831 810 4916 ἀγοραστής
829 4830 972 4909 ήδύνατο
988 4831 1144 4913 κερδᾶναι
1175 4831 1265 4905 venit
1293 4853 1352 4894 non
1385 4852 1458 4895 vero
1484 4842 1515 4895 et
1542 4834 1568 4895 si
1593 4833 1667 4914 qnid
1694 4843 1812 4915 emptor
1837 4835 1937 4915 potuit
1963 4834 2073 4896 luoreri

245 4936 312 5002 ἀπὸ
329 4939 557 5022 πραγματείας
572 4948 633 5003 τοῦ
648 4938 841 5024 πραθέντος
856 4939 948 5021 αὐτῇ
963 4942 1067 5003 οίνουε
1083 4936 1147 4988 -4
1172 4959 1211 5000 ex
1224 4938 1428 5020 negotiatione
1442 4940 1506 5002 vini
1521 4940 1578 5002 sibi
1593 4940 1716 5003 venditi.
1758 4941 1793 5002 fr.
1805 4942 1855 5003 21.
1865 4946 1882 5017 5
1893 4944 1921 5002 3.
1930 4941 1970 5003 D.
1982 4944 2032 5013 19,
2044 4943 2072 5001 1.

791 5046 1144 5123 n.21.§3.1).1o,1.

182 5157 208 5210 ι’.
311 5150 385 5215 Ὲάν
406 5153 517 5235 κὸττεμ
540 5152 662 5239 πραθῇ
685 5148 774 5226 οἶνος
795 5151 852 5216 καλ
875 5151 919 5234 μή
938 5150 1001 5216 ύπδ
1025 5161 1145 5234 γεῦσιν,
1239 5152 1273 5216 Si
1295 5174 1350 5236 per
1371 5154 1558 5217 eversionem
1581 5154 1736 5218 venditum
1765 5154 1805 5216 sit
1827 5155 1931 5217 vinum
1957 5165 1988 5217 et
2011 5175 2072 5216 non

245 5259 349 5340 μόνην
367 5257 521 5347 φυλακήν
536 5259 782 5344 ἀκριβεστάτην
797 5260 816 5322 ὁ
832 5260 962 5344 πράτης
973 5268 1144 5340 χρεωστεῖ,
1172 5269 1207 5322 ut
1237 5261 1456 5340 degusteretur,
1488 5262 1583 5324 solum
1611 5261 1781 5325 custodiam
1812 5260 2071 5342 diligentissimam

245 5365 313 5429 όδδ
329 5366 480 5441 κίνδυνος
494 5363 583 5440 ἀπας
596 5364 654 5430 καλ
669 5374 730 5429 τοῦ
743 5367 853 5448 όξῖσαι
867 5365 925 5430 καί
940 5374 1002 5430 τοῦ
1016 5365 1144 5451 ύδαρω·
1172 5367 1311 5430 venditor
1338 5366 1520 5451 [proestare]
1550 5368 1650 5442 debet;
1682 5367 1851 5451 pericnlum
1881 5388 1952 5430 vero
1983 5387 2071 5429 omne

246 5472 352 5548 θῆναι
382 5469 442 5536 τόν
470 5470 664 5557 ἀγοραστὴν
691 5474 767 5557 ὁρᾷ.
807 5470 865 5536 καὶ
894 5477 921 5536 εί
949 5471 993 5555 μή
1015 5473 1145 5559 ὁρισθῇ
1172 5474 1322 5535 stecoris
1350 5483 1381 5535 et
1407 5475 1537 5535 mucoris
1564 5473 1604 5535 ed
1630 5484 1794 5556 emptorem
1822 5482 1947 5555 spectet
1992 5482 2024 5536 et
2045 5474 2070 5538 εἰ

242 5580 367 5658 χρόνος
401 5583 443 5665 τῇ
475 5581 598 5662 αἱρέσει
635 5580 753 5660 αὐτοῦ,
793 5578 1051 5664 διαμαρτύρεται
1086 5577 1146 5644 τόν
1172 5600 1234 5642 ποτε
1256 5580 1296 5642 sit
1318 5588 1466 5642 statutum
1492 5588 1612 5662 tempus
1635 5580 1675 5642 ed
1697 5581 1728 5642 id
1755 5580 1932 5658 tollendum,
1959 5581 2071 5644 denun-

246 5683 441 5769 ἀγοραστὴν
468 5687 487 5748 ὁ
511 5687 647 5771 πράτης.
693 5686 745 5749 δεῖ
762 5689 874 5767 μέντοι
901 5683 966 5770 πρὸ
990 5697 1047 5762 τῆς
1070 5685 1145 5771 τρύ-
1172 5687 1230 5749 tiet
1258 5688 1386 5769 emptori
1413 5687 1561 5750 venditor.
1606 5697 1724 5770 oportet
1746 5699 1848 5751 eutem
1877 5697 1947 5752 unte
1969 5689 2071 5752 vinde·

245 5812 305 5872 Y'IG
321 5789 425 5856 αύτόν
440 5793 653 5876 ἐπαίρεσθαι.
684 5792 857 5877 ,δυσχερῶς
873 5792 907 5856 δέ
922 5815 973 5867 τις
988 5794 1143 5879 ἀγοράζει
1172 5794 1265 5855 miem
1288 5793 1318 5854 id
1347 5793 1421 5856 tolli.
1466 5814 1528 5855 non
1557 5794 1645 5857 feoile
1673 5803 1774 5857 eutem
1802 5794 1911 5876 uliquis
1933 5795 2007 5857 emit
2028 5798 2071 5858 sie

245 5956 291 5963 ——

335 6021 414 6077 ιΙοε.
439 6029 558 6094 corrupt.
604 6020 700 6094 'Syn
746 6020 918 6093 ³hueusque
936 6020 1002 6092 Syn.
1047 6020 1143 6093 ‘Syn

306 6119 374 6163 nuti
397 6120 483 6164 NH.
1818 6118 1850 6165 14
