4842 7018
831 455 984 523 LIBER
1005 455 1124 524 XLIV.
1168 456 1257 522 TIT.
1279 457 1404 524 XVIII.
1428 457 1520 523 XIX.
2047 461 2089 524 39

169 641 219 705 κέ·
321 636 366 700 Ἡ
384 635 574 723 ἀμφίβολος
597 640 795 723 ἐπερώτησις
813 636 904 703 κατά
922 649 984 704 τοῦ
1004 639 1162 723 ἐπερωτή-
1254 639 1360 703 Dubia
1391 639 1548 721 stipulatio
1580 649 1686 701 eontra
1717 638 1927 720 stipulatorem
1960 637 2092 722 [intelle-

259 744 381 817 σαντός
403 741 517 806 ἐστιν.1
1058 746 1093 808 fr.
1111 749 1161 808 26.
1188 746 1303 831 geuda]
1327 756 1382 809 est
1987 745 2023 808 fr.
2041 749 2091 808 26.

174 872 220 933 εἴ.
323 863 397 930 Ἐάν
415 871 451 930 ἐκ
466 868 596 932 πολλῶν
612 868 738 934 δούλων
757 876 815 934 ἕνα
830 871 966 948 θελήσω
982 872 1161 958 ελευθερω-
1256 870 1290 934 si
1322 892 1362 934 ex
1392 872 1530 954 pluribus
1562 873 1656 935 servis
1687 892 1782 934 unum
1814 871 1936 934 voluero
1967 870 2091 932 liberari

180 1029 194 1053 ,
215 1014 231 1054 Δ
259 974 366 1050 θῆναι
390 973 447 1037 καὶ
470 974 513 1057 μή
537 975 702 1041 δείκνυται
718 987 824 1058 ποῖον,
849 977 954 1053 οὐδεὶς
970 977 1162 1063 ἐλευθεροῦ·
1189 999 1288 1060 neque
1310 979 1408 1060 liquet
1429 1000 1528 1060 quem,
1552 1000 1641 1042 nemo
1663 978 1818 1042 liberatur.
1987 977 2023 1039 fr.
2040 981 2091 1039 27.

63 1049 346 1215 ἔβαλαν
1058 1088 1162 1150 f...
2122 1177 2128 1189 .

125 1189 130 1199 Ι
171 1190 240 1275 λα’.Ι
331 1205 376 1270 Τδ
401 1216 471 1281 τοῖς
494 1218 639 1286 πτωχοῖς
661 1211 993 1294 καταλιμπανόμενον
1014 1209 1057 1293 μή
1074 1233 1162 1294 νομι-
1257 1210 1349 1289 Quod
1372 1211 1474 1292 egenis
1497 1211 1685 1292 relinquitur,
1709 1211 1741 1272 id
1763 1230 1825 1272 uon
1842 1210 2032 1273 existimetur
2048 1210 2092 1270 iu-

259 1314 373 1394 ζέσθω
397 1313 534 1391 άδηλονε
551 1353 592 1363 -
913 1341 938 1381 o.
954 1322 1006 1382 24.
1021 1319 1055 1383 O.
1073 1322 1101 1394 1,
1118 1315 1163 1381 3.⁸
1190 1326 1313 1379 eertum.
1857 1338 1882 1380 ο.
1899 1319 1950 1379 24.
1966 1316 2000 1380 G.
2019 1319 2046 1392 1,
2064 1318 2091 1377 3.

173 1453 221 1525 λγ.
324 1437 398 1502 Ἐάν
421 1448 482 1503 τοῦ
503 1442 577 1503 υἱοῦ
600 1440 647 1524 [d]
670 1450 732 1505 τοῦ
755 1441 875 1506 δούλου
893 1466 957 1526 μου
972 1446 1162 1531 γραφέντος
1257 1442 1383 1518 si,fi110
1407 1451 1461 1505 aut
1483 1464 1570 1507 servo
1592 1464 1658 1506 meo
1680 1444 1788 1507 herede
1810 1441 1930 1523 scripto,
1953 1440 2092 1503 illinitum

259 1546 477 1628 κληρονόμον,
502 1548 668 1628 ἀθέμιτόν
684 1572 716 1611 τι
740 1548 760 1626 ή
785 1547 929 1635 αἰσχρόν
952 1549 1001 1614 ἐπὶ
1019 1552 1163 1636 τιμωρία
1189 1551 1264 1632 quid
1286 1550 1336 1612 vel
1358 1560 1448 1631 turpe
1470 1550 1502 1611 in
1524 1571 1654 1631 poenam
1676 1571 1776 1612 meam
1797 1549 1937 1611 relietum
1959 1548 2007 1623 sit,
2031 1567 2093 1609 nou

258 1674 323 1733 μου
344 1653 572 1740 καταλειφθῇ,
597 1656 658 1719 οὐκ
680 1659 824 1740 ἔρρωται
841 1655 880 1721 τὸ
902 1659 1063 1739 ληγάτον·
1087 1659 1162 1722 οὕτε
1190 1659 1272 1721 valet
1286 1657 1434 1736 legatum3
1457 1678 1519 1719 nou
1534 1657 1631 1720 solum
1646 1657 1727 1720 enim
1742 1677 1788 1731 en,
1808 1676 1886 1737 quae
1901 1657 1933 1717 in
1948 1654 2092 1717 heredum

259 1755 325 1843 γάρ
345 1761 433 1843 μόνα
448 1757 493 1824 τά
508 1766 552 1835 εἰς
568 1761 685 1839 ποινήν
699 1774 767 1826 τῶν
782 1764 997 1847 κληρονόμων
1012 1766 1161 1846 άσθενεῖ,
1189 1784 1317 1846 poenam
1341 1773 1413 1826 suut
1433 1764 1546 1838 relicta,
1568 1784 1631 1826 uon
1652 1764 1765 1837 valent,
1788 1764 1840 1825 sed
1855 1761 1958 1824 omnia
1972 1763 2005 1823 in
2026 1782 2093 1841 gre·

260 1863 346 1930 άλλά
369 1868 481 1930 πάντα
504 1871 548 1941 εὶς
574 1867 682 1953 βάρος
709 1879 772 1933 τοῦ
798 1875 916 1945 εἴτινος
939 1871 1060 1948 δήποτε
1082 1874 1162 1936 άνα-
1189 1891 1300 1934 vaureu
1326 1872 1472 1952 ouiusque
1499 1891 1538 1932 ex
1560 1871 1671 1933 ultima
1692 1870 1850 1934 voluntate
1872 1870 1922 1932 eui
1950 1869 2093 1949 imposita

260 1975 447 2060 φαινόμενα
470 1972 536 2038 άπδ
553 1974 742 2050 τελευταίας
760 1976 949 2062 βουλήσεως
964 1978 1164 2043 ἐπιτεθέντα
1189 1978 1310 2041 iuutilia
1332 1988 1411 2040 suut
1840 1975 1877 2037 fr.
1896 1980 1923 2039 1.
1938 1976 1978 2038 D.
1996 1979 2046 2049 34,
2064 1979 2092 2038 6.

259 2080 325 2143 τινὶ
349 2082 461 2163 ἄκυρά
483 2085 587 2145 tortu:
605 2120 647 2128 -
910 2086 946 2147 fr.
966 2089 992 2147 1.
1007 2086 1048 2149 Ι).
1066 2090 1116 2162 34,
1134 2092 1161 2151 6.

206 2211 222 2262 ‘.
325 2206 399 2270 Ἐάν
422 2229 472 2281 τις
495 2211 528 2269 ἐν
552 2207 703 2295 διαθήκῃ
725 2209 951 2292 κληρονομίαν
973 2209 993 2286 l)
1017 2211 1163 2293 ληγάτον
1257 2210 1290 2273 si
1317 2211 1385 2292 quis
1411 2211 1443 2271 in
1466 2219 1647 2273 testamento
1675 2209 1800 2272 alterius
1822 2208 2020 2271 hereditatem
2043 2207 2093 2271 vel

259 2316 366 2394 ἐαυτῷ
394 2316 597 2400 προςγράψῃ
625 2313 683 2379 καὶ
710 2318 768 2401 όχῃ
796 2316 1087 2397 δποκατάστατον,
1119 2324 1163 2393 είς
1190 2317 1325 2397 legatum
1357 2316 1414 2378 sibi
1441 2318 1592 2399 scripserit
1618 2327 1649 2379 et
1678 2316 1792 2379 habeat
1819 2315 2030 2390 substitutum,
2060 2315 2093 2375 in

260 2418 364 2484 αὐτόν
387 2419 551 2505 διαβαίνει
574 2430 684 2486 τοῦτο.
730 2424 749 2485 ὁ
776 2419 842 2507 γάρ
871 2434 929 2501 της
952 2424 1163 2508 πλαστογρα-
1191 2423 1272 2486 huno
1294 2424 1405 2486 transit
1426 2423 1457 2484 id
1480 2422 1575 2506 [quod
1598 2423 1738 2486 relietum
1760 2421 1819 2507 est]
1847 2431 1971 2504 propter
1993 2422 2093 2502 legem

261 2528 342 2613 φίας
365 2528 466 2609 νόμος
489 2529 614 2612 άκυροῖ
636 2526 681 2593 τά
703 2538 846 2595 τοιαῦτα
867 2530 953 2595 καθ’
980 2533 1164 2613 ὁμοιότητα
1190 2530 1228 2592 do
1242 2529 1335 2603 falsis,
1358 2550 1437 2610 quse
1452 2529 1528 2591 talia
1542 2530 1677 2592 infirmat
1691 2531 1731 2591 ad
1747 2530 1974 2592 similitudinem
1988 2549 2093 2591 earum

260 2644 328 2696 τῶν
359 2634 547 2698 ἐνστάσεων
578 2646 646 2698 τῶν
669 2637 774 2719 χάριν
801 2638 1044 2724 άνταμείφεως,
1078 2634 1163 2701 οἷον·
1190 2637 1427 2712 institutionum,
1459 2656 1539 2718 quse
1567 2636 1607 2699 ad
1635 2645 1744 2698 mutua
1774 2637 1920 2699 beneficia
1947 2644 2094 2718 spectent,

260 2738 318 2805 ἐάν
345 2744 364 2805 d
395 2741 487 2805 δεῖνα
517 2742 638 2828 ποιήσῃ
662 2764 701 2825 με
730 2744 951 2827 κληρονόμον,
978 2747 1072 2809 ἔσται
1099 2766 1164 2826 μου
1190 2742 1298 2805 veluti:
1321 2742 1354 2806 Si
1377 2743 1428 2805 ille
1451 2744 1554 2806 feeerit
1576 2764 1625 2806 me
1646 2745 1797 2820 heredem,
1820 2746 1878 2807 erit
1899 2743 1973 2805 mihi
1995 2744 2089 2805 heres.

259 2848 477 2933 κληρονόμοςε
497 2886 540 2896 -
911 2851 948 2914 fr.
966 2855 994 2914 1.
1009 2853 1049 2915 D.
1066 2854 1117 2927 34,
1133 2855 1162 2915 8.
1842 2851 1877 2914 fr.
1896 2855 1924 2913 1.
1939 2850 1978 2912 D.
1996 2854 2047 2925 34,
2063 2852 2092 2912 8.

167 2980 222 3033 λό’.
332 2972 383 3038 Τά
406 2975 551 3059 ἀσαφῶς
568 2977 786 3057 γεγραμμένα,
811 2978 855 3050 ὡς
869 2974 912 3057 μή
928 2978 1086 3041 νοεῖσθαι
1102 2976 1163 3054 τήν
1257 2972 1346 3051 Quae
1361 2975 1406 3037 ita
1420 2975 1546 3039 obscure
1560 2977 1762 3058 scriptasuut,
1778 2986 1888 3039 utnon
1902 2974 2095 3057 intellegetur

260 3084 392 3144 ἔννοιαν
407 3082 527 3161 αὐτῶν,
547 3079 622 3145 άντὶ
638 3080 681 3163 μή
697 3085 929 3167 γεγραμμένων
947 3085 1043 3147 εἰσίν·
1066 3081 1111 3148 τά
1129 3083 1164 3147 δὲ
1191 3101 1295 3143 eorum
1311 3081 1498 3163 significatio,
1516 3104 1572 3164 pro
1587 3104 1650 3144 uon
1664 3085 1783 3165 seriptis
1806 3082 1970 3156 habentur;
1993 3090 2095 3144 oetera

260 3185 362 3251 λοιπά
385 3185 502 3265 lexin:
519 3186 582 3234 -⁴
1081 3191 1117 3253 fr.
1134 3195 1163 3253 2.
1191 3197 1293 3250 autem
1316 3189 1428 3252 valent
2012 3188 2048 3249 fr.
2065 3192 2094 3250 2.

170 3319 224 3392 μδ.
333 3309 384 3376 Τά
415 3312 659 3394 ληγατενόμενα
685 3321 756 3388 τοῖς
783 3313 844 3391 ήδη
876 3315 1117 3393 τηλεοτήσασιν
1144 3315 1163 3393 ή
1258 3311 1347 3390 Quae
1361 3314 1503 3394 legantur
1520 3315 1556 3376 iis
1574 3316 1627 3396 qui
1650 3316 1711 3377 iam
1727 3315 1838 3377 mortui
1857 3324 1937 3388 suut,
1960 3313 2010 3377 vel
2025 3333 2094 3395 cop

262 3428 331 3493 τοῖς
350 3419 654 3502 αὶχμαλωτισθεῖσι
677 3418 734 3484 καὶ
757 3419 801 3503 μή
819 3421 1064 3486 ἐπανελθοῦσιν
1087 3421 1162 3486 άντί
1190 3421 1260 3483 rivis
1283 3421 1336 3501 qui
1359 3442 1420 3482 uon
1446 3422 1603 3496 redierint,
1630 3442 1685 3503 pro
1708 3442 1769 3483 uon
1792 3422 1911 3503 seriptis
1936 3421 2094 3484 habentur.

260 3526 340 3607 μηδὲ
363 3530 595 3609 γεγραμμένων
618 3529 712 3590 εἰσίνε
729 3565 771 3574 -
950 3530 984 3592 fr.
1001 3534 1021 3591 4
1037 3551 1082 3612 pr.
1099 3536 1115 3607 ξ
1135 3534 1162 3593 1.
2013 3527 2048 3588 fr.
2063 3531 2094 3588 4.

499 3774 620 3829 meo(
640 3775 693 3841 le',
712 3774 846 3829 ΒΙΒΛΙΟΥ
864 3776 929 3830 ΜΔ’
1389 3774 1556 3833 TITULUS
1573 3775 1654 3843 XIX,
1672 3774 1778 3831 LIBRI
1795 3774 1891 3831 XLIV

260 3903 323 3970 περὶ
341 3899 470 3971 αἱρέσεως
492 3902 537 3952 καὶ
555 3897 695 3968 δηλώσεως
712 3904 757 3953 καὶ
775 3900 862 3962 αἰτίας
879 3903 924 3954 και·
942 3901 1044 3974 τρόπον
1067 3899 1163 3967 αὐτῶν,
1191 3899 1226 3953 δε
1244 3899 1407 3954 condicione
1426 3906 1455 3955 et
1472 3900 1708 3956 demonstratione
1726 3908 1756 3955 et
1767 3917 1852 3956 eausa
1864 3905 1893 3955 et
1904 3902 1986 3956 modo
1999 3917 2093 3956 eorum

385 3988 462 4042 ἅτινα
481 3987 510 4042 ἐν
528 3986 646 4060 διαθήκῃ
663 3993 725 4063 περὶ
743 3990 865 4061 ληγόντων
882 3991 1041 4065 γράφονται.
1306 4005 1379 4061 qnae
1397 3989 1427 4042 in
1445 3992 1619 4045 testamentis
1636 3990 1672 4045 de
1689 3989 1790 4062 legans
1807 3988 1975 4045 scribuntur.

190 4130 224 4203 γ’,
328 4112 379 4177 Αἱ
401 4113 563 4178 ἀδύνατοι
586 4117 728 4201 αἱρέσεις
750 4119 784 4178 ὲν
804 4125 878 4190 ταῖς
899 4115 1085 4193 διαθήκαις
1108 4117 1164 4179 άν-
1258 4115 1466 4197 Impossihiles
1481 4118 1671 4180 condiciones
1685 4119 1718 4179 in
1733 4126 1914 4180 testamento
1928 4138 1984 4199 pro
2000 4117 2094 4182 nihilo

261 4220 424 4295 τὀὐδενός
447 4220 558 4285 εἰσιν.ὁ
913 4224 949 4285 fr.
965 4227 994 4287 3.
1010 4223 1050 4285 D.
1067 4227 1118 4297 35,
1137 4225 1164 4283 l.
1193 4222 1351 4286 habentur.
1844 4224 1879 4286 fr.
1896 4229 1924 4287 3.
1940 4225 1980 4286 D.
1997 4228 2048 4299 35,
2066 4228 2093 4286 l.

183 4362 224 4415 ε’,
327 4342 402 4408 Ἐάν
416 4346 608 4426 ληγατεόσω
631 4351 673 4433 τῇ
696 4347 852 4428 θυγατρί
866 4369 931 4430 μου
945 4344 1000 4411 ὅτε
1023 4347 1164 4433 γαμηθῃ
1259 4347 1292 4409 si
1318 4347 1459 4427 legavero
1485 4348 1566 4410 filiae
1593 4369 1681 4411 mese
1712 4370 1799 4424 „oum
1826 4351 1980 4430 nupserit‘
2006 4359 2037 4412 et
2063 4351 2094 4411 in

261 4451 319 4515 καλ
342 4457 376 4516 ἐν
399 4454 465 4539 ζωῇ
488 4474 552 4535 μου
574 4451 657 4536 μετά
675 4451 715 4517 τδ
739 4453 934 4519 διαθέσθαι
956 4476 995 4536 με
1013 4454 1164 4540 γαμηθῇ,
1191 4455 1256 4516 vita
1278 4474 1347 4515 mea
1368 4463 1439 4535 post
1460 4464 1674 4519 testamentum
1696 4456 1846 4537 nupserit,
1869 4456 2035 4538 adlmpleta
2049 4467 2096 4520 est

261 4559 471 4644 πεπλήρωται
503 4562 523 4637 ή
551 4559 689 4643 αἵρεσις·
722 4562 762 4624 οὐ
795 4571 890 4625 πάσα
921 4560 955 4624 δὲ
988 4561 1163 4648 συνάφεια,
1192 4559 1341 4622 condicio:
1368 4581 1430 4622 uon
1458 4563 1555 4624 omnis
1583 4572 1685 4626 autern
1707 4564 1886 4638 eoniunetio,
1914 4563 1967 4626 sed
1993 4566 2095 4626 matri·

261 4665 332 4729 άλλ’
367 4669 386 4729 ὁ
418 4663 509 4731 κατά
540 4669 643 4750 νόμον
675 4671 855 4752 ἐρρωμένος
886 4669 1006 4750 γάμος,
1046 4668 1164 4753 χώραν
1192 4668 1326 4728 monium
1354 4669 1418 4729 iure
1445 4667 1581 4731 validum
1604 4669 1704 4732 loonm
1731 4669 1806 4732 faoit
1831 4671 1971 4751 petitioni
1993 4670 2094 4750 legati.

261 4782 350 4838 ποιεῖ
378 4777 418 4860 τῇ
441 4776 618 4851 άπαιτήσει
646 4782 708 4838 τοῦ
738 4775 893 4856 ληγάτου.
937 4773 1164 4857 κδνπρωτον
1191 4775 1234 4835 Et
1256 4774 1282 4836 si
1304 4782 1395 4836 antea
1416 4784 1522 4837 eontra
1544 4776 1592 4837 ius
1619 4778 1763 4858 nupserit,
1791 4786 1897 4857 postea
1923 4798 1995 4841 vero
2022 4777 2094 4858 legi-

261 4881 463 4963 παρανόμως
486 4882 654 4969 συναφθῇ
672 4880 729 4944 καὶ
752 4878 836 4964 μετά
854 4890 964 4945 ταῦτα
983 4882 1162 4963 συννόμως,
1191 4882 1270 4955 time,
1293 4881 1377 4944 valet
1398 4880 1541 4962 legatum.
1565 4884 1681 4945 sivero
1704 4884 1843 4965 impubes
1865 4885 2010 4965 nupserit,
2033 4904 2094 4945 nou

260 4996 380 5071 κρατεῖ
406 4984 446 5051 τδ
469 4989 625 5068 ληγάτου.
671 4993 698 5051 εἰ
726 4987 760 5050 δὲ
788 4988 914 5074 άνηβος
940 4989 1097 5075 γαμηθῇ,
1124 4988 1164 5050 οὐ
1192 4988 1339 5069 adimplet
1360 4989 1574 5052 condicionem.
1990 4990 2026 5051 fr.
2045 4989 2094 5052 10.

261 5093 381 5179 πληροῖ
403 5093 464 5173 τήν
487 5093 623 5180 αἵρεσιν.
1009 5096 1043 5157 fr.
1062 5099 1102 5157 10
1118 5117 1163 5178 pr.

179 5257 224 5291 aa.
332 5215 446 5293 Οίιτως
468 5215 573 5285 εἷπον·
600 5217 745 5297 Ἐπειδὴ
773 5222 792 5283 ὁ
819 5221 959 5302 μείζων
985 5221 1069 5294 υίός
1091 5242 1164 5302 μου
1235 5221 1286 5284 sio
1313 5221 1389 5282 dixi:
1422 5222 1585 5302 „quoniam
1618 5222 1714 5284 maior
1739 5222 1818 5284 filins
1847 5221 1928 5303 oepit
1955 5242 1994 5283 ex
2022 5242 2095 5284 area

261 5325 400 5411 ἔλαβεν
422 5330 462 5390 ὲκ
485 5338 552 5404 τής
570 5327 720 5411 άρκλας
737 5349 810 5409 μου
830 5327 923 5390 δέκα
942 5339 1075 5409 κόμμ’,
1098 5327 1163 5390 λα·
1192 5348 1260 5390 mea
1274 5328 1378 5390 deoem
1394 5348 1509 5403 aureos,
1532 5330 1663 5410 oooipiat
1676 5338 1709 5391 et
1723 5330 1820 5390 minor
1839 5329 1942 5391 deoem
1959 5339 2094 5391 auroos“.

259 5432 359 5517 βέτω
383 5431 449 5497 καὶ
472 5436 491 5497 d
514 5430 652 5518 μικρός
676 5432 768 5497 δέκα
786 5447 915 5517 νομμ’.
953 5436 1097 5519 ἔρρωται
1120 5436 1164 5507 ὡς
1192 5435 1274 5498 valet
1296 5444 1331 5497 ut
1353 5455 1453 5497 eausa
1476 5456 1547 5497 uam
1570 5437 1710 5498 oeuseiu
1732 5436 1928 5518 praeteritum
1944 5436 2095 5498 confertur
2136 5506 2141 5515 .

260 5541 366 5603 αἰτία·
382 5543 402 5618 ή
417 5540 476 5622 μὲν
491 5538 557 5624 γάρ
568 5544 661 5604 αἰτία
677 5544 722 5615 εἰς
735 5541 956 5623 παρελθόντα
965 5541 1165 5604 συντίθεται
1191 5552 1319 5622 tempus,
1341 5561 1440 5623 poena
1462 5553 1563 5604 autem
1586 5543 1618 5603 iu
1640 5542 1784 5604 futurum.
1989 5541 2025 5603 fr.
2045 5545 2093 5604 12.

256 5648 391 5731 χρόνον,
414 5649 435 5724 ή
458 5647 494 5711 δὲ
516 5645 613 5725 ποινή
638 5650 682 5721 εἰς
704 5648 877 5730 μέλλοντα
896 5685 937 5696 -
1057 5649 1093 5710 fr.
1113 5648 1162 5710 12.

331 5823 403 5882 ¹cf.
422 5822 489 5897 Syn.
572 5824 686 5880 ”habet
703 5824 770 5896 Syn.
847 5823 928 5899 ’δεμ
947 5843 997 5896 pro
1022 5824 1104 5894 διάες
1121 5825 1165 5877 κοί

257 5915 343 5973 habet
354 5915 415 5971 eod.
429 5917 530 5972 erroris
542 5930 645 5989 genere
657 5914 894 5989 frequentissimo.
969 5914 982 5947 ⁴
999 5913 1085 5971 habet
1097 5912 1163 5989 Syn.

310 6003 427 6061 ⁸habet
445 6002 511 6076 Syn.

319 6102 387 6147 sant
410 6101 498 6149 NH.
