4680 7114
403 399 404 403 ¹
460 449 523 514 lea
873 440 1217 511 ensrmooeon
1238 439 1550 510 aeternnm
1572 443 1872 514 nneaanmn

523 626 598 694 Ἐάν
620 627 871 710 υίοθετησωμαι
888 623 1103 710 αὐτεξούσιόν
1118 646 1204 705 τινα,
1227 624 1289 707 ἔξω
1304 622 1361 687 καλ
1456 625 1490 689 si
1513 645 1582 689 eum
1605 628 1658 709 qni
1680 628 1727 689 sni
1749 594 1821 691 imis
1839 638 1885 692 est
1900 650 2089 711 arrogavero,
2110 634 2187 695 etim
2200 636 2245 700 hie

458 733 536 811 τοὺς
559 736 664 800 αὐτοῦ
686 733 807 809 παῖδας
823 733 1035 818 ὑπιξουσίους
1050 729 1084 795 ὲν
1102 731 1193 814 τάξει
1210 732 1361 813 ἐκγόνων.
1388 753 1439 797 roe
1462 735 1527 796 eius
1549 735 1581 795 in
1603 743 1755 817 potestate
1776 735 1894 800 habebo
1917 738 1985 800 loeo
2007 746 2154 821 nepotum

883 840 995 928 (Epan.
1012 849 1104 904 auota
1117 839 1238 914 XLIV,
1256 842 1361 918 7-8.)
1861 843 1909 925 (fr.
1927 848 1955 909 1.
1975 848 2055 928 2pr.
2073 854 2089 925 ἓ
2106 852 2133 909 2.
2145 848 2179 909 Ι).
2192 854 2211 923 1,
2221 855 2245 930 1.)

523 976 691 1054 XXXIII,
714 980 746 1052 1,
767 978 884 1041 8-10
900 974 1030 1061 (6-8).
1076 974 1136 1039 Δεῖ
1157 970 1218 1036 τόν
1239 973 1361 1056 κουρά·
1455 975 1632 1039 Curatorem
1661 977 1828 1041 oonsentire
1854 987 1975 1061 oportet
1999 1001 2071 1042 eum
2093 981 2180 1044 minor
2195 1004 2245 1046 ano

457 1107 552 1171 τωρα
567 1092 731 1148 σοναινεῑν
746 1091 808 1147 τοῦ
821 1081 986 1169 ἀφήλικος
1002 1080 1175 1163 διδομένου
1192 1084 1236 1155 εἱς
1253 1080 1360 1144 θέσιν.
1388 1091 1486 1165 gatar.

521 1190 554 1256 ‘O
585 1187 712 1277 τυφλός
744 1193 788 1264 είς
820 1189 921 1253 θέσιν
951 1186 1009 1253 καλ
1037 1187 1276 1274 λαμβάνεσθαι
1302 1185 1360 1251 καί
1456 1190 1573 1253 Caenus
1596 1191 1735 1273 adoptari
1757 1200 1789 1253 et
1810 1191 1958 1275 adoptare
1979 1203 2090 1275 powst

457 1299 638 1385 λαμβάνειν
661 1295 811 1362 δύναται.

522 1402 597 1469 Ἐάν
615 1413 851 1480 συναινοῦντος
865 1412 927 1468 τοῦ
942 1405 1016 1467 υἱοῦ
1029 1424 1094 1485 μου
1108 1401 1360 1484 υίοθετήσωμαι
1454 1403 1489 1468 si
1516 1404 1723 1467 eonsentiento
1750 1404 1812 1467 filio
1838 1426 1907 1469 meo
1934 1407 2120 1489 adoptavero
2141 1412 2210 1488 qussi
2224 1431 2246 1471 o

457 1516 502 1589 ὡς
523 1514 558 1597 ἐξ
581 1512 688 1578 αὐτοῦ
708 1515 855 1594 έγγονον,
878 1511 985 1575 οὐκέτι
1009 1510 1137 1590 γίνεταί
1157 1531 1213 1591 μοι
1229 1508 1360 1591 ὑσιξού-
1387 1531 1423 1574 eo
1445 1519 1595 1593 nepotem,
1618 1531 1680 1574 non
1703 1512 1878 1593 agnoscitur
1899 1514 1974 1576 mihi
1997 1535 2073 1576 suus
2094 1514 2179 1577 heres

457 1642 538 1695 σιος.
824 1618 937 1705 (Epan.
953 1626 1045 1681 εοοέε
1059 1615 1180 1691 XLIV,
1199 1618 1287 1678 10-
1296 1614 1359 1702 12.)
1949 1617 1998 1706 (fr.
2015 1623 2133 1682 8-10.
2146 1622 2180 1684 D.
2193 1627 2213 1696 1,
2224 1629 2247 1701 1.)

522 1753 685 1828 ΧΧΧΙΠ,
704 1756 731 1827 1,
750 1757 789 1815 12
806 1750 883 1838 (10).
926 1748 959 1816 ‘0
983 1746 1086 1824 θετὸς
1109 1750 1178 1823 υἱός
1200 1770 1265 1831 μου
1288 1748 1359 1813 ὑσε·
1453 1752 1517 1831 Qui
1538 1751 1683 1815 liberatus
1705 1761 1752 1815 est
1772 1754 1874 1835 patria
1890 1763 2043 1834 potestate
2058 1774 2117 1815 non
2131 1757 2247 1817 reveriti

456 1857 589 1944 ξελθὼν
611 1870 670 1936 τῆς
693 1855 988 1942 ἱιιιιξουσιότητος1
1011 1858 1073 1935 οὐχ
1096 1856 1296 1943 ὑποστρέφει
1316 1860 1360 1930 είς
1387 1860 1420 1921 in
1443 1879 1510 1921 eam
1533 1859 1658 1921 honeste
1680 1858 1739 1920 nisi
1762 1859 1932 1941 adoptione.
2014 1860 2064 1940 (fr.
2083 1863 2131 1923 12.
2144 1862 2178 1923 D.
2192 1862 2247 1945 11.)

457 1965 561 2045 αὐτὴν
584 1966 794 2048 εὐσχημόνως
816 1969 844 2030 εί
865 1964 908 2047 μὴ
934 1964 977 2029 δι’
1003 1964 1187 2038 υἱοθεσίας.

924 2071 1037 2159 (Epan.
1053 2080 1144 2135 aneta
1158 2070 1280 2146 XLIV,
1297 2073 1360 2150 13.)

522 2207 690 2284 ΧΧΧΙΠ,
709 2212 740 2283 1,
757 2211 797 2270 25
814 2205 891 2292 (21).
935 2206 1000 2283 Τῆς
1023 2205 1200 2288 θυγατρός
1221 2226 1286 2286 μου
1309 2204 1360 2283 ζη-
1453 2206 1487 2270 si
1509 2206 1572 2268 filia
1594 2227 1664 2269 mea
1685 2216 1721 2269 at
1735 2217 1832 2269 mater
1852 2207 1986 2270 familias
2000 2209 2156 2271 vixeritet
2174 2219 2248 2272 tettan

457 2315 564 2391 σάσης
587 2317 631 2390 ὡς
654 2314 871 2397 αὐτεξουσίως
897 2311 955 2377 καλ
979 2312 1178 2393 διαθεμένης
1201 2311 1241 2374 οὐ
1265 2309 1360 2374 divor·
1387 2315 1435 2390 sit,
1458 2334 1521 2376 non
1542 2334 1666 2396 possum
1687 2322 1758 2396 poet
1780 2323 1906 2377 mortem
1930 2316 1995 2377 eius
2017 2315 2128 2390 dioera,
2151 2337 2192 2378 me
2206 2336 2248 2378 ean

455 2419 614 2505 purperei
631 2422 788 2486 θάνατον
803 2421 906 2498 αὐτῆς
920 2420 1035 2502 λέγειν·
1052 2417 1240 2504 άνισχύρως
1255 2414 1359 2495 αὐτὴν
1387 2442 1448 2484 non
1462 2422 1529 2483 inre
1544 2421 1758 2503 emancipatae,
1774 2421 1833 2484 nisi
1847 2420 1904 2483 hoo
1921 2442 1978 2504 per
1992 2430 2087 2485 λεεωεν
2101 2423 2248 2504 probarao¹

456 2530 675 2612 αὐτεξουσίαν
698 2529 847 2608 ἐποίησα,
871 2531 898 2591 εί
919 2525 964 2609 μὴ
986 2534 1088 2590 τοῦτο
1110 2521 1166 2589 διά
1181 2523 1360 2608 μαρτύρων
1966 2527 2011 2609 (fr.
2030 2533 2074 2591 25
2091 2551 2134 2611 pr.
2147 2530 2182 2592 D.
2195 2532 2248 2608 1,1.)

457 2633 644 2720 o’ctsodaa'goa²
923 2635 1035 2717 (Epan.
1052 2644 1143 2697 auota
1157 2631 1277 2707 XLVI,
1295 2628 1359 2716 15.)

521 2770 684 2845 XXXIII,
697 2774 724 2846 1,
735 2769 915 2857 26.27(22.
926 2766 990 2855 23).
1029 2763 1252 2845 Υίοθετηθεὶς
1266 2761 1359 2851 παρὰ
1454 2768 1516 2847 Qui
1544 2789 1563 2830 a
1588 2768 1651 2831 tilio
1678 2787 1746 2831 meo
1773 2770 1964 2851 emancipato
1991 2770 2155 2852 adoptatas
2174 2771 2248 2843 esti

455 2887 517 2943 τοῦ
540 2878 757 2961 αὐτεξουσίου
778 2898 843 2960 μου
866 2878 940 2941 υἱοῦ
961 2876 1023 2940 οὔκ
1044 2877 1117 2939 έστί
1136 2897 1202 2957 μου
1216 2877 1358 2955 έγγονος.
1386 2897 1480 2958 nepes
1502 2876 1576 2938 mihi
1598 2896 1659 2938 non
1682 2884 1735 2938 est

519 2983 553 3051 Ὁ
576 2981 643 3050 ἀπὸ
661 2986 768 3050 θετοῦ
782 2986 856 3048 υἱοῦ
870 2981 1004 3061 τεγθεὶς
1024 2991 1085 3046 τοῦ
1099 2982 1209 3046 θετοῦ
1222 2981 1359 3063 έγγόυου
1442 2982 1502 3045 Ἐκ
1525 2982 1670 3065 adoptivo
1692 2993 1783 3046 natus
1805 2983 1943 3064 adoptivi
1968 2985 2093 3065 nepotis
2119 2984 2204 3047 locun
2219 2984 2249 3045 ot-

456 3093 553 3177 τάξιν
574 3096 647 3170 ἔχει.
855 3090 968 3178 (Epan.
984 3099 1075 3154 aneta
1089 3089 1210 3164 XLIV,
1228 3092 1277 3151 15.
1296 3091 1359 3169 16.)
1385 3093 1468 3154 tinet
1941 3090 1991 3168 (fr.
2008 3095 2063 3156 26.
2081 3095 2131 3155 27.
2144 3092 2179 3154 D.
2194 3096 2213 3165 1,
2224 3090 2248 3173 1.)

522 3226 690 3303 ΧΧΧΙΠ,
718 3230 749 3301 1,
770 3227 812 3289 30
833 3222 912 3312 (26).
959 3221 993 3288 Ὀ
1023 3222 1066 3306 με)
1099 3225 1183 3301 έχων
1214 3220 1358 3304 γαμετὴν
1453 3224 1515 3303 (λοί
1537 3244 1662 3286 uxorem
1685 3244 1748 3286 non
1770 3224 1864 3287 habet
1885 3224 2033 3306 adoptare
2057 3234 2163 3308 potest

456 3333 596 3399 δύναται
619 3334 795 3397 υἱοθετεῖν.
922 3330 1035 3417 (Epan.
1050 3339 1142 3393 auota
1156 3329 1276 3406 XLIV,
1294 3332 1357 3409 17.)
2013 3329 2065 3417 (fr.
2082 3334 2132 3395 30.
2145 3332 2180 3394 D.
2194 3330 2249 3411 1,1.)

521 3467 685 3543 ΧΧΧΠΙ,
703 3470 730 3541 1,
747 3470 798 3530 34.
815 3468 855 3529 35
872 3463 938 3552 (30.
954 3463 1019 3550 31).
1056 3460 1129 3528 Ἐάν
1151 3462 1356 3541 υἱοθετίγσω-
1451 3466 1485 3529 Si
1511 3486 1600 3546 quem
1629 3465 1837 3546 adaptaverim
1864 3465 1924 3528 hae
1950 3466 2027 3546 lege,
2058 3475 2095 3529 ut
2121 3486 2183 3528 omn
2206 3480 2249 3546 ρω

454 3577 517 3658 μαί
537 3597 614 3639 τινα
637 3572 688 3638 ένιλ
711 3577 759 3656 τῷ
780 3571 865 3655 μετά
887 3572 1033 3657 τριετίαν
1051 3570 1167 3635 δοῦναι
1183 3569 1237 3634 σοὶ
1254 3567 1357 3634 αὐτὸν
1384 3574 1546 3637 triennium
1573 3571 1629 3635 tibi
1655 3572 1687 3634 in
1715 3571 1908 3653 adoptionem
1934 3572 2056 3648 domm,
2089 3594 2148 3635 non
2170 3582 2249 3634 teneor

455 3686 499 3757 είς
527 3681 641 3764 θέσιν,
669 3681 730 3744 οὐκ
757 3683 922 3763 ένέγομαι·
954 3680 1160 3765 πρόσκαιρος
1192 3674 1257 3760 γάρ
1286 3674 1357 3751 υίὸς
1384 3680 1560 3761 temporalis
1581 3679 1661 3742 enim
1683 3678 1764 3741 filius
1786 3700 1846 3742 non
1869 3679 1967 3742 datur.

455 3790 516 3854 οὐκ
538 3786 637 3853 ἐστίν.

520 3891 754 3977 Συγκλητικός
791 3894 811 3972 ἱ)
850 3893 1071 3974 συγκλητικοῦ
1106 3888 1177 3967 υἱός
1211 3888 1269 3956 ἐάν
1301 3890 1353 3955 ὑπ’
1450 3893 1581 3956 Senator
1607 3893 1657 3955 vel
1679 3893 1826 3954 senatoris
1852 3891 1933 3955 filius
1956 3893 2024 3955 sia
2051 3896 2170 3975 privato
2189 3892 2250 3969 adop

453 4003 589 4068 ἰδιώτου
612 4003 819 4089 υίοθετηθῇ,
842 4004 928 4084 μένει
949 4003 1034 4079 έχων
1056 3997 1096 4064 τό
1119 4000 1258 4083 ἀξίωμα.
1301 3995 1357 4063 διὰ
1384 4010 1466 4064 tatus
1489 4002 1536 4076 sit,
1558 4000 1667 4062 retinet
1688 3999 1876 4079 dignitatem.
1913 3999 1974 4062 Per
1991 4001 2180 4087 adoptionem
2198 3998 2250 4060 enin

454 4109 520 4197 γάρ
543 4121 602 4187 της
626 4110 754 4184 θέσεως
777 4109 817 4174 οὐ
838 4116 997 4191 μειοῦται,
1021 4104 1107 4171 άλλά
1125 4106 1216 4189 αὔξει
1231 4105 1357 4188 μαλλον
1383 4129 1444 4171 non
1467 4107 1621 4181 minuitur,
1644 4105 1697 4168 sed
1718 4105 1819 4188 potius
1842 4114 1970 4187 augetur
1992 4108 2136 4187 dignitas

453 4215 493 4282 τό
517 4218 657 4301 άξίωμα.
853 4215 965 4302 (Epan.
981 4225 1073 4278 aucta
1086 4213 1207 4289 XLIV,
1226 4214 1275 4276 18.
1293 4216 1356 4293 19.)
1941 4213 1991 4298 (fr.
2008 4218 2062 4278 34.
2080 4218 2130 4277 35.
2145 4214 2180 4276 D.
2193 4216 2215 4286 1,
2226 4206 2251 4291 7.)

519 4350 682 4426 XXXIH,
700 4353 727 4426 1,
743 4355 795 4414 31.
811 4355 853 4415 38
869 4350 934 4438 (33.
951 4347 1015 4436 34).
1057 4346 1090 4414 Ὁ
1111 4346 1154 4431 μὴ
1178 4349 1262 4427 λέγων
1285 4343 1356 4410 υἱὸν
1451 4350 1513 4429 Qui
1535 4347 1631 4410 filium
1653 4368 1715 4410 non
1737 4348 1841 4422 habet,
1863 4356 2001 4429 nepotem
2026 4349 2162 4431 adoptat

454 4458 605 4523 υἱοθετεῖ
623 4460 768 4540 έγγονον.

518 4561 592 4628 Ἐάν
607 4562 823 4647 αὐτεξούσιον
838 4565 966 4643 ιιοιίγσω
981 4564 1001 4642 ἱ)
1017 4566 1181 4648 παράσχω
1197 4567 1241 4636 εἰς
1257 4562 1358 4625 θέσιν
1451 4567 1484 4630 Si
1511 4562 1765 4644 emancipaverim
1792 4562 1843 4627 vel
1871 4562 1903 4623 in
1930 4561 2127 4644 adoptionem
2153 4559 2251 4625 dederit

453 4669 514 4737 τόν
546 4673 651 4737 θετόν
681 4693 746 4753 μου
772 4669 851 4752 υἱόν,
883 4672 924 4736 οὐ
951 4670 1094 4755 δύναμαι
1124 4669 1222 4734 πάλιν
1254 4665 1358 4732 αὐτὸν
1384 4676 1479 4738 filium
1502 4692 1602 4734 meum
1625 4669 1815 4750 adoptivum,
1843 4689 1904 4731 non
1930 4690 2056 4750 possum
2084 4671 2186 4733 iterum
2206 4683 2251 4727 aaa

454 4780 702 4844 υἱοθετεῑσθαι.
1384 4782 1538 4863 adoptare.

518 4887 559 4950 Ἡ
590 4887 713 4971 άκυρος
745 4886 903 4950 υἱοθεσία
935 4884 1074 4949 δύναται
1107 4882 1164 4949 διὰ
1193 4883 1357 4970 βασιλέως
1449 4886 1584 4969 Adoptio
1606 4905 1666 4946 non
1688 4885 1753 4946 iure
1779 4882 1863 4946 faeta
1887 4891 2031 4964 potesta
2057 4883 2187 4965 prinoipe
2207 4898 2251 4940 eon

453 4993 693 5081 βεβαιοῦσθαι.
842 4993 953 5076 (Epan.
969 5004 1049 5056 suot
1064 4993 1185 5068 XLIV,
1202 4988 1355 5076 20-22.)
1382 4994 1504 5071 firmari,
1939 4987 1989 5076 (fr.
2006 4993 2058 5053 37.
2076 4994 2128 5053 38.
2142 4989 2178 5052 D.
2193 4991 2214 5061 1,
2226 4982 2251 5061 1.)

519 5129 682 5203 XXXIH,
700 5130 728 5204 1,
744 5132 786 5192 39
803 5125 881 5215 (35).
918 5123 992 5190 Ἐάν
1007 5132 1051 5200 εἰς
1066 5126 1245 5190 υἱοθεσίαν
1262 5123 1355 5209 λάβω
1450 5129 1484 5192 Si
1507 5125 1755 5209 patremfamilias
1779 5124 1996 5205 arrogaverim,
2023 5123 2112 5186 liberi
2138 5124 2194 5186 aios
2211 5115 2251 5180 effi·

453 5234 678 5320 αὐτεξούσιον,
695 5237 728 5298 οἱ
737 5234 850 5309 παῖδες
859 5235 965 5298 αὐτοῦ
973 5234 1126 5314 γίνονταί
1132 5254 1196 5315 μου
1211 5235 1355 5314 έγγονοι·
1383 5238 1504 5301 ciuntur
1518 5242 1642 5315 nepotes
1658 5233 1726 5297 mei.
1758 5232 1812 5295 Sin
1826 5229 2055 5293 filiumfamilias
2070 5226 2250 5312 adoptarem

453 5349 479 5408 εί
502 5343 537 5407 δέ
560 5341 755 5426 ὑπιξοάσιον
777 5342 1038 5424 υίοθετήσωμαι,
1062 5342 1095 5405 οἱ
1117 5339 1229 5414 παῖδες
1252 5339 1357 5404 αὐτοῦ
1383 5344 1471 5407 liberi
1493 5343 1559 5404 eius
1582 5341 1749 5404 retinentur
1770 5340 1801 5400 in
1823 5345 1974 5419 potestate
1996 5338 2146 5401 naturalis
2166 5334 2213 5398 ari

452 5454 606 5534 μένουσιν
629 5449 815 5534 ὑπεξούσιοι
839 5458 902 5514 τοῦ
923 5457 1069 5537 φυσικοῦ
1091 5448 1235 5512 πάσσον.

516 5557 549 5624 Ὀ
571 5559 710 5623 σιιάδων
732 5553 788 5620 διὰ
806 5567 865 5635 της
881 5557 1009 5630 θέσεως
1023 5563 1144 5619 κτᾶται
1162 5552 1355 5645 ὑπεξοίσιον
1449 5556 1552 5638 Spado
1578 5554 1747 5636 arrogando
1765 5556 1872 5615 ‘suum'
1889 5550 2029 5614 heredem
2057 5552 2117 5615 sibi
2137 5543 2250 5612 aedat

452 5666 667 5750 κληρονόμον.
850 5663 962 5752 (Epan.
979 5671 1070 5726 auota
1084 5662 1205 5736 XLIV,
1222 5663 1273 5724 23.
1289 5658 1354 5745 25.)
2009 5656 2127 5743 (11.40.
2141 5658 2178 5720 D.
2192 5646 2250 5731 1,1.)

1384 5823 1596 5835 ———-—-

526 5915 535 5947 ¹
553 5914 616 5986 Tip.
634 5933 694 5984 νεφ.
713 5910 752 5985 ιβ’
771 5904 805 5966 οὗ
824 5911 839 5981 ι)
858 5912 937 5987 ἀρχὴ·
962 5909 977 5965 ό
996 5908 1118 5974 ίξελθών
1136 5910 1182 5977 τῆς
1199 5907 1355 5972 ὖσεξουσιό-
1455 5912 1464 5945 ¹
1483 5908 1539 5966 Sed
1556 5915 1662 5965 textum
1680 5909 1787 5982 eorriga
1805 5924 1839 5963 aa
1850 5911 1940 5964 vertet
1958 5906 2005 5963 vel
2022 5906 2053 5961 id
2064 5923 2123 5961 non
2139 5903 2249 5971 feeipnr

455 6003 530 6075 τητός
540 6023 601 6075 μου.
620 6003 665 6058 Ito
677 6019 743 6074 ergo
755 6001 913 6076 legandum.
985 5999 1089 6073 'legez
1109 5995 1354 6071 ’ἡμὴ-ἀπέδειξα.
1383 5999 1508 6057 sentibus
1525 5997 1652 6055 testibus.
