4978 7018
399 469 441 533 38
1048 466 1202 535 LIBER
1224 466 1367 535 XXXII.
1412 467 1501 539 ΤΙΤ.
1523 466 1568 543 II.

397 646 432 729 ἐξ
454 647 557 724 αύτης
580 649 662 727 (τοῖς
684 642 750 731 γὰρ
767 644 933 721 τοιούτοις
954 649 1069 730 μόνοις
1084 655 1193 715 ταῦτα
1207 669 1302 729 νομο·
1329 658 1411 712 certa
1426 657 1518 715 estet
1540 649 1726 723 concubinae
1743 650 1775 713 in
1792 649 1883 715 domo
1898 651 2032 723 condicio
2048 660 2079 715 et
2100 651 2231 719 filiorum

399 754 565 839 θετοῦμεν
596 754 686 819 ἐνθα
723 753 891 828 παντελῶς
922 754 1180 842 ἀναμφίσβητός
1211 758 1302 825 ἐστιν
1328 755 1441 817 ibidem
1456 764 1548 821 ustus
1563 765 1594 819 et
1609 756 1768 839 educatio),
1792 758 1982 825 concedimus
1999 758 2042 819 eis
2058 765 2089 820 et
2104 778 2172 820 oum
2187 759 2232 825 in·

397 858 417 937 t
440 882 476 925 τε
498 870 557 938 της
580 860 750 937 παλλακῆς
772 856 862 927 κατὰ
884 856 946 931 τὸν
968 857 1062 927 οίκον
1086 864 1206 941 σχέσις,
1230 857 1301 937 tiss
1328 863 1432 925 testati
1453 871 1593 943 parentes
1615 864 1726 925 mortui
1749 864 1811 927 siut
1832 864 1910 935 dues
1932 885 1971 929 ex
1997 874 2126 945 peteres
2147 865 2232 935 hete-

397 978 465 1032 τῶν
502 966 631 1033 παίδων
667 971 768 1033 ἐκεῖσε
799 965 880 1048 γονὴ
918 966 976 1038 καί
1007 966 1132 1057 τροφὴ)
1170 966 1301 1049 δίδομεν
1328 969 1423 1033 ditate
1455 970 1562 1041 uncins
1594 990 1657 1035 une
1687 991 1756 1039 eum
1786 980 1884 1037 matre
1916 970 2110 1045 dividendas,
2146 982 2232 1052 quot.

397 1076 512 1148 adroic
538 1072 596 1139 καλ
619 1074 816 1139 ύδιαθέτων
842 1077 965 1155 γονέων
992 1074 1219 1143 τελευτώντων
1241 1074 1300 1140 δύο
1328 1096 1446 1157 cunque
1474 1077 1536 1141 sint
1561 1076 1657 1151 liberi,
1688 1086 1724 1139 ut
1750 1078 1839 1140 unius
1865 1077 1920 1141 ulii
1945 1078 2113 1165 portionem
2140 1079 2232 1151 etism

396 1191 455 1258 τῆς
478 1180 638 1265 πατροίας
666 1182 783 1255 οὐσίας
810 1184 895 1258 ἐχειν
921 1181 1058 1260 ούγκίας
1085 1178 1156 1264 ἅμα
1179 1185 1219 1268 τῇ
1239 1168 1301 1265 μ’ρι
1329 1191 1425 1255 meter
1447 1183 1638 1264 adipiscetus.
2059 1203 2083 1245 ο
2102 1186 2152 1251 12.
2169 1190 2186 1262 ξ
2201 1188 2232 1247 4.

395 1288 615 1371 μεριζομένας,
640 1285 777 1373 ὅσοιπερ
802 1285 845 1353 ἂν
865 1283 927 1355 εἶεν
942 1289 975 1353 οί
990 1286 1111 1369 παῖδες,
1134 1286 1215 1363 diets
1229 1286 1301 1363 ἐνὸς

396 1391 516 1469 παιδὸς
537 1395 723 1476 ἀναλογίαν
745 1392 802 1463 καὶ
826 1393 886 1472 την
907 1379 978 1481 [ιρι-α
1000 1394 1194 1480 λαμβάνειυε
1217 1432 1260 1443 -

1081 1524 1106 1566 c.
1124 1504 1173 1566 12.
1191 1509 1207 1580 ξ
1223 1507 1244 1566 4
1261 1503 1300 1566 ib.

463 1605 532 1671 Καὶ
555 1608 665 1671 ταύτοί
688 1630 807 1695 φαμεν,
830 1612 857 1672 si
879 1613 940 1691 μιᾷ
962 1609 1114 1695 παλλακῇ
1130 1611 1300 1686 συνοικοιή
1394 1609 1438 1673 Et
1458 1609 1535 1683 hoec
1557 1609 1693 1685 dicimus,
1716 1611 1743 1673 si
1764 1631 1828 1679 uns
1841 1631 1911 1673 cum
1926 1611 2097 1687 concubino
2111 1611 2233 1686 eohebi·

395 1713 453 1779 καλ
477 1714 600 1788 παῖδας
622 1715 657 1798 ἐξ
679 1716 801 1792 ἐκείνης
823 1717 893 1792 ἐχοι
909 1714 929 1792 t
944 1712 1001 1779 καί
1018 1714 1301 1798 προαπελθούσης
1328 1716 1439 1783 toverit
1460 1715 1597 1797 filiosque
1620 1736 1660 1778 ex
1681 1736 1720 1778 oe
1741 1718 1919 1798 susceperit:
1951 1718 2002 1789 vol
2029 1719 2067 1792 si,
2098 1719 2235 1800 psofects

396 1832 455 1898 τῆς
493 1820 662 1898 παλλακῆς
700 1822 846 1903 θανείτῳ
885 1819 988 1899 τυχὸν
1018 1820 1038 1898 ἢ
1067 1827 1230 1905 χωρισμῷ
1268 1825 1301 1887 οἱ
1328 1832 1419 1885 antee
1449 1822 1618 1885 concubina
1644 1833 1740 1885 morte
1766 1824 1843 1885 forte
1870 1824 1921 1888 vel
1947 1826 2147 1905 separetiono,
2179 1825 2233 1889 filii

396 1928 509 2002 παῖδες
541 1928 633 2008 αὐτῷ
664 1926 755 1997 κατὰ
786 1927 847 2006 την
874 1929 985 1992 οἰκίαν
1011 1924 1081 1995 εἷεν.
1129 1931 1205 1997 τότε
1232 1927 1299 2013 γὰρ
1328 1950 1396 1991 oum
1420 1949 1455 1995 eo
1478 1930 1560 1993 domi
1582 1929 1706 2005 fusum,
1734 1940 1807 2005 tuno
1830 1932 1909 1993 enim
1933 1931 2041 1995 demus
2069 1933 2112 1994 eis
2135 1942 2171 1993 ut
2193 1932 2233 1994 eb

396 2034 528 2116 δίδομεν
551 2035 666 2109 αὐτοῖς
688 2033 749 2113 τὴν
771 2037 806 2119 ἐξ
828 2035 1019 2107 ύδιαθέτου
1037 2033 1121 2121 πρὸς
1136 2034 1176 2101 τὸ
1192 2036 1300 2118 διούγ-
1327 2037 1470 2109 intestato
1492 2056 1530 2098 ex
1552 2037 1672 2102 duobus
1695 2046 1840 2101 vocentur
1862 2038 1966 2109 unciis.
2160 2038 2232 2105 ibid

394 2164 469 2209 κιον
490 2142 619 2219 κλῆσινι
636 2178 679 2189 -
1127 2165 1151 2207 ο.
1171 2146 1219 2209 12.
1238 2151 1254 2221 β
1270 2149 1300 2206 4.

461 2249 503 2314 Et
537 2248 571 2315 δὲ
603 2251 799 2330 ἐκκεχυμένα
831 2246 875 2313 τολ
906 2261 965 2327 τῆς
996 2250 1177 2332 ἐπιθυμίας
1209 2250 1299 2331 αὐτῷ
1394 2249 1428 2312 Εἰ
1450 2269 1521 2311 vero
1536 2249 1634 2321 effusa
1655 2251 1720 2313 eius
1742 2250 1834 2313 fuerit
1855 2250 1948 2313 libido
1965 2258 1997 2315 et
2016 2250 2128 2323 uteres
2144 2272 2235 2332 ευμεν

395 2360 524 2438 γίνοιτο
556 2353 614 2423 καὶ
646 2355 750 2429 δίλλας
781 2355 830 2419 ἐπ’
864 2357 981 2431 ἄλλαις
1013 2357 1227 2437 ἐπεισαγοίγω
1259 2361 1300 2441 τῇ
1328 2355 1438 2418 altores
1468 2356 1622 2419 induxerit
1652 2366 1721 2436 post
1747 2357 1877 2437 primam
1904 2357 2087 2421 concubinas
2120 2358 2233 2421 multas

394 2466 545 2549 προτέρμ
560 2458 684 2536 πολλὰς
700 2459 873 2537 παλλακὰς
887 2461 944 2528 καλ
961 2464 1094 2540 πλῆθος
1109 2466 1300 2543 ἐχοιγυυαι-
1327 2472 1358 2526 οε
1394 2462 1617 2529 multitudinem
1655 2462 1795 2525 habuerit
1830 2463 1989 2527 mulierum
2021 2463 2234 2537 fornicantium

393 2581 463 2635 κῶν
485 2571 733 2654 πορνευομίνων
755 2566 854 2650 (οὕτω
877 2567 943 2655 γὰρ
960 2574 1058 2635 εἰπεῖν
1072 2570 1221 2653 κοίλλιον)
1243 2567 1300 2633 καὶ
1328 2569 1384 2651 (ita
1409 2570 1490 2630 enim
1521 2569 1629 2632 melius
1656 2579 1703 2631 est
1729 2569 1840 2653 dicero)
1871 2579 1903 2632 et
1930 2591 1999 2633 oum
2027 2590 2066 2633 ex
2092 2571 2129 2635 iis
2156 2571 2234 2637 iilics

396 2677 431 2760 ἐξ
459 2677 571 2740 αὐτῶν
603 2675 899 2758 παιδοποιούμενος
931 2677 1148 2753 τελευτήσειεν
1176 2674 1301 2750 πολλὰς
1328 2676 1520 2757 suscepisset,
1548 2675 1721 2750 decesserit,
1748 2676 1851 2756 plures
1879 2677 2027 2747 eiusmodi
2049 2678 2233 2744 concubinas

395 2785 480 2865 ὁμοῦ
505 2780 699 2846 καταλιπὼν
726 2779 911 2862 παλλακὰς,
937 2780 1076 2865 μισητὸς
1102 2783 1160 2865 μὲν
1191 2785 1301 2846 ὀτοι-
1327 2784 1510 2864 relinquens,
1538 2781 1658 2844 odibilis
1685 2791 1732 2845 est
1757 2783 1828 2844 telis
1850 2784 1951 2845 viret
1976 2784 2083 2865 procul
2111 2787 2234 2847 omnino

395 2898 502 2970 ουτος,
531 2890 646 2974 πόρρω
670 2888 704 2953 δὲ
727 2898 789 2954 τοῦ
810 2891 914 2972 νόμου
935 2890 1106 2973 καθάπαξ
1127 2887 1211 2971 μετὰ
1234 2901 1301 2953 τῶν
1328 2911 1348 2951 e
1369 2889 1435 2970 lege
1458 2910 1527 2955 cum
1550 2889 1697 2951 eiusmodi
1723 2888 1793 2952 filiis
1821 2899 1853 2951 et
1875 2890 2051 2953 concubinis
2075 2891 2233 2954 arcendus.

395 2995 558 3061 τοιούτων
590 2996 718 3063 παίδων
747 2994 804 3061 καὶ
837 2996 1016 3063 παλλακῶν
1047 2997 1299 3063 ἀπελαυνέσθω.
1328 2996 1415 3060 Sicut
1436 2998 1503 3078 quis
1519 3017 1589 3059 eum
1604 2996 1757 3076 legitimae
1772 2996 1992 3059 cohabitaverit
2006 2997 2133 3075 mulieri,
2157 2998 2233 3061 uias

393 3100 499 3186 ὥςπερ
532 3106 563 3166 εί
587 3124 636 3176 τις
663 3103 788 3184 νομίμῳ
822 3103 992 3179 συνοικοίη
1019 3102 1164 3184 γυναικί,
1197 3104 1300 3178 ἄλλας
1327 3103 1469 3165 inducere
1491 3124 1553 3166 non
1575 3112 1679 3185 posset
1701 3103 1891 3169 mctuimonio
1914 3114 2055 3167 monente
2082 3114 2115 3177 et
2136 3126 2174 3169 cx
2196 3106 2233 3167 iis

394 3214 623 3290 ἐπεισαγαγεῖν
654 3209 715 3272 οὐκ
751 3206 794 3272 δν
825 3208 962 3273 δύναιτο
1000 3217 1062 3273 τοῦ
1093 3211 1300 3274 συνοικεσίου
1327 3210 1460 3291 legitime
1491 3209 1568 3272 filios
1595 3210 1708 3285 tollere,
1740 3210 1784 3277 ita
1809 3229 1908 3289 neque
1934 3219 2005 3291 post
2032 3212 2168 3291 cgnitum
2196 3232 2232 3279 eo

395 3326 602 3389 συνεστῶτος
616 3313 672 3379 καί
689 3316 844 3397 ἐξαύτῶν
853 3317 997 3397 νομίμως
1011 3315 1299 3396 παιδοποιεῖσθαι,
1327 3316 1416 3379 modo
1439 3336 1500 3397 quo
1522 3315 1654 3378 diximus
1676 3314 1876 3378 concubinam
1899 3326 1931 3378 et
1952 3316 2030 3379 filios
2053 3338 2091 3380 ex
2113 3339 2151 3381 es
2168 3339 2233 3380 sus·

395 3419 500 3496 ούτως
523 3421 599 3489 οὐδὲ
621 3418 705 3502 μετὰ
727 3420 788 3499 τὴν
803 3424 1044 3507 γνωριζομένην
1058 3422 1142 3490 καθ’
1162 3419 1201 3487 ὃν
1216 3423 1298 3506 εέρή-
1327 3431 1438 3503 coptos,
1471 3422 1672 3496 concedimus,
1704 3431 1740 3485 ut
1776 3423 1802 3484 si
1834 3424 1908 3504 quid
1940 3424 2067 3495 ulterius
2098 3424 2233 3499 libidinis

393 3551 497 3611 καμεν
528 3530 656 3611 τρόπον
688 3526 860 3606 παλλακὴν
897 3527 954 3597 καί
993 3527 1070 3604 τούς
1106 3528 1140 3611 ἐξ
1178 3528 1299 3604 ἐκείνης
1326 3529 1476 3593 addiderit
1498 3538 1528 3615 et
1549 3530 1580 3591 id
1603 3531 1635 3590 in
1658 3531 1876 3599 successionem
1891 3532 1957 3592 eius
1971 3531 2124 3606 inducere,
2147 3532 2233 3595 siin-

394 3634 517 3709 πυῐδας
540 3634 697 3716 δώσομεν,
721 3639 747 3699 εί
770 3636 831 3703 καί
847 3659 878 3699 τι
898 3637 1067 3722 ποίρεργον
1081 3635 1201 3712 ἡδονῆς
1215 3634 1297 3698 ἐίλλο
1325 3644 1455 3699 testatus
1477 3637 1630 3701 morium.

394 3753 531 3818 ποιησαι
556 3739 595 3806 τὸ
618 3739 675 3809 καὶ
700 3750 801 3809 τοῦτο
825 3745 869 3816 είς
892 3741 952 3819 τὴν
976 3741 1137 3820 διαδοχλςν
1153 3742 1299 3823 εἰσάγεσ-

395 3849 462 3913 θαι
485 3846 546 3925 τὴν
573 3848 681 3913 αύτοῦ
703 3852 767 3930 εἴγε
794 3849 1011 3926 τελευτήσειεν
1033 3849 1231 3922 ύδιιίθετοςι
1255 3885 1298 3895 -

1077 3977 1101 4019 c.
1118 3958 1147 4018 5.
1164 3963 1181 4033 ᾗ
1201 3958 1240 4017 12
1257 3956 1298 4018 ib.

460 4062 501 4125 El
524 4059 591 4147 γὰρ
614 4060 657 4144 μὴ
682 4070 782 4125 τοῦτο
805 4061 1095 4144 νομοθετήσαιμεν
1117 4061 1300 4146 ἀδιοίκριτα
1392 4061 1475 4123 Nem
1507 4063 1533 4125 si
1564 4062 1639 4124 haee
1665 4083 1726 4125 nou
1756 4064 2006 4144 disposuerimus,
2037 4084 2098 4129 non
2127 4076 2232 4145 posset

393 4169 452 4250 μὲν
474 4172 568 4233 ἐσται
592 4165 636 4232 τὰ
651 4178 719 4231 τῶν
741 4178 907 4249 γυναικῶν
930 4168 1019 4242 τίνος
1033 4167 1159 4249 μᾶλλον
1174 4167 1194 4245 ἢ
1210 4169 1300 4241 τίνος
1326 4168 1456 4237 διἐοεειιὶ
1485 4169 1622 4233 condicio
1654 4170 1823 4245 mulierum,
1860 4181 1961 4231 utrem
1999 4172 2095 4250 magis
2127 4180 2231 4235 utrem

394 4275 535 4339 ἔλαττον
558 4279 619 4360 ἐρᾷ
640 4273 712 4339 sidc-
1326 4276 1426 4338 minus
1449 4276 1597 4339 amoverit
