<?xml version="1.0" encoding="UTF-8"?>
<!DOCTYPE html PUBLIC "-//W3C//DTD XHTML 1.0 Transitional//EN"
    "http://www.w3.org/TR/xhtml1/DTD/xhtml1-transitional.dtd">
<html xmlns="http://www.w3.org/1999/xhtml" xml:lang="en" lang="en">
 <head>
  <title>
</title>
<meta http-equiv="Content-Type" content="text/html;charset=utf-8" />
  <meta name='ocr-system' content='tesseract 3.04.00' />
  <meta name='ocr-capabilities' content='ocr_page ocr_carea ocr_par ocr_line ocrx_word'/>
</head>
<body>
  <div class='ocr_page' id='page_1' title='image "./supplementumedi00linggoog_0439.png"; bbox 0 0 4842 7018; ppageno 0'>
   <div class='ocr_carea' id='block_1_1' title="bbox 902 468 2058 542">
    <p class='ocr_par' dir='ltr' id='par_1_1' title="bbox 902 468 2058 542">
     <span class='ocr_line' id='line_1_1' title="bbox 902 468 2058 542; baseline 0.001 -2"><span class='ocrx_word' id='word_1_1' title='bbox 902 474 1056 542; x_wconf 80' lang='lat' dir='ltr'>LIBER</span> <span class='ocrx_word' id='word_1_2' title='bbox 1077 477 1195 542; x_wconf 84' lang='lat' dir='ltr'><strong>XLIV.</strong></span> <span class='ocrx_word' id='word_1_3' title='bbox 1239 477 1329 541; x_wconf 80' lang='lat' dir='ltr'>TIT.</span> <span class='ocrx_word' id='word_1_4' title='bbox 1352 476 1378 541; x_wconf 91' lang='grc' dir='ltr'><strong>Ι.</strong></span> <span class='ocrx_word' id='word_1_5' title='bbox 1458 468 1461 475; x_wconf 71' lang='grc'><strong>’</strong></span> <span class='ocrx_word' id='word_1_6' title='bbox 2017 479 2058 542; x_wconf 77' lang='grc'><strong>73</strong></span> 
     </span>
    </p>
   </div>
   <div class='ocr_carea' id='block_1_2' title="bbox 55 650 2072 5551">
    <p class='ocr_par' dir='ltr' id='par_1_2' title="bbox 223 650 2059 953">
     <span class='ocr_line' id='line_1_2' title="bbox 288 650 2059 743; baseline 0.002 -27"><span class='ocrx_word' id='word_1_7' title='bbox 288 650 363 717; x_wconf 83' lang='grc' dir='ltr'><strong>Έάν</strong></span> <span class='ocrx_word' id='word_1_8' title='bbox 385 653 419 717; x_wconf 88' lang='grc' dir='ltr'><strong><em>δέ</em></strong></span> <span class='ocrx_word' id='word_1_9' title='bbox 443 651 503 718; x_wconf 86' lang='grc' dir='ltr'><strong><em>τόν</em></strong></span> <span class='ocrx_word' id='word_1_10' title='bbox 525 653 645 720; x_wconf 85' lang='grc' dir='ltr'><strong><em>δοῦλον</em></strong></span> <span class='ocrx_word' id='word_1_11' title='bbox 667 653 707 720; x_wconf 83' lang='grc' dir='ltr'><strong>δν</strong></span> <span class='ocrx_word' id='word_1_12' title='bbox 729 656 920 743; x_wconf 83' lang='grc' dir='ltr'><strong><em>ήνεγάρασά</em></strong></span> <span class='ocrx_word' id='word_1_13' title='bbox 951 677 1005 720; x_wconf 93' lang='grc' dir='ltr'><strong><em>σοι</em></strong></span> <span class='ocrx_word' id='word_1_14' title='bbox 1031 657 1131 731; x_wconf 88' lang='grc' dir='ltr'><strong><em>ἀλλος</em></strong></span> <span class='ocrx_word' id='word_1_15' title='bbox 1225 657 1259 719; x_wconf 85' lang='lat' dir='ltr'><strong>Si</strong></span> <span class='ocrx_word' id='word_1_16' title='bbox 1281 678 1400 720; x_wconf 88' lang='lat' dir='ltr'><strong>servum</strong></span> <span class='ocrx_word' id='word_1_17' title='bbox 1424 677 1513 738; x_wconf 91' lang='lat' dir='ltr'><strong>quem</strong></span> <span class='ocrx_word' id='word_1_18' title='bbox 1536 658 1593 719; x_wconf 90' lang='lat' dir='ltr'><strong>tibi</strong></span> <span class='ocrx_word' id='word_1_19' title='bbox 1608 658 1781 739; x_wconf 82' lang='lat' dir='ltr'><strong>obligavere</strong></span> <span class='ocrx_word' id='word_1_20' title='bbox 1797 658 1875 720; x_wconf 83' lang='lat' dir='ltr'><strong>alter</strong></span> <span class='ocrx_word' id='word_1_21' title='bbox 1889 658 1962 720; x_wconf 85' lang='lat' dir='ltr'><strong>mihi</strong></span> <span class='ocrx_word' id='word_1_22' title='bbox 1977 657 2059 738; x_wconf 83' lang='lat' dir='ltr'><strong>lega·</strong></span> 
     </span>
     <span class='ocr_line' id='line_1_3' title="bbox 223 758 2059 850; baseline 0.002 -28"><span class='ocrx_word' id='word_1_23' title='bbox 223 758 409 848; x_wconf 83' lang='grc' dir='ltr'><strong><em>ληγατεάση</em></strong></span> <span class='ocrx_word' id='word_1_24' title='bbox 431 782 497 843; x_wconf 94' lang='grc' dir='ltr'><strong><em>μοι,</em></strong></span> <span class='ocrx_word' id='word_1_25' title='bbox 522 763 747 844; x_wconf 71' lang='grc' dir='ltr'><strong>ἀναγκάζεται</strong></span> <span class='ocrx_word' id='word_1_26' title='bbox 763 766 782 827; x_wconf 92' lang='grc' dir='ltr'><strong><em>δ</em></strong></span> <span class='ocrx_word' id='word_1_27' title='bbox 801 763 1008 850; x_wconf 75' lang='grc' dir='ltr'><strong><em>κληρονόμος</em></strong></span> <span class='ocrx_word' id='word_1_28' title='bbox 1026 764 1131 828; x_wconf 82' lang='grc' dir='ltr'><strong><em>αὐτοῦ</em></strong></span> <span class='ocrx_word' id='word_1_29' title='bbox 1157 765 1243 839; x_wconf 89' lang='lat' dir='ltr'><strong>verit,</strong></span> <span class='ocrx_word' id='word_1_30' title='bbox 1265 764 1384 845; x_wconf 79' lang='lat' dir='ltr'><strong>cogitur</strong></span> <span class='ocrx_word' id='word_1_31' title='bbox 1404 764 1491 828; x_wconf 84' lang='lat' dir='ltr'><strong>heres</strong></span> <span class='ocrx_word' id='word_1_32' title='bbox 1513 764 1579 827; x_wconf 89' lang='lat' dir='ltr'><strong>eius</strong></span> <span class='ocrx_word' id='word_1_33' title='bbox 1595 785 1665 827; x_wconf 91' lang='lat' dir='ltr'><strong>eum</strong></span> <span class='ocrx_word' id='word_1_34' title='bbox 1680 765 1721 829; x_wconf 90' lang='lat' dir='ltr'><strong>ab</strong></span> <span class='ocrx_word' id='word_1_35' title='bbox 1736 765 1908 846; x_wconf 78' lang='lat' dir='ltr'>hypotheca</span> <span class='ocrx_word' id='word_1_36' title='bbox 1922 764 2059 828; x_wconf 88' lang='lat' dir='ltr'><strong>liberare.</strong></span> 
     </span>
     <span class='ocr_line' id='line_1_4' title="bbox 223 866 2059 953; baseline 0.002 -23"><span class='ocrx_word' id='word_1_37' title='bbox 223 867 449 951; x_wconf 71' lang='grc' dir='ltr'><strong><em>ἐλευθερῶσαι</em></strong></span> <span class='ocrx_word' id='word_1_38' title='bbox 473 866 578 933; x_wconf 84' lang='grc' dir='ltr'><strong><em>αὐτόν</em></strong></span> <span class='ocrx_word' id='word_1_39' title='bbox 600 880 659 947; x_wconf 89' lang='grc' dir='ltr'><strong><em>τῆς</em></strong></span> <span class='ocrx_word' id='word_1_40' title='bbox 681 870 873 947; x_wconf 77' lang='grc' dir='ltr'><strong><em>ὑποθήκηςε</em></strong></span> <span class='ocrx_word' id='word_1_41' title='bbox 890 907 932 919; x_wconf 92' lang='grc'><strong>-</strong></span> <span class='ocrx_word' id='word_1_42' title='bbox 974 871 1009 933; x_wconf 83' lang='lat' dir='ltr'><strong>ir.</strong></span> <span class='ocrx_word' id='word_1_43' title='bbox 1027 874 1067 934; x_wconf 88' lang='grc'><strong>86</strong></span> <span class='ocrx_word' id='word_1_44' title='bbox 1084 893 1129 953; x_wconf 90' lang='lat' dir='ltr'><strong>pr.</strong></span> <span class='ocrx_word' id='word_1_45' title='bbox 1902 872 1940 935; x_wconf 84' lang='lat' dir='ltr'><strong>fr.</strong></span> <span class='ocrx_word' id='word_1_46' title='bbox 1956 872 1998 935; x_wconf 87' lang='grc'><strong>86</strong></span> <span class='ocrx_word' id='word_1_47' title='bbox 2014 893 2059 953; x_wconf 90' lang='lat' dir='ltr'><strong>pr.</strong></span> 
     </span>
    </p>

    <p class='ocr_par' dir='ltr' id='par_1_3' title="bbox 288 971 2060 1061">
     <span class='ocr_line' id='line_1_5' title="bbox 288 971 2060 1061; baseline 0.001 -23"><span class='ocrx_word' id='word_1_48' title='bbox 288 971 363 1038; x_wconf 89' lang='grc' dir='ltr'><strong>Ὲάν</strong></span> <span class='ocrx_word' id='word_1_49' title='bbox 384 974 575 1056; x_wconf 85' lang='grc' dir='ltr'><strong><em>ληγατεόσω</em></strong></span> <span class='ocrx_word' id='word_1_50' title='bbox 599 997 653 1040; x_wconf 93' lang='grc' dir='ltr'><strong><em>σοι</em></strong></span> <span class='ocrx_word' id='word_1_51' title='bbox 674 976 834 1061; x_wconf 78' lang='grc' dir='ltr'><strong><em>χρήματα</em></strong></span> <span class='ocrx_word' id='word_1_52' title='bbox 855 975 914 1042; x_wconf 84' lang='grc' dir='ltr'><strong>καλ</strong></span> <span class='ocrx_word' id='word_1_53' title='bbox 936 978 1070 1061; x_wconf 78' lang='grc' dir='ltr'><em>ἀξιώσω</em></span> <span class='ocrx_word' id='word_1_54' title='bbox 1093 1000 1129 1042; x_wconf 90' lang='grc' dir='ltr'><strong><em>σε</em></strong></span> <span class='ocrx_word' id='word_1_55' title='bbox 1225 977 1257 1040; x_wconf 84' lang='lat' dir='ltr'><strong>Si</strong></span> <span class='ocrx_word' id='word_1_56' title='bbox 1284 977 1340 1039; x_wconf 91' lang='lat' dir='ltr'><strong>tibi</strong></span> <span class='ocrx_word' id='word_1_57' title='bbox 1367 979 1527 1060; x_wconf 91' lang='lat' dir='ltr'><strong>pecuniam</strong></span> <span class='ocrx_word' id='word_1_58' title='bbox 1554 976 1695 1058; x_wconf 77' lang='lat' dir='ltr'>legavero</span> <span class='ocrx_word' id='word_1_59' title='bbox 1718 986 1750 1039; x_wconf 91' lang='lat' dir='ltr'><strong>et</strong></span> <span class='ocrx_word' id='word_1_60' title='bbox 1775 998 1920 1057; x_wconf 83' lang='lat' dir='ltr'><strong>rogavere</strong></span> <span class='ocrx_word' id='word_1_61' title='bbox 1944 988 1974 1041; x_wconf 85' lang='lat' dir='ltr'><strong>te</strong></span> <span class='ocrx_word' id='word_1_62' title='bbox 1997 998 2060 1041; x_wconf 90' lang='lat' dir='ltr'><strong>ser·</strong></span> 
     </span>
    </p>

    <p class='ocr_par' dir='ltr' id='par_1_4' title="bbox 55 1078 2059 1376">
     <span class='ocr_line' id='line_1_6' title="bbox 55 1078 2059 1167; baseline 0.003 -27"><span class='ocrx_word' id='word_1_63' title='bbox 55 1087 112 1155; x_wconf 76' lang='lat' dir='ltr'><strong>sol.</strong></span> <span class='ocrx_word' id='word_1_64' title='bbox 128 1091 186 1141; x_wconf 66' lang='grc' dir='ltr'><strong><em>κε’.</em></strong></span> <span class='ocrx_word' id='word_1_65' title='bbox 224 1078 344 1144; x_wconf 79' lang='grc' dir='ltr'><strong><em>δοῦλον</em></strong></span> <span class='ocrx_word' id='word_1_66' title='bbox 371 1081 550 1167; x_wconf 88' lang='grc' dir='ltr'><strong><em>ἀλλότριον</em></strong></span> <span class='ocrx_word' id='word_1_67' title='bbox 576 1084 800 1167; x_wconf 72' lang='grc' dir='ltr'><strong><em>ἐλευθερῶσαι</em></strong></span> <span class='ocrx_word' id='word_1_68' title='bbox 828 1082 929 1162; x_wconf 82' lang='grc' dir='ltr'><strong><em>καλή</em></strong></span> <span class='ocrx_word' id='word_1_69' title='bbox 957 1085 1129 1152; x_wconf 88' lang='grc' dir='ltr'><strong><em>ἀπέθανεν</em></strong></span> <span class='ocrx_word' id='word_1_70' title='bbox 1156 1105 1229 1147; x_wconf 83' lang='lat' dir='ltr'><strong>vum</strong></span> <span class='ocrx_word' id='word_1_71' title='bbox 1257 1084 1389 1147; x_wconf 83' lang='lat' dir='ltr'><strong>alienum</strong></span> <span class='ocrx_word' id='word_1_72' title='bbox 1413 1086 1626 1147; x_wconf 77' lang='lat' dir='ltr'><strong>manumittere</strong></span> <span class='ocrx_word' id='word_1_73' title='bbox 1648 1093 1680 1147; x_wconf 91' lang='lat' dir='ltr'><strong>et</strong></span> <span class='ocrx_word' id='word_1_74' title='bbox 1706 1085 1757 1148; x_wconf 88' lang='lat' dir='ltr'><strong>vel</strong></span> <span class='ocrx_word' id='word_1_75' title='bbox 1783 1094 1921 1148; x_wconf 86' lang='lat' dir='ltr'><strong>mortuus</strong></span> <span class='ocrx_word' id='word_1_76' title='bbox 1948 1085 1989 1147; x_wconf 91' lang='lat' dir='ltr'><strong>sit</strong></span> <span class='ocrx_word' id='word_1_77' title='bbox 2010 1084 2059 1148; x_wconf 85' lang='lat' dir='ltr'><strong>vel</strong></span> 
     </span>
     <span class='ocr_line' id='line_1_7' title="bbox 224 1186 2059 1278; baseline 0.002 -29"><span class='ocrx_word' id='word_1_78' title='bbox 224 1186 244 1264; x_wconf 82' lang='grc' dir='ltr'><strong><em>ῆ</em></strong></span> <span class='ocrx_word' id='word_1_79' title='bbox 267 1189 286 1249; x_wconf 87' lang='grc' dir='ltr'>ὁ</span> <span class='ocrx_word' id='word_1_80' title='bbox 310 1186 473 1266; x_wconf 82' lang='grc' dir='ltr'><strong><em>δεσπότης</em></strong></span> <span class='ocrx_word' id='word_1_81' title='bbox 495 1186 600 1253; x_wconf 81' lang='grc' dir='ltr'><strong><em>αὐτόν</em></strong></span> <span class='ocrx_word' id='word_1_82' title='bbox 623 1190 663 1254; x_wconf 86' lang='grc' dir='ltr'><strong>οὐ</strong></span> <span class='ocrx_word' id='word_1_83' title='bbox 685 1191 866 1278; x_wconf 84' lang='grc' dir='ltr'><strong><em>πιπράσκη,</em></strong></span> <span class='ocrx_word' id='word_1_84' title='bbox 889 1189 1071 1274; x_wconf 87' lang='grc' dir='ltr'><strong><em>κερδαίνιις</em></strong></span> <span class='ocrx_word' id='word_1_85' title='bbox 1088 1190 1128 1257; x_wconf 91' lang='grc' dir='ltr'><strong><em>τδ</em></strong></span> <span class='ocrx_word' id='word_1_86' title='bbox 1156 1192 1296 1254; x_wconf 91' lang='lat' dir='ltr'><strong>dominus</strong></span> <span class='ocrx_word' id='word_1_87' title='bbox 1315 1212 1384 1254; x_wconf 90' lang='lat' dir='ltr'><strong>eum</strong></span> <span class='ocrx_word' id='word_1_88' title='bbox 1402 1212 1464 1254; x_wconf 91' lang='lat' dir='ltr'><strong>non</strong></span> <span class='ocrx_word' id='word_1_89' title='bbox 1486 1193 1608 1266; x_wconf 75' lang='lat' dir='ltr'><strong>vendat</strong></span> <span class='ocrx_word' id='word_1_90' title='bbox 1631 1191 1717 1255; x_wconf 90' lang='lat' dir='ltr'><strong>lucro</strong></span> <span class='ocrx_word' id='word_1_91' title='bbox 1739 1191 1796 1254; x_wconf 87' lang='lat' dir='ltr'><strong>tibi</strong></span> <span class='ocrx_word' id='word_1_92' title='bbox 1813 1191 1895 1254; x_wconf 90' lang='lat' dir='ltr'><strong>cedit</strong></span> <span class='ocrx_word' id='word_1_93' title='bbox 1916 1190 2059 1271; x_wconf 85' lang='lat' dir='ltr'><strong>legatum.</strong></span> 
     </span>
     <span class='ocr_line' id='line_1_8' title="bbox 223 1292 2059 1376; baseline 0.002 -20"><span class='ocrx_word' id='word_1_94' title='bbox 223 1292 457 1374; x_wconf 78' lang='grc' dir='ltr'><strong>ληγάτονι-1</strong></span> <span class='ocrx_word' id='word_1_95' title='bbox 815 1297 851 1360; x_wconf 76' lang='lat' dir='ltr'><strong>fr.</strong></span> <span class='ocrx_word' id='word_1_96' title='bbox 869 1297 954 1376; x_wconf 69' lang='lat'><strong>925</strong></span> <span class='ocrx_word' id='word_1_97' title='bbox 976 1301 1003 1360; x_wconf 94' lang='grc'><strong>1.</strong></span> <span class='ocrx_word' id='word_1_98' title='bbox 1019 1300 1059 1362; x_wconf 95' lang='lat' dir='ltr'><strong>D.</strong></span> <span class='ocrx_word' id='word_1_99' title='bbox 1076 1303 1128 1363; x_wconf 82' lang='lat'><strong>30.</strong></span> <span class='ocrx_word' id='word_1_100' title='bbox 1205 1350 1209 1357; x_wconf 95' lang='lat'>.</span> <span class='ocrx_word' id='word_1_101' title='bbox 1752 1299 1788 1360; x_wconf 83' lang='lat' dir='ltr'><strong>ir.</strong></span> <span class='ocrx_word' id='word_1_102' title='bbox 1804 1302 1855 1360; x_wconf 84' lang='lat'><strong>92.</strong></span> <span class='ocrx_word' id='word_1_103' title='bbox 1873 1303 1889 1375; x_wconf 88' lang='lat'>5</span> <span class='ocrx_word' id='word_1_104' title='bbox 1909 1301 1936 1360; x_wconf 95' lang='lat'><strong>1.</strong></span> <span class='ocrx_word' id='word_1_105' title='bbox 1951 1299 1991 1361; x_wconf 90' lang='lat' dir='ltr'><strong>D.</strong></span> <span class='ocrx_word' id='word_1_106' title='bbox 2008 1301 2059 1362; x_wconf 88' lang='lat'><strong>30.</strong></span> 
     </span>
    </p>

    <p class='ocr_par' dir='ltr' id='par_1_5' title="bbox 224 1399 2061 1695">
     <span class='ocr_line' id='line_1_9' title="bbox 287 1399 2061 1488; baseline 0.002 -24"><span class='ocrx_word' id='word_1_107' title='bbox 287 1399 320 1464; x_wconf 90' lang='lat' dir='ltr'><strong>‘O</strong></span> <span class='ocrx_word' id='word_1_108' title='bbox 347 1399 441 1485; x_wconf 88' lang='grc' dir='ltr'><strong><em>παρά</em></strong></span> <span class='ocrx_word' id='word_1_109' title='bbox 468 1411 539 1477; x_wconf 87' lang='grc' dir='ltr'><strong><em>τοῖς</em></strong></span> <span class='ocrx_word' id='word_1_110' title='bbox 566 1403 732 1486; x_wconf 92' lang='grc' dir='ltr'><strong><em>πολεμιόις</em></strong></span> <span class='ocrx_word' id='word_1_111' title='bbox 754 1402 872 1479; x_wconf 82' lang='grc' dir='ltr'><strong><em>δοῦλος</em></strong></span> <span class='ocrx_word' id='word_1_112' title='bbox 894 1404 1004 1480; x_wconf 77' lang='grc' dir='ltr'><strong><em>καλῶς</em></strong></span> <span class='ocrx_word' id='word_1_113' title='bbox 1030 1405 1129 1486; x_wconf 89' lang='grc' dir='ltr'><strong><em>ληγα-</em></strong></span> <span class='ocrx_word' id='word_1_114' title='bbox 1223 1405 1336 1468; x_wconf 84' lang='lat' dir='ltr'><strong>Servus</strong></span> <span class='ocrx_word' id='word_1_115' title='bbox 1355 1407 1408 1487; x_wconf 91' lang='lat' dir='ltr'><strong>qui</strong></span> <span class='ocrx_word' id='word_1_116' title='bbox 1427 1406 1509 1488; x_wconf 92' lang='lat' dir='ltr'><strong>apud</strong></span> <span class='ocrx_word' id='word_1_117' title='bbox 1527 1406 1628 1469; x_wconf 81' lang='lat' dir='ltr'><strong>hostes</strong></span> <span class='ocrx_word' id='word_1_118' title='bbox 1643 1414 1691 1468; x_wconf 89' lang='lat' dir='ltr'><strong>est</strong></span> <span class='ocrx_word' id='word_1_119' title='bbox 1704 1415 1788 1468; x_wconf 86' lang='lat' dir='ltr'><strong>reete</strong></span> <span class='ocrx_word' id='word_1_120' title='bbox 1801 1405 1922 1486; x_wconf 85' lang='lat' dir='ltr'><strong>legatur</strong></span> <span class='ocrx_word' id='word_1_121' title='bbox 1935 1416 2061 1486; x_wconf 90' lang='lat' dir='ltr'><strong>propter</strong></span> 
     </span>
     <span class='ocr_line' id='line_1_10' title="bbox 224 1505 2059 1599; baseline 0.002 -29"><span class='ocrx_word' id='word_1_122' title='bbox 224 1507 351 1571; x_wconf 83' lang='grc' dir='ltr'><strong><em>τεόεται</em></strong></span> <span class='ocrx_word' id='word_1_123' title='bbox 376 1505 432 1572; x_wconf 88' lang='grc' dir='ltr'><strong>διά</strong></span> <span class='ocrx_word' id='word_1_124' title='bbox 455 1507 516 1586; x_wconf 81' lang='grc' dir='ltr'><strong><em>τήν</em></strong></span> <span class='ocrx_word' id='word_1_125' title='bbox 538 1509 759 1597; x_wconf 83' lang='grc' dir='ltr'><strong><em>ὑποστροφήν</em></strong></span> <span class='ocrx_word' id='word_1_126' title='bbox 781 1508 838 1575; x_wconf 80' lang='grc' dir='ltr'><strong>καλ</strong></span> <span class='ocrx_word' id='word_1_127' title='bbox 863 1512 1031 1599; x_wconf 78' lang='grc' dir='ltr'><strong><em>γράφεται</em></strong></span> <span class='ocrx_word' id='word_1_128' title='bbox 1054 1513 1129 1589; x_wconf 89' lang='grc' dir='ltr'><strong><em>κλη-</em></strong></span> <span class='ocrx_word' id='word_1_129' title='bbox 1156 1512 1374 1594; x_wconf 85' lang='lat' dir='ltr'><strong>postliminium</strong></span> <span class='ocrx_word' id='word_1_130' title='bbox 1398 1522 1430 1575; x_wconf 88' lang='lat' dir='ltr'><strong>et</strong></span> <span class='ocrx_word' id='word_1_131' title='bbox 1451 1513 1592 1576; x_wconf 79' lang='lat' dir='ltr'>scribitur</span> <span class='ocrx_word' id='word_1_132' title='bbox 1613 1512 1710 1575; x_wconf 88' lang='lat' dir='ltr'><strong>heres.</strong></span> <span class='ocrx_word' id='word_1_133' title='bbox 1954 1511 1991 1575; x_wconf 84' lang='lat' dir='ltr'><strong>ir.</strong></span> <span class='ocrx_word' id='word_1_134' title='bbox 2008 1515 2059 1574; x_wconf 86' lang='lat'><strong>98.</strong></span> 
     </span>
     <span class='ocr_line' id='line_1_11' title="bbox 225 1615 1128 1695; baseline 0.004 -18"><span class='ocrx_word' id='word_1_135' title='bbox 225 1615 380 1695; x_wconf 78' lang='grc' dir='ltr'><strong><em>ρονόμσςι</em></strong></span> <span class='ocrx_word' id='word_1_136' title='bbox 397 1652 438 1662; x_wconf 96' lang='grc'>-</span> <span class='ocrx_word' id='word_1_137' title='bbox 1023 1619 1060 1682; x_wconf 84' lang='lat' dir='ltr'><strong>fr.</strong></span> <span class='ocrx_word' id='word_1_138' title='bbox 1078 1623 1128 1683; x_wconf 80' lang='lat'><strong>98.</strong></span> 
     </span>
    </p>

    <p class='ocr_par' dir='ltr' id='par_1_6' title="bbox 123 1720 2059 2129">
     <span class='ocr_line' id='line_1_12' title="bbox 123 1720 2058 1810; baseline 0.004 -30"><span class='ocrx_word' id='word_1_139' title='bbox 123 1727 187 1781; x_wconf 70' lang='grc' dir='ltr'><strong>σθ’.</strong></span> <span class='ocrx_word' id='word_1_140' title='bbox 289 1720 412 1786; x_wconf 82' lang='grc' dir='ltr'><strong><em>Ἐκεῖνα</em></strong></span> <span class='ocrx_word' id='word_1_141' title='bbox 435 1721 529 1786; x_wconf 86' lang='grc' dir='ltr'><strong><em>δοκεῖ</em></strong></span> <span class='ocrx_word' id='word_1_142' title='bbox 548 1727 592 1798; x_wconf 78' lang='grc' dir='ltr'><strong><em>εἰς</em></strong></span> <span class='ocrx_word' id='word_1_143' title='bbox 613 1724 745 1810; x_wconf 76' lang='grc' dir='ltr'><strong><em>βλάβην</em></strong></span> <span class='ocrx_word' id='word_1_144' title='bbox 767 1733 829 1788; x_wconf 83' lang='grc' dir='ltr'><strong><em>τοῦ</em></strong></span> <span class='ocrx_word' id='word_1_145' title='bbox 846 1726 950 1807; x_wconf 88' lang='grc' dir='ltr'><strong><em>νόμου</em></strong></span> <span class='ocrx_word' id='word_1_146' title='bbox 965 1726 1128 1791; x_wconf 74' lang='grc' dir='ltr'><strong><em>δίδοσθαι</em></strong></span> <span class='ocrx_word' id='word_1_147' title='bbox 1223 1726 1273 1788; x_wconf 88' lang='lat' dir='ltr'><strong>Ea</strong></span> <span class='ocrx_word' id='word_1_148' title='bbox 1303 1726 1447 1789; x_wconf 88' lang='lat' dir='ltr'><strong>videntur</strong></span> <span class='ocrx_word' id='word_1_149' title='bbox 1477 1727 1509 1789; x_wconf 90' lang='lat' dir='ltr'><strong>in</strong></span> <span class='ocrx_word' id='word_1_150' title='bbox 1536 1726 1674 1788; x_wconf 85' lang='lat' dir='ltr'><strong>fraudem</strong></span> <span class='ocrx_word' id='word_1_151' title='bbox 1706 1725 1781 1806; x_wconf 79' lang='lat' dir='ltr'><strong>legis</strong></span> <span class='ocrx_word' id='word_1_152' title='bbox 1811 1725 1878 1787; x_wconf 93' lang='lat' dir='ltr'><strong>dari</strong></span> <span class='ocrx_word' id='word_1_153' title='bbox 1904 1724 2058 1800; x_wconf 80' lang='lat' dir='ltr'><strong>inutiliter,</strong></span> 
     </span>
     <span class='ocr_line' id='line_1_13' title="bbox 224 1826 2059 1917; baseline 0.002 -26"><span class='ocrx_word' id='word_1_154' title='bbox 224 1828 404 1914; x_wconf 85' lang='grc' dir='ltr'><strong><em>ἀνίσγυρα,</em></strong></span> <span class='ocrx_word' id='word_1_155' title='bbox 434 1826 501 1893; x_wconf 81' lang='grc' dir='ltr'><strong>ὅσα</strong></span> <span class='ocrx_word' id='word_1_156' title='bbox 527 1830 608 1912; x_wconf 89' lang='grc' dir='ltr'><strong><em>μήτε</em></strong></span> <span class='ocrx_word' id='word_1_157' title='bbox 635 1835 670 1894; x_wconf 82' lang='grc' dir='ltr'><strong>ἐν</strong></span> <span class='ocrx_word' id='word_1_158' title='bbox 692 1830 844 1917; x_wconf 80' lang='grc' dir='ltr'><strong><em>διαθήκῃ</em></strong></span> <span class='ocrx_word' id='word_1_159' title='bbox 871 1832 951 1913; x_wconf 89' lang='grc' dir='ltr'><strong><em>μήτε</em></strong></span> <span class='ocrx_word' id='word_1_160' title='bbox 978 1838 1012 1897; x_wconf 81' lang='grc' dir='ltr'><strong>ἐν</strong></span> <span class='ocrx_word' id='word_1_161' title='bbox 1034 1833 1129 1897; x_wconf 93' lang='grc' dir='ltr'><strong><em>κωδι-</em></strong></span> <span class='ocrx_word' id='word_1_162' title='bbox 1156 1853 1355 1915; x_wconf 88' lang='lat' dir='ltr'><strong>quaecunque</strong></span> <span class='ocrx_word' id='word_1_163' title='bbox 1377 1854 1474 1916; x_wconf 91' lang='lat' dir='ltr'><strong>neque</strong></span> <span class='ocrx_word' id='word_1_164' title='bbox 1495 1835 1527 1895; x_wconf 90' lang='lat' dir='ltr'><strong>in</strong></span> <span class='ocrx_word' id='word_1_165' title='bbox 1550 1842 1733 1895; x_wconf 85' lang='lat' dir='ltr'><strong>testamento</strong></span> <span class='ocrx_word' id='word_1_166' title='bbox 1753 1832 1897 1913; x_wconf 84' lang='lat' dir='ltr'><strong>usquein</strong></span> <span class='ocrx_word' id='word_1_167' title='bbox 1912 1831 2059 1894; x_wconf 77' lang='lat' dir='ltr'><strong>codicillis</strong></span> 
     </span>
     <span class='ocr_line' id='line_1_14' title="bbox 223 1934 2059 2025; baseline 0.002 -29"><span class='ocrx_word' id='word_1_168' title='bbox 223 1934 348 2008; x_wconf 87' lang='grc' dir='ltr'><strong><em>κέλλοις</em></strong></span> <span class='ocrx_word' id='word_1_169' title='bbox 370 1934 473 2022; x_wconf 85' lang='grc' dir='ltr'><strong><em>δοθῇ,</em></strong></span> <span class='ocrx_word' id='word_1_170' title='bbox 497 1936 570 2000; x_wconf 85' lang='grc' dir='ltr'><strong><em>ἀλλ’</em></strong></span> <span class='ocrx_word' id='word_1_171' title='bbox 591 1941 625 2000; x_wconf 86' lang='grc' dir='ltr'><strong>ἐν</strong></span> <span class='ocrx_word' id='word_1_172' title='bbox 640 1937 813 2024; x_wconf 80' lang='grc' dir='ltr'><strong><em>ίδιαζούση</em></strong></span> <span class='ocrx_word' id='word_1_173' title='bbox 828 1939 1000 2025; x_wconf 73' lang='grc' dir='ltr'><strong><em>ἀσφαλείᾳ</em></strong></span> <span class='ocrx_word' id='word_1_174' title='bbox 1015 1940 1035 2018; x_wconf 81' lang='grc' dir='ltr'><strong><em>ῆ</em></strong></span> <span class='ocrx_word' id='word_1_175' title='bbox 1050 1941 1129 2005; x_wconf 76' lang='lat' dir='ltr'><strong>idro-</strong></span> <span class='ocrx_word' id='word_1_176' title='bbox 1157 1941 1280 2015; x_wconf 89' lang='lat' dir='ltr'><strong>dantur,</strong></span> <span class='ocrx_word' id='word_1_177' title='bbox 1313 1941 1365 2002; x_wconf 87' lang='lat' dir='ltr'><strong>sed</strong></span> <span class='ocrx_word' id='word_1_178' title='bbox 1392 1941 1424 2002; x_wconf 92' lang='lat' dir='ltr'><strong>in</strong></span> <span class='ocrx_word' id='word_1_179' title='bbox 1455 1941 1577 2022; x_wconf 89' lang='lat' dir='ltr'><strong>privata</strong></span> <span class='ocrx_word' id='word_1_180' title='bbox 1603 1940 1744 2002; x_wconf 75' lang='lat' dir='ltr'><strong>cautione</strong></span> <span class='ocrx_word' id='word_1_181' title='bbox 1774 1948 1829 2000; x_wconf 91' lang='lat' dir='ltr'><strong>aut</strong></span> <span class='ocrx_word' id='word_1_182' title='bbox 1859 1938 2059 2021; x_wconf 75' lang='lat' dir='ltr'><strong>chirographo</strong></span> 
     </span>
     <span class='ocr_line' id='line_1_15' title="bbox 220 2042 2059 2129; baseline 0.003 -24"><span class='ocrx_word' id='word_1_183' title='bbox 220 2042 323 2124; x_wconf 87' lang='grc' dir='ltr'><strong><em>γείριμ</em></strong></span> <span class='ocrx_word' id='word_1_184' title='bbox 351 2042 546 2124; x_wconf 74' lang='grc' dir='ltr'><strong><em>ὁμολογήσει</em></strong></span> <span class='ocrx_word' id='word_1_185' title='bbox 575 2042 690 2108; x_wconf 86' lang='grc' dir='ltr'><strong><em>δοῆναι</em></strong></span> <span class='ocrx_word' id='word_1_186' title='bbox 715 2050 761 2127; x_wconf 79' lang='grc' dir='ltr'><strong><em>τῷ</em></strong></span> <span class='ocrx_word' id='word_1_187' title='bbox 784 2043 827 2127; x_wconf 85' lang='grc' dir='ltr'><strong>μή</strong></span> <span class='ocrx_word' id='word_1_188' title='bbox 852 2045 1001 2129; x_wconf 76' lang='grc' dir='ltr'><strong><em>δεκτικῷε</em></strong></span> <span class='ocrx_word' id='word_1_189' title='bbox 1023 2045 1085 2095; x_wconf 69' lang='lat'><strong>-2</strong></span> <span class='ocrx_word' id='word_1_190' title='bbox 1156 2045 1309 2128; x_wconf 77' lang='lat' dir='ltr'><strong>pollicitus</strong></span> <span class='ocrx_word' id='word_1_191' title='bbox 1324 2047 1364 2109; x_wconf 92' lang='lat' dir='ltr'><strong>sit</strong></span> <span class='ocrx_word' id='word_1_192' title='bbox 1378 2047 1446 2127; x_wconf 90' lang='lat' dir='ltr'><strong>quis</strong></span> <span class='ocrx_word' id='word_1_193' title='bbox 1462 2046 1534 2109; x_wconf 87' lang='lat' dir='ltr'><strong>dare</strong></span> <span class='ocrx_word' id='word_1_194' title='bbox 1550 2046 1586 2121; x_wconf 86' lang='lat' dir='ltr'><strong>ei,</strong></span> <span class='ocrx_word' id='word_1_195' title='bbox 1602 2045 1655 2127; x_wconf 91' lang='lat' dir='ltr'><strong>qui</strong></span> <span class='ocrx_word' id='word_1_196' title='bbox 1671 2066 1780 2127; x_wconf 89' lang='lat' dir='ltr'><strong>capere</strong></span> <span class='ocrx_word' id='word_1_197' title='bbox 1795 2045 1909 2126; x_wconf 86' lang='lat' dir='ltr'><strong>nequit</strong></span> <span class='ocrx_word' id='word_1_198' title='bbox 1932 2045 1967 2108; x_wconf 88' lang='lat' dir='ltr'><strong>fr.</strong></span> <span class='ocrx_word' id='word_1_199' title='bbox 1987 2049 2059 2109; x_wconf 85' lang='lat'>103.</span> 
     </span>
    </p>

    <p class='ocr_par' dir='ltr' id='par_1_7' title="bbox 1002 2155 1127 2219">
     <span class='ocr_line' id='line_1_16' title="bbox 1002 2155 1127 2219; baseline 0.008 -3"><span class='ocrx_word' id='word_1_200' title='bbox 1002 2155 1038 2218; x_wconf 86' lang='lat' dir='ltr'><strong>fr.</strong></span> <span class='ocrx_word' id='word_1_201' title='bbox 1056 2159 1127 2219; x_wconf 87' lang='grc'><strong>103.</strong></span> 
     </span>
    </p>

    <p class='ocr_par' dir='ltr' id='par_1_8' title="bbox 128 2252 2059 2771">
     <span class='ocr_line' id='line_1_17' title="bbox 128 2252 2059 2346; baseline 0.002 -28"><span class='ocrx_word' id='word_1_202' title='bbox 128 2258 185 2327; x_wconf 56' lang='grc' dir='ltr'><strong>[ιδ’.</strong></span> <span class='ocrx_word' id='word_1_203' title='bbox 288 2252 362 2319; x_wconf 73' lang='lat' dir='ltr'><strong>’Eoo</strong></span> <span class='ocrx_word' id='word_1_204' title='bbox 386 2256 508 2336; x_wconf 79' lang='grc' dir='ltr'><strong><em>ζῶντος</em></strong></span> <span class='ocrx_word' id='word_1_205' title='bbox 532 2267 593 2321; x_wconf 82' lang='grc' dir='ltr'><strong><em>τοῦ</em></strong></span> <span class='ocrx_word' id='word_1_206' title='bbox 615 2258 816 2340; x_wconf 68' lang='grc' dir='ltr'><strong><em>διαθεμένου</em></strong></span> <span class='ocrx_word' id='word_1_207' title='bbox 832 2257 923 2346; x_wconf 78' lang='grc' dir='ltr'><strong><em>φύγῃ</em></strong></span> <span class='ocrx_word' id='word_1_208' title='bbox 939 2261 957 2322; x_wconf 92' lang='grc' dir='ltr'><strong><em>ό</em></strong></span> <span class='ocrx_word' id='word_1_209' title='bbox 973 2261 1128 2342; x_wconf 88' lang='grc' dir='ltr'><strong><em>ληγατευ-</em></strong></span> <span class='ocrx_word' id='word_1_210' title='bbox 1222 2260 1255 2322; x_wconf 87' lang='lat' dir='ltr'><strong>si</strong></span> <span class='ocrx_word' id='word_1_211' title='bbox 1281 2261 1353 2324; x_wconf 86' lang='lat' dir='ltr'><strong>vivo</strong></span> <span class='ocrx_word' id='word_1_212' title='bbox 1380 2268 1525 2323; x_wconf 81' lang='lat' dir='ltr'><strong>testatore</strong></span> <span class='ocrx_word' id='word_1_213' title='bbox 1552 2259 1662 2340; x_wconf 83' lang='lat' dir='ltr'><strong>fugerit</strong></span> <span class='ocrx_word' id='word_1_214' title='bbox 1689 2258 1807 2340; x_wconf 84' lang='lat' dir='ltr'><strong>legatus</strong></span> <span class='ocrx_word' id='word_1_215' title='bbox 1834 2279 1949 2333; x_wconf 83' lang='lat' dir='ltr'><strong>servus,</strong></span> <span class='ocrx_word' id='word_1_216' title='bbox 1981 2259 2059 2342; x_wconf 91' lang='lat' dir='ltr'><strong>peri·</strong></span> 
     </span>
     <span class='ocr_line' id='line_1_18' title="bbox 225 2361 2057 2450; baseline 0.003 -27"><span class='ocrx_word' id='word_1_217' title='bbox 225 2361 299 2436; x_wconf 75' lang='grc' dir='ltr'><strong><em>θεὶς</em></strong></span> <span class='ocrx_word' id='word_1_218' title='bbox 323 2362 448 2443; x_wconf 84' lang='grc' dir='ltr'><strong><em>δοῦλος,</em></strong></span> <span class='ocrx_word' id='word_1_219' title='bbox 471 2363 613 2446; x_wconf 82' lang='grc' dir='ltr'><strong><em>κινδύνῳ</em></strong></span> <span class='ocrx_word' id='word_1_220' title='bbox 635 2362 693 2429; x_wconf 81' lang='grc' dir='ltr'><strong>καλ</strong></span> <span class='ocrx_word' id='word_1_221' title='bbox 712 2364 926 2448; x_wconf 80' lang='grc' dir='ltr'><strong><em>δαπανήμασι</em></strong></span> <span class='ocrx_word' id='word_1_222' title='bbox 946 2376 1009 2432; x_wconf 87' lang='grc' dir='ltr'><strong><em>τοῆ</em></strong></span> <span class='ocrx_word' id='word_1_223' title='bbox 1029 2369 1127 2450; x_wconf 79' lang='grc' dir='ltr'><strong><em>ληγα·</em></strong></span> <span class='ocrx_word' id='word_1_224' title='bbox 1155 2368 1225 2429; x_wconf 92' lang='lat' dir='ltr'><strong>culo</strong></span> <span class='ocrx_word' id='word_1_225' title='bbox 1257 2375 1288 2429; x_wconf 87' lang='lat' dir='ltr'><strong>et</strong></span> <span class='ocrx_word' id='word_1_226' title='bbox 1319 2367 1490 2448; x_wconf 81' lang='lat' dir='ltr'><strong>sumptibus</strong></span> <span class='ocrx_word' id='word_1_227' title='bbox 1521 2367 1659 2447; x_wconf 84' lang='lat' dir='ltr'><strong>legatarii</strong></span> <span class='ocrx_word' id='word_1_228' title='bbox 1691 2365 1781 2439; x_wconf 83' lang='lat' dir='ltr'><strong>redit3</strong></span> <span class='ocrx_word' id='word_1_229' title='bbox 1812 2385 1884 2427; x_wconf 91' lang='lat' dir='ltr'><strong>nam</strong></span> <span class='ocrx_word' id='word_1_230' title='bbox 1915 2367 1946 2427; x_wconf 94' lang='lat' dir='ltr'><strong>id</strong></span> <span class='ocrx_word' id='word_1_231' title='bbox 1977 2366 2057 2447; x_wconf 93' lang='lat' dir='ltr'><strong>quod</strong></span> 
     </span>
     <span class='ocr_line' id='line_1_19' title="bbox 223 2469 1991 2556; baseline 0.002 -24"><span class='ocrx_word' id='word_1_232' title='bbox 223 2470 343 2553; x_wconf 88' lang='grc' dir='ltr'><strong><em>ταριόυ</em></strong></span> <span class='ocrx_word' id='word_1_233' title='bbox 370 2473 598 2553; x_wconf 72' lang='grc' dir='ltr'><strong><em>ἐπανέρχεται·</em></strong></span> <span class='ocrx_word' id='word_1_234' title='bbox 631 2469 670 2535; x_wconf 87' lang='grc' dir='ltr'><strong><em>τὸ</em></strong></span> <span class='ocrx_word' id='word_1_235' title='bbox 703 2469 770 2556; x_wconf 87' lang='grc' dir='ltr'><strong>γάρ</strong></span> <span class='ocrx_word' id='word_1_236' title='bbox 797 2473 1007 2554; x_wconf 88' lang='grc' dir='ltr'><strong><em>ληγατευθέν</em></strong></span> <span class='ocrx_word' id='word_1_237' title='bbox 1038 2477 1127 2539; x_wconf 87' lang='grc' dir='ltr'><strong><em>ένθα</em></strong></span> <span class='ocrx_word' id='word_1_238' title='bbox 1154 2473 1273 2556; x_wconf 84' lang='lat' dir='ltr'><strong>legatur</strong></span> <span class='ocrx_word' id='word_1_239' title='bbox 1294 2473 1348 2536; x_wconf 92' lang='lat' dir='ltr'><strong>ubi</strong></span> <span class='ocrx_word' id='word_1_240' title='bbox 1370 2474 1508 2536; x_wconf 88' lang='lat' dir='ltr'><strong>relictum</strong></span> <span class='ocrx_word' id='word_1_241' title='bbox 1532 2482 1579 2535; x_wconf 88' lang='lat' dir='ltr'><strong>est</strong></span> <span class='ocrx_word' id='word_1_242' title='bbox 1601 2493 1621 2534; x_wconf 95' lang='lat' dir='ltr'><strong>a</strong></span> <span class='ocrx_word' id='word_1_243' title='bbox 1647 2481 1790 2535; x_wconf 79' lang='lat' dir='ltr'><strong>testatore</strong></span> <span class='ocrx_word' id='word_1_244' title='bbox 1817 2473 1906 2535; x_wconf 89' lang='lat' dir='ltr'><strong>heres</strong></span> <span class='ocrx_word' id='word_1_245' title='bbox 1928 2473 1991 2535; x_wconf 82' lang='lat' dir='ltr'><strong>dat.</strong></span> 
     </span>
     <span class='ocr_line' id='line_1_20' title="bbox 223 2574 2057 2665; baseline 0.001 -25"><span class='ocrx_word' id='word_1_246' title='bbox 223 2577 314 2661; x_wconf 82' lang='grc' dir='ltr'><strong><em>ὲαθῇ</em></strong></span> <span class='ocrx_word' id='word_1_247' title='bbox 347 2574 410 2640; x_wconf 81' lang='grc' dir='ltr'><strong>ἀπὸ</strong></span> <span class='ocrx_word' id='word_1_248' title='bbox 449 2586 510 2641; x_wconf 78' lang='grc' dir='ltr'><strong><em>τοῦ</em></strong></span> <span class='ocrx_word' id='word_1_249' title='bbox 548 2578 751 2661; x_wconf 74' lang='grc' dir='ltr'><strong><em>διαθεμένου</em></strong></span> <span class='ocrx_word' id='word_1_250' title='bbox 788 2579 924 2644; x_wconf 88' lang='grc' dir='ltr'><strong><em>δίδωσιν</em></strong></span> <span class='ocrx_word' id='word_1_251' title='bbox 958 2583 977 2644; x_wconf 92' lang='grc' dir='ltr'><strong><em>δ</em></strong></span> <span class='ocrx_word' id='word_1_252' title='bbox 1010 2582 1126 2665; x_wconf 88' lang='grc' dir='ltr'><strong><em>κληρο-</em></strong></span> <span class='ocrx_word' id='word_1_253' title='bbox 1880 2579 1915 2642; x_wconf 83' lang='lat' dir='ltr'><strong>fr.</strong></span> <span class='ocrx_word' id='word_1_254' title='bbox 1934 2581 1996 2642; x_wconf 79' lang='lat'><strong>108</strong></span> <span class='ocrx_word' id='word_1_255' title='bbox 2012 2601 2057 2662; x_wconf 90' lang='lat' dir='ltr'><strong>pr.</strong></span> 
     </span>
     <span class='ocr_line' id='line_1_21' title="bbox 223 2680 1125 2771; baseline 0.006 -25"><span class='ocrx_word' id='word_1_256' title='bbox 223 2685 335 2765; x_wconf 88' lang='grc' dir='ltr'><strong><em>νόμος;</em></strong></span> <span class='ocrx_word' id='word_1_257' title='bbox 352 2680 412 2731; x_wconf 80' lang='lat'><strong>-³</strong></span> <span class='ocrx_word' id='word_1_258' title='bbox 949 2689 984 2750; x_wconf 84' lang='lat' dir='ltr'><strong>fr.</strong></span> <span class='ocrx_word' id='word_1_259' title='bbox 1003 2692 1064 2753; x_wconf 84' lang='grc'><strong>108</strong></span> <span class='ocrx_word' id='word_1_260' title='bbox 1081 2712 1125 2771; x_wconf 90' lang='lat' dir='ltr'><strong>pr.</strong></span> 
     </span>
    </p>

    <p class='ocr_par' dir='ltr' id='par_1_9' title="bbox 223 2787 2058 3090">
     <span class='ocr_line' id='line_1_22' title="bbox 287 2787 2058 2876; baseline 0.002 -23"><span class='ocrx_word' id='word_1_261' title='bbox 287 2787 361 2853; x_wconf 84' lang='grc' dir='ltr'><strong>Ἐἀν</strong></span> <span class='ocrx_word' id='word_1_262' title='bbox 393 2790 526 2873; x_wconf 78' lang='grc' dir='ltr'><strong><em>ἀξιώσω</em></strong></span> <span class='ocrx_word' id='word_1_263' title='bbox 559 2788 619 2855; x_wconf 89' lang='grc' dir='ltr'><strong><em>τδν</em></strong></span> <span class='ocrx_word' id='word_1_264' title='bbox 650 2793 858 2876; x_wconf 78' lang='grc' dir='ltr'><strong><em>κληρονόμον</em></strong></span> <span class='ocrx_word' id='word_1_265' title='bbox 884 2816 948 2876; x_wconf 90' lang='grc' dir='ltr'><strong>μου</strong></span> <span class='ocrx_word' id='word_1_266' title='bbox 976 2795 1128 2859; x_wconf 80' lang='grc' dir='ltr'><strong><em>δανεῖσαί</em></strong></span> <span class='ocrx_word' id='word_1_267' title='bbox 1221 2793 1253 2856; x_wconf 82' lang='lat' dir='ltr'><strong>Si</strong></span> <span class='ocrx_word' id='word_1_268' title='bbox 1280 2815 1425 2874; x_wconf 85' lang='lat' dir='ltr'><strong>rogavero</strong></span> <span class='ocrx_word' id='word_1_269' title='bbox 1452 2794 1594 2855; x_wconf 87' lang='lat' dir='ltr'><strong>heredem</strong></span> <span class='ocrx_word' id='word_1_270' title='bbox 1622 2812 1722 2853; x_wconf 91' lang='lat' dir='ltr'><strong>meum</strong></span> <span class='ocrx_word' id='word_1_271' title='bbox 1749 2802 1871 2855; x_wconf 88' lang='lat' dir='ltr'><strong>mutuos</strong></span> <span class='ocrx_word' id='word_1_272' title='bbox 1902 2793 1958 2856; x_wconf 93' lang='lat' dir='ltr'><strong>tibi</strong></span> <span class='ocrx_word' id='word_1_273' title='bbox 1985 2795 2058 2856; x_wconf 89' lang='lat' dir='ltr'><strong>dare</strong></span> 
     </span>
     <span class='ocr_line' id='line_1_23' title="bbox 223 2894 2056 2989; baseline 0.001 -29"><span class='ocrx_word' id='word_1_274' title='bbox 223 2920 276 2961; x_wconf 94' lang='grc' dir='ltr'><strong><em>σοι</em></strong></span> <span class='ocrx_word' id='word_1_275' title='bbox 305 2894 425 2961; x_wconf 88' lang='grc' dir='ltr'><strong><em>ἐκατδν</em></strong></span> <span class='ocrx_word' id='word_1_276' title='bbox 451 2911 550 2980; x_wconf 68' lang='grc' dir='ltr'><strong><em>νομμ’</em></strong></span> <span class='ocrx_word' id='word_1_277' title='bbox 575 2897 632 2962; x_wconf 84' lang='grc' dir='ltr'><strong>καλ</strong></span> <span class='ocrx_word' id='word_1_278' title='bbox 661 2901 766 2984; x_wconf 85' lang='grc' dir='ltr'><strong><em>όρίσω</em></strong></span> <span class='ocrx_word' id='word_1_279' title='bbox 798 2901 918 2975; x_wconf 91' lang='grc' dir='ltr'><strong><em>τόκους</em></strong></span> <span class='ocrx_word' id='word_1_280' title='bbox 949 2899 1125 2989; x_wconf 85' lang='grc' dir='ltr'><strong><em>ἐλαφροὺς,</em></strong></span> <span class='ocrx_word' id='word_1_281' title='bbox 1153 2910 1275 2964; x_wconf 89' lang='lat' dir='ltr'><strong>centum</strong></span> <span class='ocrx_word' id='word_1_282' title='bbox 1298 2900 1410 2963; x_wconf 90' lang='lat' dir='ltr'><strong>solidos</strong></span> <span class='ocrx_word' id='word_1_283' title='bbox 1437 2912 1468 2963; x_wconf 91' lang='lat' dir='ltr'><strong>et</strong></span> <span class='ocrx_word' id='word_1_284' title='bbox 1494 2900 1677 2962; x_wconf 88' lang='lat' dir='ltr'><strong>constituero</strong></span> <span class='ocrx_word' id='word_1_285' title='bbox 1699 2920 1807 2961; x_wconf 89' lang='lat' dir='ltr'><strong>usuras</strong></span> <span class='ocrx_word' id='word_1_286' title='bbox 1834 2899 1926 2975; x_wconf 88' lang='lat' dir='ltr'><strong>leves,</strong></span> <span class='ocrx_word' id='word_1_287' title='bbox 1958 2910 2056 2963; x_wconf 91' lang='lat' dir='ltr'><strong>totum</strong></span> 
     </span>
     <span class='ocr_line' id='line_1_24' title="bbox 223 3000 2056 3090; baseline 0.002 -24"><span class='ocrx_word' id='word_1_288' title='bbox 223 3000 301 3067; x_wconf 89' lang='grc' dir='ltr'><strong><em>όλον</em></strong></span> <span class='ocrx_word' id='word_1_289' title='bbox 324 3001 364 3068; x_wconf 90' lang='grc' dir='ltr'><strong><em>τδ</em></strong></span> <span class='ocrx_word' id='word_1_290' title='bbox 387 3005 534 3086; x_wconf 88' lang='grc' dir='ltr'><strong><em>ληγάτον</em></strong></span> <span class='ocrx_word' id='word_1_291' title='bbox 556 3008 712 3090; x_wconf 82' lang='grc' dir='ltr'><strong><em>έρρωται;</em></strong></span> <span class='ocrx_word' id='word_1_292' title='bbox 730 3042 769 3055; x_wconf 89' lang='grc'><strong>-</strong></span> <span class='ocrx_word' id='word_1_293' title='bbox 897 3008 933 3070; x_wconf 88' lang='lat' dir='ltr'><strong>fr.</strong></span> <span class='ocrx_word' id='word_1_294' title='bbox 952 3012 1023 3071; x_wconf 88' lang='grc'><strong>108.</strong></span> <span class='ocrx_word' id='word_1_295' title='bbox 1040 3016 1057 3086; x_wconf 89' lang='lat'>5</span> <span class='ocrx_word' id='word_1_296' title='bbox 1077 3014 1125 3074; x_wconf 88' lang='grc'><strong>15.</strong></span> <span class='ocrx_word' id='word_1_297' title='bbox 1154 3008 1288 3087; x_wconf 85' lang='lat' dir='ltr'><strong>legatum</strong></span> <span class='ocrx_word' id='word_1_298' title='bbox 1310 3006 1402 3070; x_wconf 86' lang='lat' dir='ltr'><strong>valet</strong></span> <span class='ocrx_word' id='word_1_299' title='bbox 1827 3006 1863 3069; x_wconf 87' lang='lat' dir='ltr'><strong>fr.</strong></span> <span class='ocrx_word' id='word_1_300' title='bbox 1882 3009 1953 3069; x_wconf 85' lang='grc'><strong>108.</strong></span> <span class='ocrx_word' id='word_1_301' title='bbox 1971 3014 1988 3084; x_wconf 92' lang='lat'>5</span> <span class='ocrx_word' id='word_1_302' title='bbox 2007 3010 2056 3069; x_wconf 92' lang='grc'><strong>15.</strong></span> 
     </span>
    </p>

    <p class='ocr_par' dir='ltr' id='par_1_10' title="bbox 124 3107 2057 3832">
     <span class='ocr_line' id='line_1_25' title="bbox 124 3107 2056 3197; baseline -0.002 -18"><span class='ocrx_word' id='word_1_303' title='bbox 124 3114 185 3181; x_wconf 51' lang='lat'><strong>&#39;14</strong></span> <span class='ocrx_word' id='word_1_304' title='bbox 288 3107 362 3175; x_wconf 89' lang='grc' dir='ltr'><strong>Ὲάν</strong></span> <span class='ocrx_word' id='word_1_305' title='bbox 393 3111 530 3197; x_wconf 78' lang='grc' dir='ltr'><strong><em>ἀξιωθῇ</em></strong></span> <span class='ocrx_word' id='word_1_306' title='bbox 562 3114 581 3175; x_wconf 92' lang='grc' dir='ltr'><strong><em>δ</em></strong></span> <span class='ocrx_word' id='word_1_307' title='bbox 612 3112 818 3197; x_wconf 82' lang='grc' dir='ltr'><strong><em>κληρονόμος</em></strong></span> <span class='ocrx_word' id='word_1_308' title='bbox 850 3114 970 3178; x_wconf 82' lang='grc' dir='ltr'><strong><em>δοῦναί</em></strong></span> <span class='ocrx_word' id='word_1_309' title='bbox 998 3138 1053 3197; x_wconf 92' lang='grc' dir='ltr'><strong><em>μοι</em></strong></span> <span class='ocrx_word' id='word_1_310' title='bbox 1087 3114 1126 3180; x_wconf 87' lang='grc' dir='ltr'><strong>ὃν</strong></span> <span class='ocrx_word' id='word_1_311' title='bbox 1220 3114 1254 3177; x_wconf 84' lang='lat' dir='ltr'><strong>Si</strong></span> <span class='ocrx_word' id='word_1_312' title='bbox 1276 3124 1400 3193; x_wconf 84' lang='lat' dir='ltr'><strong>rogatus</strong></span> <span class='ocrx_word' id='word_1_313' title='bbox 1423 3114 1464 3176; x_wconf 87' lang='lat' dir='ltr'><strong>sit</strong></span> <span class='ocrx_word' id='word_1_314' title='bbox 1484 3113 1572 3175; x_wconf 90' lang='lat' dir='ltr'><strong>heres</strong></span> <span class='ocrx_word' id='word_1_315' title='bbox 1595 3113 1668 3175; x_wconf 89' lang='lat' dir='ltr'><strong>dare</strong></span> <span class='ocrx_word' id='word_1_316' title='bbox 1691 3112 1877 3195; x_wconf 85' lang='lat' dir='ltr'><strong>mihiquem</strong></span> <span class='ocrx_word' id='word_1_317' title='bbox 1900 3112 1975 3176; x_wconf 86' lang='lat' dir='ltr'><strong>velit</strong></span> <span class='ocrx_word' id='word_1_318' title='bbox 1998 3135 2056 3175; x_wconf 91' lang='lat' dir='ltr'><strong>ser·</strong></span> 
     </span>
     <span class='ocr_line' id='line_1_26' title="bbox 221 3216 2057 3305; baseline 0.001 -24"><span class='ocrx_word' id='word_1_319' title='bbox 221 3216 376 3302; x_wconf 75' lang='grc' dir='ltr'><strong><em>βούλεται</em></strong></span> <span class='ocrx_word' id='word_1_320' title='bbox 409 3217 544 3299; x_wconf 86' lang='grc' dir='ltr'><strong><em>δοῦλον,</em></strong></span> <span class='ocrx_word' id='word_1_321' title='bbox 578 3220 640 3282; x_wconf 78' lang='grc' dir='ltr'><strong>οὐκ</strong></span> <span class='ocrx_word' id='word_1_322' title='bbox 671 3221 793 3305; x_wconf 80' lang='grc' dir='ltr'><strong><em>ὀφείλει</em></strong></span> <span class='ocrx_word' id='word_1_323' title='bbox 828 3220 943 3285; x_wconf 81' lang='grc' dir='ltr'><strong><em>δοῦναι</em></strong></span> <span class='ocrx_word' id='word_1_324' title='bbox 976 3220 1036 3286; x_wconf 87' lang='grc' dir='ltr'><strong><em>τδν</em></strong></span> <span class='ocrx_word' id='word_1_325' title='bbox 1060 3224 1126 3301; x_wconf 86' lang='grc' dir='ltr'><strong><em>γεί-</em></strong></span> <span class='ocrx_word' id='word_1_326' title='bbox 1153 3243 1234 3295; x_wconf 86' lang='lat' dir='ltr'><strong>vum,</strong></span> <span class='ocrx_word' id='word_1_327' title='bbox 1258 3241 1319 3282; x_wconf 94' lang='lat' dir='ltr'><strong>non</strong></span> <span class='ocrx_word' id='word_1_328' title='bbox 1342 3221 1433 3284; x_wconf 87' lang='lat' dir='ltr'><strong>debet</strong></span> <span class='ocrx_word' id='word_1_329' title='bbox 1454 3221 1527 3282; x_wconf 89' lang='lat' dir='ltr'><strong>dare</strong></span> <span class='ocrx_word' id='word_1_330' title='bbox 1551 3221 1728 3301; x_wconf 67' lang='lat' dir='ltr'><strong>pessimum</strong></span> <span class='ocrx_word' id='word_1_331' title='bbox 1759 3220 1784 3281; x_wconf 90' lang='lat' dir='ltr'><strong>si</strong></span> <span class='ocrx_word' id='word_1_332' title='bbox 1812 3220 1906 3299; x_wconf 80' lang='lat' dir='ltr'><strong>igitur</strong></span> <span class='ocrx_word' id='word_1_333' title='bbox 1928 3222 2057 3283; x_wconf 82' lang='lat' dir='ltr'><strong>solenter</strong></span> 
     </span>
     <span class='ocr_line' id='line_1_27' title="bbox 222 3318 2054 3415; baseline 0.002 -29"><span class='ocrx_word' id='word_1_334' title='bbox 222 3346 353 3405; x_wconf 86' lang='grc' dir='ltr'><strong><em>ριστον·</em></strong></span> <span class='ocrx_word' id='word_1_335' title='bbox 385 3322 444 3388; x_wconf 87' lang='grc' dir='ltr'><strong>ἐάν</strong></span> <span class='ocrx_word' id='word_1_336' title='bbox 475 3318 535 3388; x_wconf 85' lang='grc' dir='ltr'><strong>οὖν</strong></span> <span class='ocrx_word' id='word_1_337' title='bbox 566 3330 600 3389; x_wconf 90' lang='grc' dir='ltr'><strong>ἐν</strong></span> <span class='ocrx_word' id='word_1_338' title='bbox 632 3326 748 3404; x_wconf 85' lang='grc' dir='ltr'><strong><em>είδήσει</em></strong></span> <span class='ocrx_word' id='word_1_339' title='bbox 782 3327 924 3405; x_wconf 82' lang='grc' dir='ltr'><strong><em>κλέπτην</em></strong></span> <span class='ocrx_word' id='word_1_340' title='bbox 950 3351 1005 3411; x_wconf 94' lang='grc' dir='ltr'><strong><em>μοι</em></strong></span> <span class='ocrx_word' id='word_1_341' title='bbox 1035 3330 1125 3415; x_wconf 79' lang='grc' dir='ltr'><strong><em>διέσῃ</em></strong></span> <span class='ocrx_word' id='word_1_342' title='bbox 1153 3348 1274 3390; x_wconf 79' lang='lat' dir='ltr'><strong>servum</strong></span> <span class='ocrx_word' id='word_1_343' title='bbox 1296 3327 1394 3390; x_wconf 84' lang='lat' dir='ltr'><strong>furem</strong></span> <span class='ocrx_word' id='word_1_344' title='bbox 1417 3327 1491 3389; x_wconf 85' lang='lat' dir='ltr'><strong>mihi</strong></span> <span class='ocrx_word' id='word_1_345' title='bbox 1514 3327 1631 3389; x_wconf 87' lang='lat' dir='ltr'><strong>dederit</strong></span> <span class='ocrx_word' id='word_1_346' title='bbox 1652 3336 1683 3389; x_wconf 92' lang='lat' dir='ltr'><strong>et</strong></span> <span class='ocrx_word' id='word_1_347' title='bbox 1708 3347 1817 3408; x_wconf 86' lang='lat' dir='ltr'><strong>passus</strong></span> <span class='ocrx_word' id='word_1_348' title='bbox 1834 3327 1921 3389; x_wconf 86' lang='lat' dir='ltr'><strong>fuero</strong></span> <span class='ocrx_word' id='word_1_349' title='bbox 1941 3327 2054 3389; x_wconf 76' lang='lat' dir='ltr'><strong>tirrtum</strong></span> 
     </span>
     <span class='ocr_line' id='line_1_28' title="bbox 222 3430 2055 3517; baseline 0.002 -24"><span class='ocrx_word' id='word_1_350' title='bbox 222 3430 341 3494; x_wconf 83' lang='grc' dir='ltr'><strong><em>δοῦλον</em></strong></span> <span class='ocrx_word' id='word_1_351' title='bbox 367 3430 424 3494; x_wconf 86' lang='grc' dir='ltr'><strong>καλ</strong></span> <span class='ocrx_word' id='word_1_352' title='bbox 443 3432 579 3496; x_wconf 81' lang='grc' dir='ltr'><strong><em>ἀποστῶ</em></strong></span> <span class='ocrx_word' id='word_1_353' title='bbox 598 3435 678 3516; x_wconf 86' lang='grc' dir='ltr'><strong><em>παρ’</em></strong></span> <span class='ocrx_word' id='word_1_354' title='bbox 701 3435 805 3499; x_wconf 84' lang='grc' dir='ltr'><strong><em>αὐτοῦ</em></strong></span> <span class='ocrx_word' id='word_1_355' title='bbox 823 3433 957 3516; x_wconf 86' lang='grc' dir='ltr'><strong><em>κλοπήν,</em></strong></span> <span class='ocrx_word' id='word_1_356' title='bbox 974 3438 1123 3517; x_wconf 91' lang='grc' dir='ltr'><strong><em>ἐνάγεται</em></strong></span> <span class='ocrx_word' id='word_1_357' title='bbox 1153 3435 1192 3497; x_wconf 92' lang='lat' dir='ltr'><strong>ab</strong></span> <span class='ocrx_word' id='word_1_358' title='bbox 1215 3456 1259 3509; x_wconf 91' lang='lat' dir='ltr'><strong>eo,</strong></span> <span class='ocrx_word' id='word_1_359' title='bbox 1283 3435 1462 3497; x_wconf 79' lang='lat' dir='ltr'><strong>convenitur</strong></span> <span class='ocrx_word' id='word_1_360' title='bbox 1484 3433 1522 3495; x_wconf 92' lang='lat' dir='ltr'><strong>de</strong></span> <span class='ocrx_word' id='word_1_361' title='bbox 1544 3433 1614 3496; x_wconf 91' lang='lat' dir='ltr'><strong>dolo</strong></span> <span class='ocrx_word' id='word_1_362' title='bbox 1636 3434 1755 3496; x_wconf 86' lang='lat' dir='ltr'><strong>actione</strong></span> <span class='ocrx_word' id='word_1_363' title='bbox 1777 3443 1808 3496; x_wconf 90' lang='lat' dir='ltr'><strong>et</strong></span> <span class='ocrx_word' id='word_1_364' title='bbox 1829 3434 1947 3515; x_wconf 85' lang='lat' dir='ltr'><strong>cogitur</strong></span> <span class='ocrx_word' id='word_1_365' title='bbox 1962 3434 2055 3496; x_wconf 91' lang='lat' dir='ltr'><strong>alium</strong></span> 
     </span>
     <span class='ocr_line' id='line_1_29' title="bbox 222 3536 2055 3624; baseline 0.002 -24"><span class='ocrx_word' id='word_1_366' title='bbox 222 3541 262 3623; x_wconf 81' lang='grc' dir='ltr'><strong><em>τῇ</em></strong></span> <span class='ocrx_word' id='word_1_367' title='bbox 295 3536 367 3619; x_wconf 79' lang='grc' dir='ltr'><strong><em>περὶ</em></strong></span> <span class='ocrx_word' id='word_1_368' title='bbox 400 3538 500 3602; x_wconf 90' lang='grc' dir='ltr'><strong><em>δόλου</em></strong></span> <span class='ocrx_word' id='word_1_369' title='bbox 532 3542 646 3623; x_wconf 79' lang='grc' dir='ltr'><strong><em>ἀγωγή</em></strong></span> <span class='ocrx_word' id='word_1_370' title='bbox 677 3539 734 3604; x_wconf 83' lang='grc' dir='ltr'><strong>καὶ</strong></span> <span class='ocrx_word' id='word_1_371' title='bbox 767 3543 990 3624; x_wconf 76' lang='grc' dir='ltr'><strong><em>ἀναγκάζεται</em></strong></span> <span class='ocrx_word' id='word_1_372' title='bbox 1024 3544 1126 3608; x_wconf 88' lang='grc' dir='ltr'><strong><em>ἀλλον</em></strong></span> <span class='ocrx_word' id='word_1_373' title='bbox 1153 3542 1226 3603; x_wconf 88' lang='lat' dir='ltr'><strong>dare</strong></span> <span class='ocrx_word' id='word_1_374' title='bbox 1247 3550 1279 3604; x_wconf 91' lang='lat' dir='ltr'><strong>et</strong></span> <span class='ocrx_word' id='word_1_375' title='bbox 1296 3542 1376 3602; x_wconf 91' lang='lat' dir='ltr'><strong>bunc</strong></span> <span class='ocrx_word' id='word_1_376' title='bbox 1391 3540 1464 3601; x_wconf 90' lang='lat' dir='ltr'><strong>mihi</strong></span> <span class='ocrx_word' id='word_1_377' title='bbox 1485 3539 1653 3621; x_wconf 87' lang='lat' dir='ltr'><strong>relinquere</strong></span> <span class='ocrx_word' id='word_1_378' title='bbox 1668 3539 1699 3600; x_wconf 91' lang='lat' dir='ltr'><strong>in</strong></span> <span class='ocrx_word' id='word_1_379' title='bbox 1716 3540 1821 3602; x_wconf 85' lang='lat' dir='ltr'><strong>damni</strong></span> <span class='ocrx_word' id='word_1_380' title='bbox 1835 3541 2055 3622; x_wconf 81' lang='lat' dir='ltr'><strong>reparationem</strong></span> 
     </span>
     <span class='ocr_line' id='line_1_30' title="bbox 221 3642 2055 3731; baseline 0.002 -25"><span class='ocrx_word' id='word_1_381' title='bbox 221 3642 336 3707; x_wconf 81' lang='grc' dir='ltr'><strong><em>δοῦναι</em></strong></span> <span class='ocrx_word' id='word_1_382' title='bbox 374 3644 431 3709; x_wconf 86' lang='grc' dir='ltr'><strong>καλ</strong></span> <span class='ocrx_word' id='word_1_383' title='bbox 470 3656 591 3713; x_wconf 81' lang='grc' dir='ltr'><strong><em>τοῦτον</em></strong></span> <span class='ocrx_word' id='word_1_384' title='bbox 627 3649 672 3721; x_wconf 81' lang='grc' dir='ltr'><strong>ὡς</strong></span> <span class='ocrx_word' id='word_1_385' title='bbox 710 3652 754 3722; x_wconf 86' lang='grc' dir='ltr'><strong><em>είς</em></strong></span> <span class='ocrx_word' id='word_1_386' title='bbox 786 3646 846 3725; x_wconf 84' lang='grc' dir='ltr'><strong><em>τήν</em></strong></span> <span class='ocrx_word' id='word_1_387' title='bbox 878 3649 996 3731; x_wconf 86' lang='grc' dir='ltr'><strong><em>ζημίαν</em></strong></span> <span class='ocrx_word' id='word_1_388' title='bbox 1028 3653 1128 3714; x_wconf 78' lang='grc' dir='ltr'><strong><em>ἐᾶσαί</em></strong></span> <span class='ocrx_word' id='word_1_389' title='bbox 1928 3648 1964 3710; x_wconf 87' lang='lat' dir='ltr'><strong>fr.</strong></span> <span class='ocrx_word' id='word_1_390' title='bbox 1984 3650 2055 3710; x_wconf 91' lang='grc'><strong>110.</strong></span> 
     </span>
     <span class='ocr_line' id='line_1_31' title="bbox 220 3749 1124 3832; baseline 0.007 -19"><span class='ocrx_word' id='word_1_391' title='bbox 220 3773 289 3832; x_wconf 70' lang='grc' dir='ltr'><strong><em>μοις</em></strong></span> <span class='ocrx_word' id='word_1_392' title='bbox 306 3749 370 3799; x_wconf 69' lang='lat'><strong>—4</strong></span> <span class='ocrx_word' id='word_1_393' title='bbox 998 3757 1034 3819; x_wconf 84' lang='lat' dir='ltr'><strong>fr.</strong></span> <span class='ocrx_word' id='word_1_394' title='bbox 1054 3760 1124 3820; x_wconf 87' lang='lat'>110.</span> 
     </span>
    </p>

    <p class='ocr_par' dir='ltr' id='par_1_11' title="bbox 147 3854 2056 4259">
     <span class='ocr_line' id='line_1_32' title="bbox 147 3854 2056 3944; baseline 0.001 -24"><span class='ocrx_word' id='word_1_395' title='bbox 147 3863 184 3930; x_wconf 51' lang='grc' dir='ltr'><strong>β.</strong></span> <span class='ocrx_word' id='word_1_396' title='bbox 289 3854 362 3922; x_wconf 82' lang='grc' dir='ltr'><strong>Ἐάν</strong></span> <span class='ocrx_word' id='word_1_397' title='bbox 399 3858 456 3923; x_wconf 86' lang='grc' dir='ltr'><strong>καλ</strong></span> <span class='ocrx_word' id='word_1_398' title='bbox 488 3863 607 3943; x_wconf 87' lang='grc' dir='ltr'><strong><em>μέρους</em></strong></span> <span class='ocrx_word' id='word_1_399' title='bbox 638 3872 697 3938; x_wconf 89' lang='grc' dir='ltr'><strong><em>τῆς</em></strong></span> <span class='ocrx_word' id='word_1_400' title='bbox 735 3861 926 3939; x_wconf 81' lang='grc' dir='ltr'><strong><em>διοικήσεως</em></strong></span> <span class='ocrx_word' id='word_1_401' title='bbox 956 3861 1076 3928; x_wconf 88' lang='grc' dir='ltr'><strong><em>ἐαυτδν</em></strong></span> <span class='ocrx_word' id='word_1_402' title='bbox 1106 3866 1124 3927; x_wconf 92' lang='grc' dir='ltr'><strong><em>ό</em></strong></span> <span class='ocrx_word' id='word_1_403' title='bbox 1219 3859 1252 3923; x_wconf 78' lang='lat' dir='ltr'><strong>si</strong></span> <span class='ocrx_word' id='word_1_404' title='bbox 1276 3869 1307 3922; x_wconf 88' lang='lat' dir='ltr'><strong>et</strong></span> <span class='ocrx_word' id='word_1_405' title='bbox 1328 3861 1424 3942; x_wconf 90' lang='lat' dir='ltr'><strong>partis</strong></span> <span class='ocrx_word' id='word_1_406' title='bbox 1447 3860 1594 3944; x_wconf 90' lang='lat' dir='ltr'><strong>[tantum]</strong></span> <span class='ocrx_word' id='word_1_407' title='bbox 1621 3860 1891 3923; x_wconf 84' lang='lat' dir='ltr'><strong>administrationis</strong></span> <span class='ocrx_word' id='word_1_408' title='bbox 1919 3882 1951 3924; x_wconf 91' lang='lat' dir='ltr'><strong>se</strong></span> <span class='ocrx_word' id='word_1_409' title='bbox 1973 3869 2056 3923; x_wconf 90' lang='lat' dir='ltr'><strong>tutor</strong></span> 
     </span>
     <span class='ocr_line' id='line_1_33' title="bbox 223 3966 2055 4054; baseline 0.002 -28"><span class='ocrx_word' id='word_1_410' title='bbox 223 3966 400 4049; x_wconf 85' lang='grc' dir='ltr'><strong><em>ἐπίτροπος</em></strong></span> <span class='ocrx_word' id='word_1_411' title='bbox 437 3968 646 4054; x_wconf 82' lang='grc' dir='ltr'><strong><em>ὲπικουφίση,</em></strong></span> <span class='ocrx_word' id='word_1_412' title='bbox 684 3966 788 4047; x_wconf 84' lang='grc' dir='ltr'><strong><em>τυχὸν</em></strong></span> <span class='ocrx_word' id='word_1_413' title='bbox 820 3979 887 4032; x_wconf 80' lang='grc' dir='ltr'><strong><em>τῶν</em></strong></span> <span class='ocrx_word' id='word_1_414' title='bbox 917 3973 951 4032; x_wconf 88' lang='grc' dir='ltr'><strong>ἐν</strong></span> <span class='ocrx_word' id='word_1_415' title='bbox 980 3974 1125 4053; x_wconf 78' lang='grc' dir='ltr'><strong><em>ἐπαρχίᾳ</em></strong></span> <span class='ocrx_word' id='word_1_416' title='bbox 1152 3968 1306 4041; x_wconf 80' lang='lat' dir='ltr'><strong>levaverit,</strong></span> <span class='ocrx_word' id='word_1_417' title='bbox 1330 3966 1424 4030; x_wconf 91' lang='lat' dir='ltr'><strong>veluti</strong></span> <span class='ocrx_word' id='word_1_418' title='bbox 1442 3988 1539 4030; x_wconf 90' lang='lat' dir='ltr'><strong>rerum</strong></span> <span class='ocrx_word' id='word_1_419' title='bbox 1556 3988 1634 4048; x_wconf 90' lang='lat' dir='ltr'><strong>quae</strong></span> <span class='ocrx_word' id='word_1_420' title='bbox 1656 3968 1687 4028; x_wconf 91' lang='lat' dir='ltr'><strong>in</strong></span> <span class='ocrx_word' id='word_1_421' title='bbox 1704 3967 1861 4048; x_wconf 82' lang='lat' dir='ltr'><strong>provincia</strong></span> <span class='ocrx_word' id='word_1_422' title='bbox 1875 3976 1954 4043; x_wconf 93' lang='lat' dir='ltr'><strong>sunt,</strong></span> <span class='ocrx_word' id='word_1_423' title='bbox 1977 3968 2055 4031; x_wconf 90' lang='lat' dir='ltr'><strong>deci·</strong></span> 
     </span>
     <span class='ocr_line' id='line_1_34' title="bbox 223 4072 2054 4157; baseline -0.001 -22"><span class='ocrx_word' id='word_1_424' title='bbox 223 4073 438 4153; x_wconf 77' lang='grc' dir='ltr'><strong><em>πραγμάτων,</em></strong></span> <span class='ocrx_word' id='word_1_425' title='bbox 461 4075 605 4138; x_wconf 82' lang='grc' dir='ltr'><strong><em>ἐκπίπτει</em></strong></span> <span class='ocrx_word' id='word_1_426' title='bbox 630 4072 756 4149; x_wconf 84' lang='grc' dir='ltr'><strong><em>παντὸς</em></strong></span> <span class='ocrx_word' id='word_1_427' title='bbox 778 4085 839 4139; x_wconf 79' lang='grc' dir='ltr'><strong><em>τοῦ</em></strong></span> <span class='ocrx_word' id='word_1_428' title='bbox 861 4076 1126 4157; x_wconf 85' lang='grc' dir='ltr'><strong><em>ληγατευθέντος</em></strong></span> <span class='ocrx_word' id='word_1_429' title='bbox 1153 4075 1198 4136; x_wconf 85' lang='lat' dir='ltr'><strong>dit</strong></span> <span class='ocrx_word' id='word_1_430' title='bbox 1220 4073 1360 4136; x_wconf 87' lang='lat' dir='ltr'><strong>omnibus</strong></span> <span class='ocrx_word' id='word_1_431' title='bbox 1382 4095 1460 4156; x_wconf 92' lang='lat' dir='ltr'><strong>quae</strong></span> <span class='ocrx_word' id='word_1_432' title='bbox 1482 4074 1511 4135; x_wconf 92' lang='lat' dir='ltr'><strong>ei</strong></span> <span class='ocrx_word' id='word_1_433' title='bbox 1533 4073 1634 4155; x_wconf 85' lang='lat' dir='ltr'><strong>legata</strong></span> <span class='ocrx_word' id='word_1_434' title='bbox 1657 4084 1736 4136; x_wconf 85' lang='lat' dir='ltr'><strong>sunt.</strong></span> <span class='ocrx_word' id='word_1_435' title='bbox 1927 4075 1963 4137; x_wconf 85' lang='lat' dir='ltr'><strong>fr.</strong></span> <span class='ocrx_word' id='word_1_436' title='bbox 1982 4077 2054 4137; x_wconf 92' lang='lat'>111.</span> 
     </span>
     <span class='ocr_line' id='line_1_35' title="bbox 223 4179 1124 4259; baseline 0.007 -19"><span class='ocrx_word' id='word_1_437' title='bbox 223 4179 326 4259; x_wconf 74' lang='grc' dir='ltr'><strong><em>αὐτῷτ</em></strong></span> <span class='ocrx_word' id='word_1_438' title='bbox 347 4217 385 4226; x_wconf 93' lang='grc'>-</span> <span class='ocrx_word' id='word_1_439' title='bbox 998 4184 1034 4247; x_wconf 87' lang='lat' dir='ltr'><strong>fr.</strong></span> <span class='ocrx_word' id='word_1_440' title='bbox 1054 4187 1124 4246; x_wconf 91' lang='lat'>111.</span> 
     </span>
    </p>

    <p class='ocr_par' dir='ltr' id='par_1_12' title="bbox 169 4282 2055 4586">
     <span class='ocr_line' id='line_1_36' title="bbox 169 4282 2054 4375; baseline 0.001 -28"><span class='ocrx_word' id='word_1_441' title='bbox 169 4290 184 4342; x_wconf 87' lang='lat'><strong>¹.</strong></span> <span class='ocrx_word' id='word_1_442' title='bbox 294 4282 378 4359; x_wconf 83' lang='grc' dir='ltr'><strong><em>Τοὺς</em></strong></span> <span class='ocrx_word' id='word_1_443' title='bbox 401 4288 585 4368; x_wconf 82' lang='grc' dir='ltr'><strong><em>ἡνωμένους</em></strong></span> <span class='ocrx_word' id='word_1_444' title='bbox 599 4293 648 4373; x_wconf 56' lang='grc' dir='ltr'><strong><em>’τῇ</em></strong></span> <span class='ocrx_word' id='word_1_445' title='bbox 663 4293 705 4375; x_wconf 87' lang='grc' dir='ltr'><strong>γῇ</strong></span> <span class='ocrx_word' id='word_1_446' title='bbox 720 4291 867 4363; x_wconf 89' lang='grc' dir='ltr'><strong><em>ἐνοίκους</em></strong></span> <span class='ocrx_word' id='word_1_447' title='bbox 882 4290 1060 4373; x_wconf 82' lang='grc' dir='ltr'><strong><em>ἀχρήστως</em></strong></span> <span class='ocrx_word' id='word_1_448' title='bbox 1076 4314 1125 4365; x_wconf 82' lang='grc' dir='ltr'><strong>τις</strong></span> <span class='ocrx_word' id='word_1_449' title='bbox 1220 4287 1351 4349; x_wconf 83' lang='grc' dir='ltr'><strong><em>ΟοΙοοοε</em></strong></span> <span class='ocrx_word' id='word_1_450' title='bbox 1374 4296 1471 4349; x_wconf 86' lang='lat' dir='ltr'><strong>terrae</strong></span> <span class='ocrx_word' id='word_1_451' title='bbox 1486 4287 1604 4349; x_wconf 88' lang='lat' dir='ltr'><strong>iunctos</strong></span> <span class='ocrx_word' id='word_1_452' title='bbox 1619 4286 1768 4349; x_wconf 89' lang='lat' dir='ltr'><strong>inutiliter</strong></span> <span class='ocrx_word' id='word_1_453' title='bbox 1781 4287 1849 4369; x_wconf 90' lang='lat' dir='ltr'><strong>quis</strong></span> <span class='ocrx_word' id='word_1_454' title='bbox 1865 4287 2054 4371; x_wconf 88' lang='lat' dir='ltr'><strong>[separatim]</strong></span> 
     </span>
     <span class='ocr_line' id='line_1_37' title="bbox 221 4391 2055 4480; baseline 0.001 -26"><span class='ocrx_word' id='word_1_455' title='bbox 221 4391 402 4472; x_wconf 83' lang='grc' dir='ltr'><strong><em>ληγατεόει·</em></strong></span> <span class='ocrx_word' id='word_1_456' title='bbox 425 4398 452 4456; x_wconf 86' lang='grc' dir='ltr'><strong><em>εί</em></strong></span> <span class='ocrx_word' id='word_1_457' title='bbox 476 4393 509 4457; x_wconf 82' lang='grc' dir='ltr'><strong>δὲ</strong></span> <span class='ocrx_word' id='word_1_458' title='bbox 533 4395 710 4480; x_wconf 78' lang='grc' dir='ltr'><strong><em>ἠβουλήθη</em></strong></span> <span class='ocrx_word' id='word_1_459' title='bbox 729 4399 748 4459; x_wconf 92' lang='grc' dir='ltr'><strong><em>δ</em></strong></span> <span class='ocrx_word' id='word_1_460' title='bbox 767 4396 974 4478; x_wconf 83' lang='grc' dir='ltr'><strong><em>διαθέμενος,</em></strong></span> <span class='ocrx_word' id='word_1_461' title='bbox 994 4397 1123 4460; x_wconf 88' lang='grc' dir='ltr'><strong><em>δίδοται</em></strong></span> <span class='ocrx_word' id='word_1_462' title='bbox 1152 4394 1247 4476; x_wconf 59' lang='lat' dir='ltr'><strong>legam</strong></span> <span class='ocrx_word' id='word_1_463' title='bbox 1276 4394 1301 4456; x_wconf 91' lang='lat' dir='ltr'><strong>si</strong></span> <span class='ocrx_word' id='word_1_464' title='bbox 1324 4414 1397 4456; x_wconf 91' lang='lat' dir='ltr'><strong>vero</strong></span> <span class='ocrx_word' id='word_1_465' title='bbox 1420 4394 1551 4458; x_wconf 86' lang='lat' dir='ltr'><strong>voluerit</strong></span> <span class='ocrx_word' id='word_1_466' title='bbox 1572 4402 1706 4467; x_wconf 83' lang='lat' dir='ltr'><strong>testator,</strong></span> <span class='ocrx_word' id='word_1_467' title='bbox 1728 4394 1819 4455; x_wconf 90' lang='lat' dir='ltr'><strong>datur</strong></span> <span class='ocrx_word' id='word_1_468' title='bbox 1841 4414 1944 4456; x_wconf 90' lang='lat' dir='ltr'><strong>eorum</strong></span> <span class='ocrx_word' id='word_1_469' title='bbox 1968 4395 2055 4456; x_wconf 85' lang='lat' dir='ltr'><strong>aesti-</strong></span> 
     </span>
     <span class='ocr_line' id='line_1_38' title="bbox 221 4498 2053 4586; baseline 0.001 -26"><span class='ocrx_word' id='word_1_470' title='bbox 221 4500 240 4574; x_wconf 90' lang='grc' dir='ltr'><strong><em>ή</em></strong></span> <span class='ocrx_word' id='word_1_471' title='bbox 264 4498 340 4580; x_wconf 85' lang='grc' dir='ltr'><strong><em>τιμή</em></strong></span> <span class='ocrx_word' id='word_1_472' title='bbox 365 4501 488 4563; x_wconf 78' lang='grc' dir='ltr'><strong><em>αὐτωνε</em></strong></span> <span class='ocrx_word' id='word_1_473' title='bbox 505 4538 547 4548; x_wconf 96' lang='grc'><strong>-</strong></span> <span class='ocrx_word' id='word_1_474' title='bbox 947 4504 982 4566; x_wconf 79' lang='lat' dir='ltr'><strong>ir.</strong></span> <span class='ocrx_word' id='word_1_475' title='bbox 1001 4507 1063 4566; x_wconf 82' lang='lat'><strong>112</strong></span> <span class='ocrx_word' id='word_1_476' title='bbox 1079 4527 1124 4586; x_wconf 91' lang='lat' dir='ltr'><strong>pr.</strong></span> <span class='ocrx_word' id='word_1_477' title='bbox 1152 4502 1254 4563; x_wconf 88' lang='lat' dir='ltr'><strong>matio.</strong></span> <span class='ocrx_word' id='word_1_478' title='bbox 1877 4499 1912 4561; x_wconf 86' lang='lat' dir='ltr'><strong>fr.</strong></span> <span class='ocrx_word' id='word_1_479' title='bbox 1931 4503 1992 4562; x_wconf 88' lang='lat'><strong>112</strong></span> <span class='ocrx_word' id='word_1_480' title='bbox 2009 4521 2053 4582; x_wconf 91' lang='lat' dir='ltr'><strong>pr.</strong></span> 
     </span>
    </p>

    <p class='ocr_par' dir='ltr' id='par_1_13' title="bbox 219 4602 2053 5010">
     <span class='ocr_line' id='line_1_39' title="bbox 280 4602 2053 4696; baseline -0.001 -27"><span class='ocrx_word' id='word_1_481' title='bbox 280 4602 364 4669; x_wconf 85' lang='grc' dir='ltr'><strong>Ὅσα</strong></span> <span class='ocrx_word' id='word_1_482' title='bbox 388 4629 437 4681; x_wconf 90' lang='grc' dir='ltr'><strong>τις</strong></span> <span class='ocrx_word' id='word_1_483' title='bbox 460 4612 494 4671; x_wconf 86' lang='grc' dir='ltr'><strong>ἐν</strong></span> <span class='ocrx_word' id='word_1_484' title='bbox 512 4607 663 4695; x_wconf 83' lang='grc' dir='ltr'><strong><em>διαθήκη</em></strong></span> <span class='ocrx_word' id='word_1_485' title='bbox 680 4612 841 4696; x_wconf 78' lang='grc' dir='ltr'><strong><em>ἐπιτρέψῃ</em></strong></span> <span class='ocrx_word' id='word_1_486' title='bbox 857 4610 1014 4690; x_wconf 88' lang='grc' dir='ltr'><strong><em>γίνεσθαι</em></strong></span> <span class='ocrx_word' id='word_1_487' title='bbox 1032 4608 1125 4694; x_wconf 86' lang='grc' dir='ltr'><strong><em>παρά</em></strong></span> <span class='ocrx_word' id='word_1_488' title='bbox 1217 4608 1437 4688; x_wconf 73' lang='lat' dir='ltr'><strong>Quaecumque</strong></span> <span class='ocrx_word' id='word_1_489' title='bbox 1467 4607 1535 4689; x_wconf 91' lang='lat' dir='ltr'><strong>quis</strong></span> <span class='ocrx_word' id='word_1_490' title='bbox 1565 4608 1597 4668; x_wconf 92' lang='lat' dir='ltr'><strong>in</strong></span> <span class='ocrx_word' id='word_1_491' title='bbox 1629 4615 1810 4669; x_wconf 86' lang='lat' dir='ltr'><strong>testamento</strong></span> <span class='ocrx_word' id='word_1_492' title='bbox 1841 4607 1960 4670; x_wconf 87' lang='lat' dir='ltr'><strong>iusserit</strong></span> <span class='ocrx_word' id='word_1_493' title='bbox 1990 4607 2053 4669; x_wconf 83' lang='lat' dir='ltr'><strong>fieri</strong></span> 
     </span>
     <span class='ocr_line' id='line_1_40' title="bbox 221 4708 2053 4801; baseline 0.001 -27"><span class='ocrx_word' id='word_1_494' title='bbox 221 4708 298 4786; x_wconf 83' lang='grc' dir='ltr'><strong><em>τοὺς</em></strong></span> <span class='ocrx_word' id='word_1_495' title='bbox 320 4713 441 4795; x_wconf 88' lang='grc' dir='ltr'><strong><em>νόμους</em></strong></span> <span class='ocrx_word' id='word_1_496' title='bbox 463 4713 483 4791; x_wconf 78' lang='lat' dir='ltr'><strong>l&gt;</strong></span> <span class='ocrx_word' id='word_1_497' title='bbox 506 4711 584 4789; x_wconf 85' lang='grc' dir='ltr'><strong><em>τοὺς</em></strong></span> <span class='ocrx_word' id='word_1_498' title='bbox 606 4712 765 4796; x_wconf 81' lang='grc' dir='ltr'><strong><em>ἀγαθοὺς</em></strong></span> <span class='ocrx_word' id='word_1_499' title='bbox 788 4718 932 4801; x_wconf 86' lang='grc' dir='ltr'><strong><em>τρόπους</em></strong></span> <span class='ocrx_word' id='word_1_500' title='bbox 950 4719 1012 4781; x_wconf 84' lang='grc' dir='ltr'><strong>οὐκ</strong></span> <span class='ocrx_word' id='word_1_501' title='bbox 1026 4721 1124 4801; x_wconf 81' lang='grc' dir='ltr'><strong><em>έρρω-</em></strong></span> <span class='ocrx_word' id='word_1_502' title='bbox 1152 4724 1257 4777; x_wconf 91' lang='lat' dir='ltr'><strong>eontra</strong></span> <span class='ocrx_word' id='word_1_503' title='bbox 1283 4714 1365 4793; x_wconf 85' lang='lat' dir='ltr'><strong>leges</strong></span> <span class='ocrx_word' id='word_1_504' title='bbox 1392 4714 1442 4777; x_wconf 87' lang='lat' dir='ltr'><strong>vel</strong></span> <span class='ocrx_word' id='word_1_505' title='bbox 1468 4714 1563 4776; x_wconf 91' lang='lat' dir='ltr'><strong>bonos</strong></span> <span class='ocrx_word' id='word_1_506' title='bbox 1590 4734 1700 4787; x_wconf 87' lang='lat' dir='ltr'><strong>mores,</strong></span> <span class='ocrx_word' id='word_1_507' title='bbox 1731 4733 1790 4774; x_wconf 90' lang='lat' dir='ltr'><strong>non</strong></span> <span class='ocrx_word' id='word_1_508' title='bbox 1820 4712 1936 4787; x_wconf 87' lang='lat' dir='ltr'><strong>valent,</strong></span> <span class='ocrx_word' id='word_1_509' title='bbox 1964 4714 2053 4776; x_wconf 90' lang='lat' dir='ltr'><strong>sicuti</strong></span> 
     </span>
     <span class='ocr_line' id='line_1_41' title="bbox 221 4817 1937 4910; baseline 0.004 -29"><span class='ocrx_word' id='word_1_510' title='bbox 221 4842 286 4899; x_wconf 88' lang='grc' dir='ltr'><strong><em>ται,</em></strong></span> <span class='ocrx_word' id='word_1_511' title='bbox 311 4817 415 4902; x_wconf 80' lang='grc' dir='ltr'><strong><em>ὥςπερ</em></strong></span> <span class='ocrx_word' id='word_1_512' title='bbox 440 4821 515 4884; x_wconf 79' lang='grc' dir='ltr'><strong><em>οὔτε</em></strong></span> <span class='ocrx_word' id='word_1_513' title='bbox 538 4820 632 4907; x_wconf 88' lang='grc' dir='ltr'><strong>παρά</strong></span> <span class='ocrx_word' id='word_1_514' title='bbox 650 4820 710 4886; x_wconf 86' lang='grc' dir='ltr'><strong><em>τὸν</em></strong></span> <span class='ocrx_word' id='word_1_515' title='bbox 725 4824 828 4904; x_wconf 91' lang='grc' dir='ltr'><strong><em>νόμον</em></strong></span> <span class='ocrx_word' id='word_1_516' title='bbox 843 4819 944 4907; x_wconf 82' lang='grc' dir='ltr'><strong><em>ὅρκος</em></strong></span> <span class='ocrx_word' id='word_1_517' title='bbox 959 4827 1123 4910; x_wconf 82' lang='grc' dir='ltr'><strong><em>ἐγγραφό-</em></strong></span> <span class='ocrx_word' id='word_1_518' title='bbox 1152 4840 1250 4902; x_wconf 79' lang='lat' dir='ltr'><strong>neque</strong></span> <span class='ocrx_word' id='word_1_519' title='bbox 1273 4830 1379 4882; x_wconf 73' lang='lat' dir='ltr'><strong>contra</strong></span> <span class='ocrx_word' id='word_1_520' title='bbox 1400 4820 1481 4900; x_wconf 76' lang='lat' dir='ltr'><strong>leges</strong></span> <span class='ocrx_word' id='word_1_521' title='bbox 1503 4820 1712 4881; x_wconf 69' lang='lat' dir='ltr'><strong>iusiurandum</strong></span> <span class='ocrx_word' id='word_1_522' title='bbox 1736 4820 1890 4900; x_wconf 77' lang='lat' dir='ltr'><strong>seriptum·</strong></span> <span class='ocrx_word' id='word_1_523' title='bbox 1932 4866 1937 4877; x_wconf 84' lang='lat'><strong>·</strong></span> 
     </span>
     <span class='ocr_line' id='line_1_42' title="bbox 219 4926 2052 5010; baseline -0.001 -22"><span class='ocrx_word' id='word_1_524' title='bbox 219 4948 328 5007; x_wconf 77' lang='grc' dir='ltr'><strong><em>μενοςτ</em></strong></span> <span class='ocrx_word' id='word_1_525' title='bbox 346 4964 388 4974; x_wconf 89' lang='grc'><strong>-</strong></span> <span class='ocrx_word' id='word_1_526' title='bbox 871 4931 906 4993; x_wconf 84' lang='lat' dir='ltr'><strong>fr.</strong></span> <span class='ocrx_word' id='word_1_527' title='bbox 925 4934 996 4995; x_wconf 82' lang='lat'>112.</span> <span class='ocrx_word' id='word_1_528' title='bbox 1014 4939 1030 5010; x_wconf 91' lang='lat'>5</span> <span class='ocrx_word' id='word_1_529' title='bbox 1048 4933 1077 4994; x_wconf 86' lang='grc'><strong>3.</strong></span> <span class='ocrx_word' id='word_1_530' title='bbox 1093 4937 1122 4995; x_wconf 89' lang='grc'><strong>4.</strong></span> <span class='ocrx_word' id='word_1_531' title='bbox 1801 4926 1836 4988; x_wconf 82' lang='lat' dir='ltr'><strong>fr.</strong></span> <span class='ocrx_word' id='word_1_532' title='bbox 1855 4928 1927 4988; x_wconf 85' lang='lat'>112.</span> <span class='ocrx_word' id='word_1_533' title='bbox 1944 4932 1960 5003; x_wconf 97' lang='lat'>5</span> <span class='ocrx_word' id='word_1_534' title='bbox 1978 4932 2007 4988; x_wconf 86' lang='lat'><strong>3.</strong></span> <span class='ocrx_word' id='word_1_535' title='bbox 2023 4930 2052 4988; x_wconf 83' lang='lat'><strong>4.</strong></span> 
     </span>
    </p>

    <p class='ocr_par' dir='ltr' id='par_1_14' title="bbox 221 5032 2072 5227">
     <span class='ocr_line' id='line_1_43' title="bbox 283 5032 2053 5124; baseline -0.002 -27"><span class='ocrx_word' id='word_1_536' title='bbox 283 5034 330 5096; x_wconf 87' lang='lat' dir='ltr'><strong>‘H</strong></span> <span class='ocrx_word' id='word_1_537' title='bbox 347 5038 419 5118; x_wconf 81' lang='grc' dir='ltr'><strong><em>περὶ</em></strong></span> <span class='ocrx_word' id='word_1_538' title='bbox 444 5033 504 5112; x_wconf 84' lang='grc' dir='ltr'><strong><em>τήν</em></strong></span> <span class='ocrx_word' id='word_1_539' title='bbox 527 5036 686 5113; x_wconf 82' lang='grc' dir='ltr'><strong><em>πολυτελῆ</em></strong></span> <span class='ocrx_word' id='word_1_540' title='bbox 710 5036 862 5112; x_wconf 90' lang='grc' dir='ltr'><strong><em>δαπάνην</em></strong></span> <span class='ocrx_word' id='word_1_541' title='bbox 884 5049 996 5124; x_wconf 89' lang='grc' dir='ltr'><strong><em>ταφῆς</em></strong></span> <span class='ocrx_word' id='word_1_542' title='bbox 1011 5040 1122 5120; x_wconf 84' lang='grc' dir='ltr'><strong><em>γνώμη</em></strong></span> <span class='ocrx_word' id='word_1_543' title='bbox 1216 5034 1382 5097; x_wconf 84' lang='lat' dir='ltr'><strong>Testatoris</strong></span> <span class='ocrx_word' id='word_1_544' title='bbox 1404 5033 1547 5096; x_wconf 87' lang='lat' dir='ltr'><strong>voluntas</strong></span> <span class='ocrx_word' id='word_1_545' title='bbox 1570 5034 1650 5095; x_wconf 92' lang='lat' dir='ltr'><strong>circa</strong></span> <span class='ocrx_word' id='word_1_546' title='bbox 1676 5034 1776 5094; x_wconf 85' lang='lat' dir='ltr'><strong>varias</strong></span> <span class='ocrx_word' id='word_1_547' title='bbox 1803 5032 1978 5114; x_wconf 88' lang='lat' dir='ltr'><strong>sepulturae</strong></span> <span class='ocrx_word' id='word_1_548' title='bbox 1999 5034 2053 5094; x_wconf 91' lang='lat' dir='ltr'><strong>im·</strong></span> 
     </span>
     <span class='ocr_line' id='line_1_44' title="bbox 221 5130 2072 5227; baseline 0 -25"><span class='ocrx_word' id='word_1_549' title='bbox 221 5149 280 5203; x_wconf 84' lang='grc' dir='ltr'><strong><em>τοῦ</em></strong></span> <span class='ocrx_word' id='word_1_550' title='bbox 304 5140 507 5222; x_wconf 77' lang='grc' dir='ltr'><strong><em>διαθεμένου</em></strong></span> <span class='ocrx_word' id='word_1_551' title='bbox 529 5143 590 5205; x_wconf 84' lang='grc' dir='ltr'><strong>οὐκ</strong></span> <span class='ocrx_word' id='word_1_552' title='bbox 613 5146 770 5227; x_wconf 77' lang='grc' dir='ltr'><strong><em>έρρωταιι</em></strong></span> <span class='ocrx_word' id='word_1_553' title='bbox 787 5180 829 5190; x_wconf 89' lang='grc'>-</span> <span class='ocrx_word' id='word_1_554' title='bbox 915 5144 951 5208; x_wconf 87' lang='lat' dir='ltr'><strong>fr.</strong></span> <span class='ocrx_word' id='word_1_555' title='bbox 970 5148 1041 5207; x_wconf 83' lang='lat'>113.</span> <span class='ocrx_word' id='word_1_556' title='bbox 1059 5152 1075 5223; x_wconf 89' lang='lat'>5</span> <span class='ocrx_word' id='word_1_557' title='bbox 1093 5150 1121 5208; x_wconf 92' lang='grc'><strong>5.</strong></span> <span class='ocrx_word' id='word_1_558' title='bbox 1148 5162 1260 5223; x_wconf 91' lang='lat' dir='ltr'><strong>pensas</strong></span> <span class='ocrx_word' id='word_1_559' title='bbox 1283 5162 1343 5202; x_wconf 92' lang='lat' dir='ltr'><strong>non</strong></span> <span class='ocrx_word' id='word_1_560' title='bbox 1366 5139 1456 5203; x_wconf 87' lang='lat' dir='ltr'><strong>valet</strong></span> <span class='ocrx_word' id='word_1_561' title='bbox 1847 5139 1882 5200; x_wconf 84' lang='lat' dir='ltr'><strong>fr.</strong></span> <span class='ocrx_word' id='word_1_562' title='bbox 1901 5143 1973 5202; x_wconf 88' lang='lat'>113.</span> <span class='ocrx_word' id='word_1_563' title='bbox 1990 5147 2006 5217; x_wconf 88' lang='lat'>5</span> <span class='ocrx_word' id='word_1_564' title='bbox 2024 5144 2053 5202; x_wconf 92' lang='grc'><strong>5.</strong></span> <span class='ocrx_word' id='word_1_565' title='bbox 2070 5130 2072 5133; x_wconf 54' lang='grc'><strong>’</strong></span> 
     </span>
    </p>

    <p class='ocr_par' dir='ltr' id='par_1_15' title="bbox 220 5245 2052 5436">
     <span class='ocr_line' id='line_1_45' title="bbox 290 5245 1919 5332; baseline -0.002 -21"><span class='ocrx_word' id='word_1_566' title='bbox 290 5245 336 5311; x_wconf 85' lang='grc' dir='ltr'><strong>Οὐ</strong></span> <span class='ocrx_word' id='word_1_567' title='bbox 363 5249 472 5323; x_wconf 81' lang='grc' dir='ltr'><strong><em>καλῶς</em></strong></span> <span class='ocrx_word' id='word_1_568' title='bbox 500 5245 591 5323; x_wconf 83' lang='grc' dir='ltr'><strong><em>οἶκος</em></strong></span> <span class='ocrx_word' id='word_1_569' title='bbox 619 5247 668 5313; x_wconf 77' lang='grc' dir='ltr'><strong>ἐπὶ</strong></span> <span class='ocrx_word' id='word_1_570' title='bbox 693 5254 740 5331; x_wconf 78' lang='grc' dir='ltr'><strong><em>τῷ</em></strong></span> <span class='ocrx_word' id='word_1_571' title='bbox 762 5250 999 5327; x_wconf 80' lang='grc' dir='ltr'><strong><em>καταλυθῆναι</em></strong></span> <span class='ocrx_word' id='word_1_572' title='bbox 1024 5251 1121 5332; x_wconf 83' lang='grc' dir='ltr'><strong><em>ληγα·</em></strong></span> <span class='ocrx_word' id='word_1_573' title='bbox 1215 5248 1285 5309; x_wconf 88' lang='lat' dir='ltr'><strong>Non</strong></span> <span class='ocrx_word' id='word_1_574' title='bbox 1308 5257 1389 5309; x_wconf 88' lang='lat' dir='ltr'><strong>recte</strong></span> <span class='ocrx_word' id='word_1_575' title='bbox 1411 5247 1519 5308; x_wconf 92' lang='lat' dir='ltr'><strong>domus</strong></span> <span class='ocrx_word' id='word_1_576' title='bbox 1542 5256 1577 5309; x_wconf 93' lang='lat' dir='ltr'><strong>ut</strong></span> <span class='ocrx_word' id='word_1_577' title='bbox 1599 5247 1772 5310; x_wconf 89' lang='lat' dir='ltr'><strong>destruatur</strong></span> <span class='ocrx_word' id='word_1_578' title='bbox 1793 5246 1919 5327; x_wconf 78' lang='lat' dir='ltr'><strong>legatur.</strong></span> 
     </span>
     <span class='ocr_line' id='line_1_46' title="bbox 220 5353 2052 5436; baseline -0.001 -20"><span class='ocrx_word' id='word_1_579' title='bbox 220 5353 359 5419; x_wconf 76' lang='grc' dir='ltr'><strong><em>τεόεταιι</em></strong></span> <span class='ocrx_word' id='word_1_580' title='bbox 376 5354 439 5402; x_wconf 81' lang='lat'><strong>—⁶</strong></span> <span class='ocrx_word' id='word_1_581' title='bbox 916 5359 951 5420; x_wconf 79' lang='lat' dir='ltr'><strong>ir.</strong></span> <span class='ocrx_word' id='word_1_582' title='bbox 971 5362 1041 5420; x_wconf 93' lang='grc'><strong>115.</strong></span> <span class='ocrx_word' id='word_1_583' title='bbox 1059 5366 1074 5436; x_wconf 87' lang='lat'>5</span> <span class='ocrx_word' id='word_1_584' title='bbox 1094 5364 1123 5422; x_wconf 86' lang='grc'><strong>0.</strong></span> <span class='ocrx_word' id='word_1_585' title='bbox 1847 5354 1882 5415; x_wconf 84' lang='lat' dir='ltr'><strong>fr.</strong></span> <span class='ocrx_word' id='word_1_586' title='bbox 1901 5355 1972 5415; x_wconf 88' lang='grc'><strong>115.</strong></span> <span class='ocrx_word' id='word_1_587' title='bbox 1989 5359 2005 5430; x_wconf 97' lang='lat'>5</span> <span class='ocrx_word' id='word_1_588' title='bbox 2024 5354 2052 5415; x_wconf 89' lang='grc'><strong>9.</strong></span> 
     </span>
    </p>

    <p class='ocr_par' dir='ltr' id='par_1_16' title="bbox 286 5457 2052 5551">
     <span class='ocr_line' id='line_1_47' title="bbox 286 5457 2052 5551; baseline -0.003 -26"><span class='ocrx_word' id='word_1_589' title='bbox 286 5462 427 5525; x_wconf 86' lang='grc' dir='ltr'><strong><em>Παίδων</em></strong></span> <span class='ocrx_word' id='word_1_590' title='bbox 448 5463 758 5551; x_wconf 84' lang='grc' dir='ltr'><strong><em>καταλειφθέντων,</em></strong></span> <span class='ocrx_word' id='word_1_591' title='bbox 781 5462 846 5527; x_wconf 87' lang='grc' dir='ltr'><strong>κάν</strong></span> <span class='ocrx_word' id='word_1_592' title='bbox 862 5463 905 5546; x_wconf 81' lang='grc' dir='ltr'><strong>μή</strong></span> <span class='ocrx_word' id='word_1_593' title='bbox 920 5464 1122 5549; x_wconf 89' lang='grc' dir='ltr'><strong><em>κληρονομή-</em></strong></span> <span class='ocrx_word' id='word_1_594' title='bbox 1217 5460 1306 5522; x_wconf 87' lang='lat' dir='ltr'><strong>Filiis</strong></span> <span class='ocrx_word' id='word_1_595' title='bbox 1327 5460 1448 5534; x_wconf 89' lang='lat' dir='ltr'><strong>relictis,</strong></span> <span class='ocrx_word' id='word_1_596' title='bbox 1471 5460 1562 5522; x_wconf 89' lang='lat' dir='ltr'><strong>etiam</strong></span> <span class='ocrx_word' id='word_1_597' title='bbox 1579 5461 1604 5522; x_wconf 93' lang='lat' dir='ltr'><strong>si</strong></span> <span class='ocrx_word' id='word_1_598' title='bbox 1620 5461 1699 5541; x_wconf 87' lang='lat' dir='ltr'><strong>patri</strong></span> <span class='ocrx_word' id='word_1_599' title='bbox 1714 5461 1838 5522; x_wconf 86' lang='lat' dir='ltr'><strong>heredes</strong></span> <span class='ocrx_word' id='word_1_600' title='bbox 1853 5479 1915 5521; x_wconf 91' lang='lat' dir='ltr'><strong>non</strong></span> <span class='ocrx_word' id='word_1_601' title='bbox 1932 5457 2052 5534; x_wconf 83' lang='lat' dir='ltr'><strong>iuerint,</strong></span> 
     </span>
    </p>
   </div>
   <div class='ocr_carea' id='block_1_3' title="bbox 219 5566 2051 5758">
    <p class='ocr_par' dir='ltr' id='par_1_17' title="bbox 219 5566 2051 5758">
     <span class='ocr_line' id='line_1_48' title="bbox 219 5566 1985 5656; baseline -0.002 -26"><span class='ocrx_word' id='word_1_602' title='bbox 219 5591 303 5631; x_wconf 92' lang='grc' dir='ltr'><strong><em>σωσι</em></strong></span> <span class='ocrx_word' id='word_1_603' title='bbox 336 5578 398 5633; x_wconf 84' lang='grc' dir='ltr'><strong><em>τοῦ</em></strong></span> <span class='ocrx_word' id='word_1_604' title='bbox 429 5567 570 5655; x_wconf 83' lang='grc' dir='ltr'><strong><em>πατρὸς,</em></strong></span> <span class='ocrx_word' id='word_1_605' title='bbox 609 5570 785 5656; x_wconf 83' lang='grc' dir='ltr'><strong><em>σβέννυται</em></strong></span> <span class='ocrx_word' id='word_1_606' title='bbox 823 5572 842 5647; x_wconf 81' lang='grc' dir='ltr'><strong><em>η</em></strong></span> <span class='ocrx_word' id='word_1_607' title='bbox 875 5582 933 5648; x_wconf 91' lang='grc' dir='ltr'><strong><em>τῆς</em></strong></span> <span class='ocrx_word' id='word_1_608' title='bbox 965 5570 1124 5645; x_wconf 89' lang='grc' dir='ltr'><strong><em>ἀπαιδίας</em></strong></span> <span class='ocrx_word' id='word_1_609' title='bbox 1150 5569 1339 5646; x_wconf 80' lang='lat' dir='ltr'><strong>extinguitur</strong></span> <span class='ocrx_word' id='word_1_610' title='bbox 1361 5567 1498 5630; x_wconf 89' lang='lat' dir='ltr'><strong>condicio</strong></span> <span class='ocrx_word' id='word_1_611' title='bbox 1520 5567 1564 5641; x_wconf 91' lang='lat' dir='ltr'><strong>„si</strong></span> <span class='ocrx_word' id='word_1_612' title='bbox 1587 5566 1652 5629; x_wconf 89' lang='lat' dir='ltr'><strong>sine</strong></span> <span class='ocrx_word' id='word_1_613' title='bbox 1674 5567 1776 5629; x_wconf 90' lang='lat' dir='ltr'><strong>liberis</strong></span> <span class='ocrx_word' id='word_1_614' title='bbox 1799 5567 1985 5628; x_wconf 86' lang='lat' dir='ltr'><strong>decesserit“.</strong></span> 
     </span>
     <span class='ocr_line' id='line_1_49' title="bbox 219 5673 2051 5758; baseline -0.003 -19"><span class='ocrx_word' id='word_1_615' title='bbox 219 5674 357 5758; x_wconf 75' lang='grc' dir='ltr'><strong><em>αίρεσιςτ</em></strong></span> <span class='ocrx_word' id='word_1_616' title='bbox 373 5713 415 5723; x_wconf 90' lang='grc'>-</span> <span class='ocrx_word' id='word_1_617' title='bbox 894 5679 931 5740; x_wconf 83' lang='lat' dir='ltr'><strong>ir.</strong></span> <span class='ocrx_word' id='word_1_618' title='bbox 948 5681 1019 5741; x_wconf 93' lang='grc'><strong>115.</strong></span> <span class='ocrx_word' id='word_1_619' title='bbox 1037 5685 1053 5755; x_wconf 93' lang='lat'>5</span> <span class='ocrx_word' id='word_1_620' title='bbox 1074 5682 1122 5740; x_wconf 89' lang='grc'><strong>13.</strong></span> <span class='ocrx_word' id='word_1_621' title='bbox 1823 5673 1859 5735; x_wconf 82' lang='lat' dir='ltr'><strong>fr.</strong></span> <span class='ocrx_word' id='word_1_622' title='bbox 1878 5676 1948 5734; x_wconf 92' lang='grc'><strong>115.</strong></span> <span class='ocrx_word' id='word_1_623' title='bbox 1966 5679 1982 5749; x_wconf 88' lang='lat'>5</span> <span class='ocrx_word' id='word_1_624' title='bbox 2003 5674 2051 5734; x_wconf 84' lang='grc'><strong>13.</strong></span> 
     </span>
    </p>
   </div>
   <div class='ocr_carea' id='block_1_4' title="bbox 218 5922 1123 6153">
    <p class='ocr_par' dir='ltr' id='par_1_18' title="bbox 218 5922 1123 6153">
     <span class='ocr_line' id='line_1_50' title="bbox 291 5922 1123 5995; baseline -0.004 -15"><span class='ocrx_word' id='word_1_625' title='bbox 291 5926 300 5956; x_wconf 92' lang='lat'><strong>¹</strong></span> <span class='ocrx_word' id='word_1_626' title='bbox 318 5924 404 5980; x_wconf 88' lang='lat' dir='ltr'><strong>habet</strong></span> <span class='ocrx_word' id='word_1_627' title='bbox 416 5923 483 5995; x_wconf 83' lang='lat' dir='ltr'><strong>Syn.</strong></span> <span class='ocrx_word' id='word_1_628' title='bbox 556 5923 568 5957; x_wconf 86' lang='lat'><strong>¹</strong></span> <span class='ocrx_word' id='word_1_629' title='bbox 586 5942 619 5980; x_wconf 85' lang='lat' dir='ltr'><strong>er</strong></span> <span class='ocrx_word' id='word_1_630' title='bbox 633 5924 747 5981; x_wconf 90' lang='lat' dir='ltr'><strong>scholiis</strong></span> <span class='ocrx_word' id='word_1_631' title='bbox 759 5924 824 5980; x_wconf 86' lang='lat' dir='ltr'><strong>Bas.</strong></span> <span class='ocrx_word' id='word_1_632' title='bbox 838 5924 869 5979; x_wconf 82' lang='lat' dir='ltr'><strong>F.</strong></span> <span class='ocrx_word' id='word_1_633' title='bbox 880 5923 936 5978; x_wconf 92' lang='lat' dir='ltr'><strong>Hb.</strong></span> <span class='ocrx_word' id='word_1_634' title='bbox 1009 5922 1123 5978; x_wconf 74' lang='lat' dir='ltr'><strong>⁸habet</strong></span> 
     </span>
     <span class='ocr_line' id='line_1_51' title="bbox 218 6011 828 6084; baseline 0 -16"><span class='ocrx_word' id='word_1_635' title='bbox 218 6011 285 6083; x_wconf 85' lang='lat' dir='ltr'><strong>Syn.</strong></span> <span class='ocrx_word' id='word_1_636' title='bbox 356 6012 472 6069; x_wconf 78' lang='lat' dir='ltr'><strong>‘habet</strong></span> <span class='ocrx_word' id='word_1_637' title='bbox 490 6013 556 6084; x_wconf 89' lang='lat' dir='ltr'><strong>Syn.</strong></span> <span class='ocrx_word' id='word_1_638' title='bbox 629 6015 640 6046; x_wconf 75' lang='lat'>⁵</span> <span class='ocrx_word' id='word_1_639' title='bbox 658 6013 744 6068; x_wconf 88' lang='lat' dir='ltr'><strong>habet</strong></span> <span class='ocrx_word' id='word_1_640' title='bbox 762 6013 828 6084; x_wconf 83' lang='lat' dir='ltr'><strong>Syn.</strong></span> 
     </span>
     <span class='ocr_line' id='line_1_52' title="bbox 280 6111 451 6153; baseline 0.006 -1"><span class='ocrx_word' id='word_1_641' title='bbox 280 6111 346 6153; x_wconf 68' lang='lat' dir='ltr'><strong>nun.</strong></span> <span class='ocrx_word' id='word_1_642' title='bbox 366 6111 451 6153; x_wconf 64' lang='lat' dir='ltr'><strong>mvn.</strong></span> 
     </span>
    </p>
   </div>
   <div class='ocr_carea' id='block_1_5' title="bbox 0 0 2426 7016">
    <p class='ocr_par' dir='ltr' id='par_1_19' title="bbox 0 0 2426 7016">
     <span class='ocr_line' id='line_1_53' title="bbox 0 0 2426 7016; baseline 0 0"><span class='ocrx_word' id='word_1_643' title='bbox 0 0 2426 7016; x_wconf 95' lang='lat' dir='ltr'><strong> </strong></span> 
     </span>
    </p>
   </div>
  </div>
 </body>
</html>
