4876 7034
1148 497 1494 565 ruuuuuouuur.

1279 676 1317 767 §-
1359 675 1397 747 3.

482 817 595 886 Codex
615 819 648 886 S.
667 817 824 906 Sepulcri,
845 822 969 910 dequo
990 823 1142 903 diximus,
1163 824 1421 893 membranaceus
1444 837 1504 905 est,
1527 826 1561 889 in
1580 824 1684 890 iortna
1703 835 1825 911 quarta,
1844 790 1938 908 quam
1959 834 2085 903 vocant,
2108 833 2271 887 exmatus.

398 922 533 987 Constat
559 922 654 987 bodie
680 920 768 988 ioiiis
793 929 874 999 222;
902 926 993 990 initio
1023 939 1128 992 autem
1161 926 1293 999 mutilus
1321 943 1391 1011 est,
1421 941 1516 1014 atque
1538 930 1634 992 etiam
1656 931 1687 993 in
1715 926 1820 992 medio
1841 926 1958 994 Codice
1978 927 2131 1012 quaedam
2152 926 2273 1012 passim

397 1024 477 1091 folia
499 1026 691 1092 exciderunt.
727 1023 894 1090 Continet:

482 1128 508 1194 l.
552 1126 622 1193 Foi.
640 1133 778 1194 1-210
801 1125 1072 1194 Constantini
1093 1129 1393 1219 Harmenopuii
1414 1130 1709 1197 llexabibium.
1737 1131 1805 1215 (Ci.
1822 1127 2014 1196 Deruentio
2036 1129 2066 1206 i.
2081 1131 2151 1211 19.)
2174 1126 2271 1192 doit

398 1234 509 1320 incipit
532 1233 565 1296 in
587 1229 652 1296 fine
674 1232 822 1316 μιλίτης,
853 1252 935 1318 quae
955 1231 1014 1297 sub
1037 1231 1146 1298 titulo:
1177 1237 1301 1319 Κριτιῦν
1322 1233 1570 1321 νιροιατσίστασις
1592 1231 1777 1299 Hexabibio
1798 1238 1983 1324 praeposita
2004 1245 2062 1297 est
2105 1229 2183 1295 Post
2203 1252 2273 1295 eam

397 1349 463 1400 est:
497 1332 688 1417 Κατάκρισις
709 1333 869 1398 ἐντεθεῖσα
901 1334 943 1410 τίς
964 1339 1039 1412 τούς
1061 1332 1165 1419 κριτὰς
1185 1336 1269 1420 παρὰ
1293 1338 1415 1412 λίοντος
1436 1337 1487 1402 καὶ
1510 1333 1695 1420 ἄλεξοίνδροο
1716 1358 1736 1400 a
1757 1336 1973 1403 Luuucusvto
1993 1335 2089 1400 edita.
2129 1331 2277 1417 Sequitur

397 1435 508 1502 titulus
536 1448 568 1498 et
593 1434 778 1520 protheoria
809 1448 841 1498 et
868 1436 964 1500 index
995 1438 1123 1524 operis,
1156 1453 1189 1502 et
1218 1439 1264 1502 sic
1293 1439 1417 1503 demum
1446 1437 1543 1503 totu
1571 1440 1682 1524 incipit
1703 1436 1875 1504 Hexabibii
1897 1436 1992 1505 lib.l
2020 1439 2065 1501 tit.
2083 1444 2110 1501 1.
2153 1432 2189 1498 ln
2211 1433 2276 1499 fine

396 1538 472 1605 libri
487 1536 534 1602 Vl
556 1534 628 1621 (iol.
645 1540 719 1602 2⁰2.
744 1535 774 1601 b.
798 1542 883 1624 sqq.)
913 1538 1087 1606 adduntur:
1112 1539 1238 1624 “Esrpor
1260 1542 1356 1606 τίτλοι
1386 1539 1550 1626 διάφοροι,
1580 1542 1744 1621 (nimirum
1768 1542 1836 1628 περλ
1862 1537 2048 1622 ἀξιωμάτων
2070 1541 2110 1605 τί.
2132 1537 2174 1621 α’,
2209 1538 2277 1621 περί

398 1640 536 1707 κανόνων
561 1636 720 1725 διαφόρων
749 1641 790 1703 τί.
811 1637 855 1721 μί,
885 1644 951 1725 περὶ
978 1643 1134 1725 σημασίας
1159 1640 1321 1724 ὀνομάτων
1348 1645 1385 1708 τί.
1402 1641 1442 1730 7‘,
1474 1644 1540 1726 aspi
1567 1645 1755 1726 χειροτονίας
1777 1638 1952 1709 intorsimus
1981 1643 2032 1707 sul
2061 1640 2277 1727 πρισβατίρων

397 1745 436 1808 τί.
457 1740 513 1828 d',)
544 1743 732 1827 inquorum
755 1738 985 1809 fineiol.2ii).
1008 1742 1129 1808 bbaec
1151 1758 1229 1808 nota
1252 1741 1385 1829 legitur:
1417 1744 1513 1820 Τίλος
1537 1744 1595 1809 σὺν
1616 1749 1683 1832 θεῷ
1700 1742 1802 1827 πάσης
1823 1750 1880 1827 τῆς
1900 1741 2075 1826 ἕξαβίβλου.
2111 1738 2277 1823 ίτιλιιῶθη

398 1845 434 1910 τὸ
464 1843 565 1930 παρὸν
585 1843 708 1926 βιβλίον
739 1842 815 1926 μηνλ
844 1845 1014 1931 δικεμβρίηι
1034 1846 1095 1909 ίνδ.
1117 1844 1142 1923 ζ’
1164 1844 1253 1920 ἴτοος
1275 1844 1377 1933 ,wlff
1394 1866 1403 1908 ε
1421 1881 1460 1893 -
1480 1844 1510 1910 oi
1531 1843 1790 1929 ἀναγινώσκοντες
1814 1845 1963 1929 εὔχεσθαι
1991 1843 2029 1929 (Ι.
2052 1843 2196 1927 εὔχεσθε)
2226 1841 2278 1907 διὰ

397 1946 453 2012 τὸν
473 1944 589 2028 κύριον.
620 1983 662 1993 -
690 1948 712 2011 i.
735 1966 764 2010 e.
787 1940 883 2008 tuso
906 1966 975 2010 cum
997 1941 1071 2011 Deo
1093 1952 1195 2012 totius
1217 1943 1409 2012 Hecabs'blr’.
1450 1943 1587 2011 Finitus
1617 1955 1669 2011 ert
1686 1967 1851 2032 praetem
1872 1945 1955 2013 liber
1976 1966 2082 2013 stem
2103 1942 2281 2010 Drcssrbrs’

399 2046 474 2113 lud.
505 2044 577 2111 VH
594 2066 681 2111 ονινια
709 2041 1025 2112 VIMDCCCLXII
1041 2049 1087 2134 (p.
1111 2046 1187 2114 Chr.
1208 2072 1240 2113 n.
1257 2052 1364 2133 1321).
1407 2047 1471 2124 Qus·
1491 2050 1614 2133 legitis,
1637 2058 1735 2115 orote
1751 2070 1817 2136 prr
1839 2050 2007 2116 ιίονιιίιιιιιιι.

483 2148 523 2214 ll.
550 2146 641 2213 Folia
663 2155 721 2216 211
746 2170 812 2237 sqq.
836 2148 902 2214 alia
919 2153 1089 2216 recentiori
1111 2172 1207 2217 manu
1227 2166 1361 2217 exarata
1383 2165 1467 2218 sunt.
1498 2150 1707 2217 Continentur
1730 2154 1789 2217 iis:
1813 2152 1953 2217 Donatio
1973 2149 2217 2217 aConstantino
2231 2146 2277 2212 M.

399 2254 433 2316 in
448 2248 646 2336 Syivestrum
662 2248 843 2338 pontificem
858 2250 985 2335 collata,
1006 2266 1072 2321 tres
1086 2256 1164 2318 tomi
1181 2255 1334 2339 synodici,
1359 2252 1449 2339 leges
1465 2258 1613 2334 rusticae,
1635 2254 1807 2320 corollaria
1823 2257 1977 2343 quaedam
1992 2256 2032 2319 ad
2048 2250 2276 2332 Hexabiblusn,

398 2352 631 2441 Harmenopuii
654 2355 693 2418 de
718 2353 899 2419 orthodoxe
917 2351 981 2420 fide
1003 2368 1035 2420 st
1056 2356 1096 2420 de
1118 2360 1215 2421 sectis
1235 2354 1376 2439 iibeiius,
1398 2354 1505 2421 oificia
1527 2356 1649 2444 palatii,
1672 2358 1839 2445 dispositio
1862 2356 2058 2438 thronorum,
2082 2375 2163 2442 quae
2183 2356 2279 2420 etiam

399 2460 432 2521 in
455 2453 528 2522 aliis
549 2453 726 2523 llexabibii
750 2452 922 2523 Codicibus
944 2456 1126 2546 appendicis
1151 2456 1223 2523 ioco
1245 2459 1406 2545 adscripta
1427 2462 1673 2548 reperiuntnr‘).

1280 2654 1318 2745 s.
1361 2655 1399 2725 ι.

485 2810 578 2880 Folia
601 2811 766 2893 ἰ1111222,
790 2810 905 2899 quibus
937 2807 1049 2876 Codex
1072 2808 1106 2874 S.
1129 2807 1272 2898 Sepulcri
1303 2824 1444 2896 constat,
1477 2833 1520 2877 ex
1547 2809 1619 2878 eliis
1648 2812 1880 2900 antiquioribus
1902 2809 2074 2877 Codicibus
2106 2821 2210 2876 sumta
2236 2820 2280 2887 st,

401 2920 502 2986 veteri
524 2919 678 3005 scriptura
699 2913 858 2980 abluendo
880 2911 1003 2994 delete,
1023 2915 1180 2999 rescripta
1202 2926 1283 2979 sunt.
1327 2914 1368 2979 Et
1390 2916 1516 3001 quidem

486 3026 515 3084 1.
556 3017 635 3084 lolia
655 3021 769 3082 217-
784 3021 847 3083 222
869 3015 982 3083 avulsa
1003 3028 1077 3082 sunt
1095 3036 1135 3081 er
1155 3013 1274 3081 Codice
1295 3018 1514 3104 antiquissimo
1532 3017 1713 3083 uncisiibus
1734 3015 1835 3083 literis
1857 3020 1890 3082 in
1910 3016 2014 3081 forma
2034 3027 2146 3102 quarta
2167 3012 2281 3078 msiori

401 3135 545 3200 exarato,
567 3142 659 3209 quem
679 3116 808 3183 saeculo
832 3117 896 3185 Vll
917 3116 968 3185 vei
990 3116 1073 3184 Vlli
1096 3117 1296 3183 tribuendum
1318 3140 1390 3184 esse
1413 3119 1607 3185 crediderim.
1651 3120 1685 3184 ls
1707 3115 1820 3185 Codex
1843 3131 2018 3184 atramento
2040 3119 2175 3203 scriptus
2202 3127 2280 3189 erat,

403 3226 487 3314 quod
507 3225 655 3291 remediis
673 3221 877 3308 reagentibus
895 3222 1015 3288 frustra
1039 3242 1190 3286 revocare
1209 3221 1326 3285 studui.
1368 3222 1474 3288 Pauca
1496 3235 1616 3287 tantum
1635 3220 1735 3288 verbe
1757 3220 1823 3308 legi
1844 3232 2031 3309 potuerunt,
2062 3239 2143 3306 quae
2164 3215 2281 3282 librum

302 3342 308 3355 ’
403 3328 663 3402 ecclesiasticum,
687 3336 764 3412 puta
785 3321 907 3406 ὁμιλίας
924 3321 1145 3409 complexum,
1167 3322 1352 3388 indicerent.

487 3437 517 3495 2.
561 3426 695 3513 Reliqua
715 3424 796 3491 iolie
817 3427 959 3510 (praeter
980 3422 1035 3488 iol.
1047 3430 1090 3490 22
1111 3438 1143 3490 et
1163 3427 1220 3507 29)
1241 3422 1318 3489 oiim
1337 3425 1539 3512 pertinebant
1560 3425 1601 3489 ad
1621 3430 1730 3507 τεῦχος
1753 3431 1815 3492 τῶν
1837 3430 2014 3507 βασιλικῶν.
2058 3421 2091 3488 la
2114 3420 2228 3488 Codex
2249 3423 2283 3486 iu

404 3532 483 3597 iolio
514 3544 665 3595 exaratus
689 3528 759 3608 iuit,
792 3530 837 3592 ita
866 3540 903 3592 nt
932 3548 975 3592 ex
1003 3524 1139 3615 singuiis
1167 3529 1238 3591 eius
1261 3525 1365 3607 ioiiis,
1397 3530 1471 3594 dum
1493 3526 1761 3606 rescriberentur,
1789 3527 1867 3593 bina
1893 3526 1972 3592 ioiia
2000 3525 2114 3592 effecta
2137 3527 2218 3603 sint,
2249 3527 2283 3588 in

405 3633 520 3721 quibus
539 3630 644 3696 lineae
664 3633 840 3715 scripturae
860 3630 1048 3715 antiquioris
1077 3649 1097 3692 a
1116 3627 1210 3693 lineis
1231 3635 1405 3717 scripturae
1425 3634 1610 3696 recentioris
1635 3645 1791 3696 secantur.
1836 3628 1885 3695 lta
1913 3629 2007 3695 hodie
2031 3626 2111 3693 ioiia
2133 3629 2284 3716 primitivi

405 3733 535 3801 Codicis
554 3735 683 3799 nonnisi
704 3748 830 3797 centum
854 3743 885 3794 et
904 3730 967 3795 duo
989 3733 1166 3816 integra'*)
1191 3743 1223 3794 et
1243 3730 1322 3796 ioiia
1344 3733 1453 3798 decem
1475 3735 1639 3799 dimidiata
1661 3746 1837 3820 supersunt

488 3842 517 3903 3.
560 3833 708 3921 Denique
733 3833 919 3914 fortunat,
942 3844 973 3897 et
994 3829 1107 3898 lolium
1128 3837 1170 3898 29
1194 3832 1338 3899 cumillo
1362 3834 1547 3916 cohaerens,
1571 3835 1657 3923 quod
1677 3835 1817 3901 fortasse
1840 3833 1916 3899 oiim
1941 3820 2284 3900 CodieiBasiiicorum
2425 3866 2436 3885 ·

405 3939 501 4007 inodo
521 3937 652 4005 laudato
683 3938 857 4026 tegumenti
878 3933 950 4000 ioco
973 3932 1206 4021 adglutinatam
1224 3936 1304 4016 init,
1333 3940 1366 4001 in
1387 3953 1477 4025 parte
1499 3940 1642 4003 interiori
1661 3941 1906 4005 instrumentum
1928 3939 2069 4003 continet
2091 3955 2175 4001 anno
2201 3935 2284 3999 1217

407 4054 591 4126 exaratum,
612 4062 633 4106 a
653 4052 744 4129 tergo
763 4053 867 4106 autern
887 4039 1024 4125 vestigia
1044 4039 1218 4127 scripturae
1238 4036 1463 4128 paiirnpsestas
1483 4038 1571 4107 nulla
1592 4039 1697 4106 hebet

1291 4235 1330 4326 ς.
1372 4233 1411 4306 ο.

489 4401 750 4481 instrumentum,
777 4399 860 4485 quod
882 4400 916 4463 in
938 4396 1026 4464 loliis
1049 4405 1101 4467 22.
1123 4419 1144 4463 a
1164 4412 1197 4465 et
1218 4406 1272 4466 29.
1292 4400 1313 4466 b
1335 4416 1464 4468 exstare
1487 4403 1646 4483 diximus,
1678 4404 1740 4486 ita,
1771 4400 2034 4488 quemadmodum
2057 4394 2152 4461 nobis
2169 4393 2285 4461 lectum

405 4506 484 4586 tuit,
516 4505 658 4570 edamus.
700 4501 808 4567 Pauca
834 4501 886 4568 hic
916 4499 984 4566 illic
1012 4500 1248 4590 supplevimus,
1278 4524 1359 4591 quae
1377 4502 1443 4590 legi
1465 4525 1527 4569 non
1551 4518 1716 4592 poterant:
1745 4525 1864 4590 eaque,
1892 4522 1955 4589 quo
1978 4498 2131 4566 melissa
2155 4497 2286 4585 reliquis

409 4607 696 4694 distinguerentur,
725 4605 850 4670 uncinis
876 4601 1081 4670 inclusimus:
1111 4603 1175 4669 alia
1203 4628 1260 4693 per
1289 4606 1495 4689 parenthesin
1521 4607 1766 4672 emendavimus.
1810 4603 1911 4693 lgitnr
1931 4608 2171 4670 instrumentum
2192 4598 2282 4680 illud,

410 4710 500 4775 cuius
520 4710 682 4797 inscriptio
705 4708 746 4773 ab
767 4708 858 4773 initio
880 4703 992 4771 mutila
1015 4718 1081 4789 est,
1104 4709 1151 4772 sic
1176 4707 1282 4772 audit:

510 4830 517 4914 Ι
551 4874 591 4893 ..
617 4875 652 4891 ..
683 4825 782 4914 ἀρχῆς
803 4829 862 4891 τοῦ
890 4826 1095 4909 σινιτιμβρίοο
1123 4822 1225 4907 μηνὸς
1252 4832 1309 4909 τῆς
1338 4823 1513 4909 μελλούσης
1542 4824 1631 4909 ίκτης
1646 4825 1718 4902 Ἰίνιλ.
1747 4825 1807 4891 τοῦ
1829 4820 1929 4915 'surg'
1952 4821 2040 4900 ἴτοας
2066 4821 2117 4886 καί
2144 4825 2285 4906 παρίχτιν

515 4929 654 5004 isernias
679 4925 716 5012 (Ι.
737 4925 880 5011 ίτησίιος)
902 4921 963 4990 dud
985 4928 1042 5010 τῆς
1065 4923 1161 5012 ἀρχῆς
1187 4931 1247 4992 τοῦ
1268 4929 1373 5015 τρίτοο
1397 4924 1510 5013 χρόνον
1549 4932 1555 5010 Ι
1591 4926 1627 4993 τὸ
1656 4924 1830 5012 ἀναλογοῦν
1858 4925 1936 5012 πρὸς
1963 4924 2084 4990 δώδεκα
2111 4924 2229 5006 poitur
2248 4919 2285 4986 sd

514 5031 732 5120 duip1noposl.
753 5093 761 5117 ‚

1431 5112 1550 5202 ίγρᾶηη
1571 5118 1670 5181 ταῦτα
1691 5110 1743 5178 διὰ
1760 5109 1863 5198 χειρὸς
1885 5110 2094 5199 [ἓρμογίνοας]
2133 5112 2140 5193 Ι
2179 5108 2239 5173 lrd.
2263 5102 2285 5171 ι’

1430 5212 1518 5293 isoes
1540 5214 1667 5307 ,ςψῐκιἹ
1704 5216 1711 5302 Ι
1749 5214 1823 5300 μηνί
1845 5213 1950 5304 ίοανίῳ
1972 5214 2030 5278 ivd.
2054 5211 2089 5276 ε’.
2129 5215 2135 5297 Ι

450 5325 653 5440 gsei‘ssssoidoo
671 5376 731 5440 sori
750 5397 830 5459 γαμ-
966 5365 1021 5432 Ἓν
1043 5362 1173 5451 ὀνόματι
1192 5372 1251 5434 τοῦ
1272 5367 1390 5455 πατρὸς
1418 5373 1469 5436 καί
1490 5375 1551 5436 τοῦ
1570 5370 1645 5436 cieri
1670 5371 1721 5436 sal
1748 5375 1810 5434 τοῦ
1832 5362 2121 5452 ἆμίοοίπνιύματος
2145 5362 2288 5440 ναιόλαος

456 5478 541 5557 lipari
562 5479 619 5539 τοῦ
642 5476 787 5555 ricuniri·
965 5467 982 5536 ὅ
1004 5465 1147 5556 γαμβρὸς
1166 5469 1222 5534 τοῦ
1243 5471 1375 5552 donnini,
1404 5467 1421 5538 o‘
1444 5467 1498 5538 adr
1520 5475 1620 5556 τίμιον
1644 5472 1694 5536 ναί
1722 5470 1870 5551 coenetis
1909 5469 1915 5554 Ι
1956 5467 2091 5557 σταυρὸν
2119 5468 2289 5552 ίδιοχιίριος

416 5577 558 5642 luscinio
581 5572 724 5659 ποιήσας,
748 5569 939 5658 ίξιλαβόμην
960 5571 1041 5637 κατὰ
1069 5568 1195 5658 πρώτην
1221 5568 1341 5638 ἴιιδοσιν
1368 5571 1590 5660 ἅναιιαμιιτικῷ
1613 5571 1719 5662 τρόπῳ
1750 5568 1810 5637 dud
1837 5576 1899 5637 σοῦ
1938 5574 1944 5654 Ι
1983 5574 2042 5635 τοῦ
2073 5564 2288 5649 πανσιβοὶστοο

502 5760 531 5829 ⁸)
556 5760 680 5811 viduetur
703 5763 814 5813 iisrrmr
844 5764 978 5813 sdnoutio
1006 5763 1035 5811 in
1058 5761 1127 5811 esico
1148 5763 1333 5827 iisrmrnoputi
1363 5767 1394 5814 sb
1419 5766 1476 5829 ipso
1499 5765 1565 5814 editi
1592 5762 1746 5830 (unauna
1770 5763 1892 5814 rhemor.
1914 5765 1954 5815 1ο.
1971 5760 2046 5831 vttt)
2072 5767 2099 5813 et
2122 5767 2228 5816 ursana
2258 5764 2289 5814 de

415 5848 609 5900 collectionibus
627 5861 751 5897 canonum
769 5863 794 5909 p.
806 5852 849 5900 ts.
886 5850 1034 5899 Dsitssatio
1051 5850 1076 5910 1.
1088 5851 1131 5902 12.

497 5930 542 6002 **)
559 5935 602 5985 Ex
619 5934 659 5984 his
678 5948 756 5984 anam
772 5933 861 5983 iolinm
877 5935 1006 5985 ismon
1024 5938 1081 5986 ersi
1095 5936 1257 6003 rescriptum,
1274 5939 1431 5999 quercetum
1449 5939 1498 5998 cst,
1517 5938 1546 5985 ut
1563 5936 1590 5984 in
1607 5951 1639 5986 ro
1657 5952 1725 5987 nnnc
1739 5938 1837 6000 triplex
1854 5937 1989 6001 scripture,
2008 5938 2090 5988 alters
2104 5939 2181 5989 alteri
2199 5952 2290 6000 supcr-

414 6021 511 6085 indtts,
531 6024 661 6083 appareat.
695 6019 881 6082 Antiquissima
898 6022 1023 6085 scripturo
1038 6022 1067 6071 lu
1084 6024 1278 6089 ‚‚iirrrtouu“,
1304 6024 1371 6085 quod
1388 6023 1508 6087 dicimos,
1534 6026 1653 6085 perires
1671 6025 1801 6074 roiomnss
1820 6024 1987 6088 procedebat,
2013 6025 2051 6075 its
2069 6030 2098 6074 ut
2113 6026 2141 6076 in
2160 6025 2208 6075 hoc
2225 6024 2289 6074 ioiio

415 6109 498 6162 itnese
515 6110 554 6161 bis
570 6109 680 6163 turtum
699 6109 855 6162 intersectas
870 6108 931 6160 sint.
963 6108 1082 6173 uerique
1100 6110 1162 6163 hsce
1180 6112 1359 6177 antiquissima
1373 6111 1508 6178 scriptura,
1524 6113 1645 6176 quantum
1667 6111 1755 6176 eoiiigi
1771 6111 1866 6178 potuit,
1886 6112 2124 6169 stertentum
2140 6112 2253 6168 ridetur.
