4978 7018
935 469 1088 537 LIBER
1109 468 1202 535 xlx.
1245 468 1336 536 ΤΙΤ.
1358 467 1450 535 VIH.
2063 470 2104 535 lo

188 662 242 732 μή.
345 649 466 739 Ἀγρὸν
488 653 642 730 έπόλησά
664 675 720 717 σοι
735 654 779 727 ὡς
802 648 886 730 εἶχεν
908 647 1012 715 αὐτόν
1027 652 1046 714 ό
1061 652 1177 738 κληρο-
1270 650 1414 714 nundum
1429 650 1552 714 vendidi
1570 649 1634 725 tibi
1658 649 1747 712 siouti
1761 669 1830 711 eum
1852 648 1985 712 habebut
2000 657 2106 712 auctor
2140 655 2184 706 48.

280 761 379 840 δύτης
405 784 470 843 μου
495 759 553 824 καὶ
576 758 799 845 παραδέδωκά
827 780 880 823 σοι
909 755 1013 823 αὐτόν
1034 757 1078 841 μή
1102 759 1178 822 ὑπο-
1204 779 1289 821 moue
1310 767 1342 821 et
1362 757 1473 820 tradidi
1495 778 1564 819 eum
1586 756 1651 831 tibi,
1678 755 1789 818 finibus
1811 776 1872 818 non
1895 755 2105 818 demonstretis

279 869 388 952 δείξας
410 864 488 942 τοὺς
511 864 611 952 ὅρους
633 899 1865 915 ---------------
1923 861 1996 924 fines
2040 862 2105 925 eius

278 973 356 1050 τοὺς
379 972 479 1060 ὅρους
501 974 607 1037 αὐτοῦ
629 972 802 1037 δεικνυναι.
1074 972 1110 1035 fr.
1125 974 1177 1033 48.
1205 972 1368 1035 ostendere
2001 969 2038 1033 fr.
2053 971 2105 1031 48.

342 1087 417 1153 Ἐάν
457 1089 669 1172 ὑποκείμενον
709 1098 847 1173 πρᾶγμα
887 1085 952 1152 ὑπὸ
990 1086 1204 1169 διατίμησιν4
1272 1087 1306 1151 et
1331 1108 1394 1150 rem
1421 1086 1585 1167 obligatam
1613 1086 1804 1148 aestimatam
1835 1084 1950 1147 dederit
1975 1084 2043 1165 quio
2074 1085 2106 1145 in

278 1200 438 1285 παρασχῇ
461 1218 510 1271 τις
533 1200 567 1259 ὲν
589 1193 702 1282 προικὶ
728 1205 787 1273 τής
809 1194 896 1270 ἰδίας
923 1191 1100 1281 θυγατρός
1121 1190 1179 1257 καὶ
1205 1195 1305 1258 dotem
1333 1193 1415 1256 filiae
1440 1213 1514 1256 euee
1540 1201 1571 1255 et
1595 1191 1767 1266 deposuerit,
1799 1199 1902 1272 potest
1927 1190 2003 1265 filiu,
2036 1211 2105 1253 oum

277 1304 442 1391 ἀποθάνῃ
469 1301 609 1366 δύναται
641 1305 661 1379 ή
690 1301 848 1389 θυγάτηρ
877 1301 1089 1383 άπολέγουσα
1119 1297 1180 1364 τόν
1207 1322 1238 1364 ee
1261 1301 1300 1364 ab
1322 1300 1489 1363 hereditate
1511 1299 1674 1374 abstineut,
1702 1299 1820 1361 notione
1841 1298 1969 1379 experiri
2000 1332 2038 1344 -
2062 1333 2105 1344 -

277 1405 1249 1495 κλήρονκινεῖντήνκατάτοῦ------
1295 1444 1337 1453 -
1383 1443 1426 1453 -
1472 1443 1514 1453 -
1560 1441 1602 1452 -
1644 1442 1686 1451 -
1728 1442 1769 1451 -
1811 1440 1853 1451 -
1895 1439 1937 1451 -
1979 1439 2021 1450 -
2062 1439 2104 1450 -

278 1552 971 1566 ---------
1021 1510 1247 1593 αὐτδτῷ-
1296 1551 1337 1561 -
1383 1549 1425 1561 -
1471 1548 1514 1560 -
1559 1548 1768 1559 ---
1813 1509 2105 1574 --eumviro

278 1623 376 1707 άνδρλ
399 1623 576 1710 ἐλεύθερον
598 1659 641 1671 -
679 1661 722 1670 -
760 1660 801 1670 -
841 1634 883 1668 4
923 1659 965 1669 -
1002 1621 1333 1697 fr.52.§1.1iberam
1382 1654 1856 1667 ------
1923 1617 1958 1679 fr.
1974 1619 2105 1693 5251.

345 1738 414 1804 Καὶ
423 1736 484 1803 τὸν
493 1737 587 1824 παρά
595 1747 667 1813 τοῖς
676 1738 840 1821 πολεμίοις
849 1739 933 1802 ὄντα
943 1735 1062 1801 δοῦλον
1070 1735 1180 1808 καλῶς
1272 1736 1316 1799 Et
1337 1756 1457 1799 servum
1479 1737 1531 1817 qui
1552 1743 1599 1798 eet
1620 1735 1703 1816 apud
1723 1734 1826 1797 hostes
1847 1741 1927 1796 reete
1949 1733 2016 1813 quie
2035 1752 2105 1795 ven·

278 1871 329 1922 τις
352 1847 529 1934 πιπράσκει
547 1845 605 1909 καὶ
623 1848 773 1931 ἐπερωτᾷ
795 1841 979 1931 ..πλατΙνι
996 1881 1037 1891 -
1075 1843 1111 1905 fin
1128 1846 1179 1905 55.
1205 1845 1251 1907 dit
1272 1853 1304 1907 et
1325 1843 1489 1924 stipulatur
1504 1890 1511 1905 .
1527 1889 1558 1905 ..
2002 1838 2038 1901 fr.
2054 1842 2105 1900 55.

235 2007 242 2020 ·
341 1963 374 2029 Ὁ
397 1963 526 2049 πράτης
547 1958 638 2027 κατά
659 1970 722 2025 τοῦ
743 1962 939 2047 άγοραστοῦ
957 1958 1017 2037 τήν
1032 1956 1105 2045 περὶ
1120 1966 1181 2022 τοῦ
1272 1959 1423 2024 Venditor
1452 1967 1557 2021 eontra
1586 1965 1750 2039 emptorem
1786 1955 1825 2019 de
1859 1955 1954 2037 pretio
1989 1930 2107 2017 untione
2141 1970 2183 2019 oo.

280 2072 463 2154 τιμήματος
478 2068 613 2151 άγωγήν
627 2077 717 2132 κινεῖ.
755 2066 816 2145 τήν
831 2064 897 2154 γάρ
913 2065 986 2153 περὶ
1001 2074 1063 2130 τοῦ
1077 2066 1180 2151 πράγ-
1206 2067 1367 2149 experitur,
1389 2086 1461 2128 nam
1484 2065 1576 2128 dere
1598 2065 1745 2126 actionem
1767 2071 1837 2146 poet
1850 2062 1894 2125 rei
1915 2061 2105 2124 traditionem

279 2200 386 2261 ματος
412 2174 546 2258 άγωγήν
572 2172 655 2258 μετὰ
677 2172 738 2252 τήν
764 2183 826 2239 τοῦ
852 2175 1048 2260 πράγματος
1074 2172 1181 2256 παρά-
1206 2174 1319 2237 hebere
1339 2193 1400 2234 non
1422 2179 1529 2253 potest
1872 2189 1897 2231 ο
1915 2170 1942 2229 1.
1958 2166 1992 2231 O.
2008 2170 2037 2242 4,
2053 2170 2105 2230 49.

280 2286 376 2350 δοσιν
399 2287 483 2362 έχειν
506 2282 545 2345 οὐ
568 2281 722 2346 δύναταιε
738 2279 796 2329 -¹
959 2301 984 2343 ο
1002 2283 1030 2342 1.
1045 2279 1079 2343 (1.
1088 2281 1118 2355 4,
1128 2281 1180 2342 49.

194 2394 243 2461 vo‘·
343 2397 377 2464 Ὁ
414 2398 542 2484 πράτης
574 2394 613 2461 τὸ
646 2406 784 2483 πρᾶγμα
818 2394 861 2478 μή
893 2391 1099 2481 παραδιδοὺς
1130 2391 1181 2458 ἐπὶ
1274 2393 1426 2457 Venditor
1447 2394 1499 2475 qui
1520 2413 1584 2456 rem
1606 2413 1666 2454 non
1688 2391 1783 2455 tradit
1807 2393 1840 2453 in
1861 2390 1894 2453 id
1915 2390 1996 2471 quod
2017 2390 2106 2452 inter
2141 2395 2183 2446 οε.

280 2510 327 2590 τῷ
356 2504 552 2592 διαφέροντι
584 2507 625 2591 τῇ
652 2502 703 2568 έπλ
730 2514 789 2581 τής
815 2503 968 2589 πράσεως
995 2504 1109 2588 ἀγωγῇ
1135 2505 1182 2563 έν·
1208 2510 1255 2564 eet
1275 2501 1391 2565 venditi
1414 2500 1530 2563 notione
1551 2508 1679 2562 tenetur.
2035 2516 2060 2558 ο.
2075 2498 2106 2557 4.

280 2617 399 2692 ἐχεται.
1111 2629 1137 2670 ο.
1152 2611 1181 2668 4.

112 2729 142 2783 '0
153 2749 253 2819 ογρρα-
343 2718 377 2784 Ὁ
404 2716 597 2802 ἀγοραστής
624 2715 690 2782 άπὸ
720 2724 781 2780 τοῦ
806 2724 928 2800 καιροῦ
953 2726 1012 2792 τῆς
1034 2713 1183 2799 παραδό-
1275 2722 1406 2803 Emptor
1435 2742 1473 2784 ex
1505 2721 1553 2783 die
1588 2720 1758 2783 traditionis
1794 2721 1837 2782 rei
1872 2720 1964 2782 etiam
2000 2736 2108 2779 usurae
2145 2728 2262 2795 irreptor

129 2821 245 2943 τῇς]
282 2849 364 2901 σεως
390 2834 452 2890 τοῦ
478 2824 675 2910 πράγματος
702 2822 760 2886 καλ
787 2824 908 2897 τόκους
931 2829 1097 2908 χρεωστεῐ
1123 2828 1184 2884 τοῦ
1209 2829 1299 2911 pretii
1320 2828 1417 2891 debet.
2038 2845 2063 2886 ε.
2079 2828 2108 2886 5.
2153 2815 2258 2925 '‘m“

108 2942 254 3017 χρεοστήῖ]
281 2934 476 3015 τιμήματοςτ
493 2927 557 2977 —⁸
1113 2949 1138 2992 c.
1154 2932 1183 2991 5.
2171 2943 2236 3009 pm

122 3017 243 3156 πμξβῦα]
345 3039 392 3103 Ἡ
417 3036 468 3102 ἐπὶ
495 3040 537 3125 τῇ
564 3038 684 3123 πράσει
711 3035 825 3118 ἀγωγή
854 3037 915 3100 οὐκ
944 3034 996 3101 ἐπὶ
1027 3038 1075 3117 τῷ
1104 3037 1183 3098 ἄνα·
1276 3042 1367 3104 Aetio
1389 3041 1505 3104 venditi
1526 3060 1587 3103 non
1610 3042 1649 3102 ud
1671 3039 1899 3103 rescindendum
1922 3046 2109 3101 eontreotum
2184 3010 2212 3135 Ξ

175 3177 191 3210 ι
282 3149 406 3233 τρέψαι
439 3142 478 3209 τό
512 3145 729 3226 συνάλλαγμα
759 3152 911 3224 κινεῖται,
948 3142 1020 3207 ἀλλ’
1054 3139 1105 3205 oro
1137 3144 1183 3222 τῷ
1211 3148 1383 3223 intenditur,
1405 3147 1458 3210 eod
1480 3147 1521 3209 ud
1542 3147 1780 3210 eonfirmandum
1801 3156 1832 3209 et
1847 3147 1886 3207 ed
1901 3143 2109 3226 complendum

177 3247 211 3360 ζ,
281 3251 468 3338 βεβαιῶσαι
490 3248 547 3315 καλ
571 3251 744 3338 πληρῶσαι
767 3248 824 3314 διδ
846 3261 904 3327 της
926 3258 988 3314 τοῦ
1002 3248 1185 3331 τιμήματος
1211 3276 1281 3319 eum
1303 3277 1358 3337 per
1379 3254 1469 3336 pretii
1490 3255 1672 3335 petitionem.
2039 3271 2064 3313 ο
2081 3252 2109 3311 6.

283 3359 506 3436 άπαιτήσεωςι
523 3394 565 3405 -
1114 3375 1139 3417 ο.
1156 3357 1185 3415 6.

345 3472 379 3539 Ὁ
401 3473 556 3550 πωλήσας
579 3471 716 3547 δούλους
737 3472 795 3537 καλ
817 3469 931 3558 λαβὼν
949 3469 989 3535 τό
1004 3471 1129 3553 τίμημα
1150 3473 1186 3532 ἐκ
1278 3477 1342 3556 Qui
1364 3496 1465 3539 servos
1480 3476 1617 3539 vendidit
1630 3476 1820 3558 pretiumque
1834 3474 1951 3555 oooepit
1971 3495 2009 3536 ex
2023 3493 2111 3554 peou·

113 3583 161 3653 sol·
175 3588 246 3638 186'·
284 3580 456 3645 πεκουλέου
478 3580 590 3643 αὐτῶν
616 3590 684 3644 τῶν
711 3578 838 3643 δούλοιν
865 3576 1039 3661 συνέδοξε
1061 3579 1186 3658 τίμημα
1212 3584 1255 3646 lio
1278 3585 1413 3666 ipsorum
1428 3604 1581 3647 servorum
1596 3603 1657 3645 non
1672 3583 1793 3645 videtur
1813 3583 1941 3663 pretium
1961 3581 2112 3660 eooepiose

283 3685 464 3772 λαμβάνειν
482 3688 526 3759 ὡς
544 3683 589 3749 τά
604 3685 673 3749 ἴδιοι
688 3684 862 3769 δεξάμενος
876 3683 934 3748 καλ
949 3688 1013 3763 ἔχει
1028 3687 1187 3769 ἀκέραιον
1212 3699 1318 3771 utpote
1348 3689 1400 3773 qui
1431 3711 1520 3752 suum
1546 3690 1691 3772 reeeperit
1717 3697 1748 3751 et
1773 3688 1866 3751 habet
1891 3689 2040 3769 integrum
2071 3685 2112 3747 ud

284 3792 345 3871 τήν
360 3790 432 3878 περὶ
448 3800 509 3856 τοῦ
523 3792 707 3874 τιμήματος
722 3793 869 3874 άγωγήνι
885 3789 944 3839 -⁴
975 3791 1083 3855 ow.
1093 3793 1123 3865 4,
1133 3792 1185 3853 49.
1213 3798 1342 3878 pretium
1366 3795 1556 3880 [petendum]
1580 3797 1736 3860 notionem.
1879 3815 1904 3857 u
1922 3798 1950 3857 7.
1965 3793 1998 3857 (λ.
2014 3796 2044 3867 4,
2060 3791 2112 3853 49.

214 3903 247 3965 ἕ·
349 3906 424 3973 Ἐάν
446 3906 675 3994 όάγοραστής
697 3906 828 3989 μηδέπω
845 3904 1053 3985 ελσεναχθελς
1067 3909 1112 3979 εἰς
1127 3902 1187 3982 τήν
1280 3911 1315 3974 Si
1337 3920 1454 3993 emptor
1476 3911 1610 3973 nondum
1631 3911 1820 3974 introductus
1842 3911 1874 3971 iu
1895 3910 2112 3991 possessionem
2148 3920 2191 3972 60.

284 4025 346 4079 τοῦ
367 4015 564 4100 πράγματος
586 4013 689 4096 νομήν
711 4011 773 4088 τὰς
788 4014 867 4096 ὑπὲρ
883 4014 988 4077 αὐτοῦ
1004 4012 1188 4084 συντελείας
1214 4019 1265 4093 rei,
1287 4018 1326 4081 de
1347 4038 1385 4080 εε
1406 4017 1522 4079 tributa
1543 4017 1674 4093 solverit,
1696 4027 1841 4099 unquam
1864 4017 1890 4079 εἰ
1910 4017 1972 4078 iam
1991 4014 2113 4077 rodite

284 4119 470 4209 καταβάλῃ,
494 4122 538 4194 ὡς
561 4120 668 4197 δήθεν
683 4118 900 4204 παραδόσεως
914 4117 965 4184 έπλ
981 4114 1085 4182 αὐτὸν
1099 4140 1188 4200 γενο-
1215 4126 1280 4188 eius
1312 4125 1369 4187 sibi
1400 4124 1492 4187 fuerit
1521 4123 1611 4200 factu
1643 4144 1704 4186 non
1735 4124 1847 4186 sufficit
1876 4123 1908 4184 id
1939 4122 1979 4184 ud
2005 4122 2114 4184 eonsti-

284 4232 393 4311 μένης,
422 4228 483 4291 οόκ
511 4231 601 4290 ἐστιν
628 4223 745 4290 ἱκανόν
771 4235 872 4290 τοῦτο
899 4224 1063 4303 δεσπότην
1085 4221 1189 4288 αὐτὸν
1215 4231 1360 4295 mendum
1382 4252 1451 4294 eum
1473 4229 1636 4293 dominum.
1681 4232 1800 4295 sivero
1822 4238 1896 4312 eget
1917 4238 2024 4291 eontra
2045 4246 2114 4291 ven·

286 4345 431 4411 ποιήσαι.
478 4337 504 4397 ελ
523 4331 557 4396 δὲ
580 4341 666 4396 κινεῖ
687 4329 777 4397 κατά
799 4341 861 4396 τοῦ
888 4334 1019 4418 πράτου
1042 4332 1188 4395 οὐκέλσ-
1215 4339 1351 4413 ditorem‚
1374 4357 1434 4398 non
1457 4337 1597 4399 audietur
1618 4337 1676 4398 οἱοὶ
1698 4336 1800 4401 solvet
1821 4337 1958 4419 pretium.
2045 4353 2069 4396 o.
2086 4336 2114 4395 9.

287 4440 541 4518 ακουσθήσεται
552 4441 579 4502 ελ
588 4436 631 4520 μή
641 4437 842 4523 καταβάλλει
854 4436 893 4503 τὸ
903 4440 1087 4520 τίμημαι-
1123 4460 1148 4501 o.
1159 4442 1187 4500 9.

198 4552 250 4626 fis·
350 4554 384 4621 ‘O
406 4556 535 4641 πράτης
550 4589 1187 4602 --------

201 4886 250 4952 ξε.
357 4874 398 4940 Οἱ
418 4872 502 4958 μετά
524 4872 565 4938 τό
581 4875 798 4957 συνάλλαγμα
811 4873 935 4959 καρποὶ
951 4878 999 4955 τῷ
1014 4875 1190 4959 άγοραστή
1284 4879 1359 4941 Post
1390 4886 1576 4941 oontrootum
1608 4878 1725 4942 fruetus
1752 4879 1879 4959 emptori
1907 4878 2059 4959 pertinent
2088 4884 2120 4937 et
2155 4889 2198 4939 οε.

289 4982 488 5069 διαφέρουσι
510 4979 567 5045 καλ
590 4979 630 5045 τό
653 4992 721 5045 τῶν
748 4982 939 5046 συντελειῶν
964 4980 1073 5068 βάρος
1099 4980 1190 5060 αὐτῷ
1218 4986 1399 5048 tributorum
1423 5005 1499 5047 onus
1522 4984 1562 5046 ad
1584 5005 1653 5046 eum
1672 4994 1797 5066 spectat
1842 4994 1873 5046 et
1894 4983 2034 5048 venditor
2055 5002 2120 5064 pre-

289 5088 410 5166 άνήκει.
448 5086 506 5152 καλ
530 5090 549 5151 ό
573 5089 702 5173 πράτης
725 5085 765 5152 τό
780 5090 905 5171 τίμημα
923 5089 1026 5172 μόνον
1041 5084 1098 5151 καλ
1113 5082 1192 5159 τοὺς
1219 5095 1295 5155 tium
1318 5101 1438 5153 tantum
1461 5100 1492 5153 et
1514 5112 1552 5153 ex
1574 5112 1658 5154 more
1680 5112 1788 5155 uenrue
1804 5090 1901 5153 officio
1923 5090 2030 5152 iudicio
2052 5097 2119 5170 pot-

289 5195 324 5278 ἐξ
356 5195 567 5281 ὑπερθέσεως
601 5195 721 5269 τόκους
748 5196 899 5282 ὀφφικίῳ
937 5203 999 5259 τοῦ
1031 5192 1194 5258 δικαστοῦ
1219 5208 1265 5262 eet
1286 5207 1395 5280 petere
2027 5218 2052 5259 o
2070 5199 2119 5258 13.

290 5300 430 5366 δύναται
454 5303 616 5365 ἀπαιτεῖν.
1098 5304 1191 5365 o.13.

236 5423 253 5477 ’.
354 5406 387 5473 Ὁ
409 5405 604 5492 ἀγοραστής
644 5444 1192 5456 -------
1286 5412 1417 5493 Emptor
1465 5444 2118 5460 --------
2157 5422 2200 5472 οδ.

291 5551 333 5560 -
379 5551 421 5562 -
468 5550 509 5562 -
548 5512 671 5596 καὶμὴ
694 5511 776 5579 εἶναι
800 5516 966 5602 φυγάδας,
990 5516 1088 5596 ὑγιεῖς
1111 5509 1192 5577 εἶναι
1222 5554 1264 5565 -
1311 5554 1352 5564 -
1398 5553 1440 5564 -
1485 5528 1516 5581 et
1541 5539 1603 5580 non
1624 5538 1689 5580 εεεε
1711 5517 1868 5598 fugitivos:
1891 5537 1982 5579 senos
2004 5537 2069 5579 οεεε
2090 5525 2123 5578 et

290 5619 347 5684 καλ
369 5619 413 5702 μή
436 5622 611 5702 τυγχάνειν
633 5620 783 5706 ήεμβοός.
1101 5642 1126 5684 o
1144 5624 1194 5683 14.
1222 5645 1283 5686 non
1306 5645 1370 5687 εεεε
1393 5645 1520 5687 erronee.
2028 5624 2121 5685 ο14.

365 5902 480 5960 'hebet
501 5903 569 5975 Syn.
694 5902 854 5959 'Refertur
880 5903 965 5959 oehol.
996 5904 1032 5958 od
1061 5920 1196 5958 summum

293 5990 388 6048 comt*
405 5991 458 6049 λ’.
567 5992 684 6049 'hebet
701 5990 767 6065 syn
876 5991 973 6064 ‘Syn
