4842 7018
855 478 1008 545 LIBER
1031 478 1148 544 XLIV.
1186 479 1275 544 TIT.
1297 478 1361 544 HI.
1992 485 2033 548 ‘19

268 660 313 726 Τό
341 661 496 743 ληγάτον,
529 660 571 722 δι’
606 653 645 723 οὗ
674 663 693 723 ό
721 661 926 743 κληρονόμος
953 658 972 736 b
1004 659 1102 738 ληγα-
1197 660 1359 740 Legatum,
1397 681 1457 741 quo
1490 661 1577 722 heres
1608 660 1657 724 vel
1695 660 1859 742 legatarius
1891 673 2035 725 oneratur

196 769 313 851 τάριος
330 769 490 853 βαρεῖταί
503 789 580 831 τινα
594 766 708 852 λαβεῖν
723 773 768 842 είς
785 767 893 847 θέσιν,
918 767 1102 851 ἀνίσχυρόν
1130 766 1283 847 quendam
1306 767 1443 849 accipere
1457 769 1489 829 in
1505 768 1708 848 adoptionem,
1730 769 1838 831 inutile
1853 778 1907 843 εει,
1931 790 2035 851 quam·

196 880 275 955 ἐστι,
291 873 357 939 κάν
372 876 522 960 έπαγάγη
539 877 557 937 ό
574 873 773 955 διαθέμενος
788 877 824 937 έιι
835 883 896 937 τοῦ
910 872 953 955 μῆ
964 883 1100 950 ποιῆσαι
1129 874 1175 935 via
1199 873 1350 936 addiderit
1372 883 1500 937 testator
1522 875 1579 937 nisi
1603 875 1634 937 id
1657 875 1743 938 lieret
1756 875 1930 939 relictorum
1946 878 2035 939 amis·

196 993 264 1045 τῶν
287 981 468 1064 δεδομένων
490 984 667 1045 έκπτωσιν;
684 1019 726 1029 -
916 982 952 1042 fr.
968 983 1020 1042 41.
1038 987 1054 1057 5
1072 983 1100 1040 8.
1129 981 1251 1043 sionem.
1851 983 1886 1045 fr.
1903 987 1954 1045 41.
1972 989 1988 1060 5
2006 987 2035 1045 8.

261 1089 335 1154 Ἐἀν
362 1087 554 1170 ληγατεύσω
582 1109 636 1151 σοι
664 1086 864 1173 ἀνδράποδα
886 1085 944 1151 καὶ
967 1086 1101 1169 ἀξιώσω
1196 1087 1230 1150 Si
1256 1087 1397 1167 legavero
1425 1087 1481 1150 tibi
1508 1087 1662 1170 mancipia
1687 1096 1719 1150 et
1739 1109 1884 1169 rogavero
1913 1099 1943 1151 te
1966 1111 2035 1152 cum

197 1220 233 1260 σε
249 1196 452 1261 τελευτῶντα
467 1197 748 1272 ἀποκαταστῆσαι
766 1203 875 1258 ταῦτα
890 1198 937 1276 τῷ
952 1196 1012 1275 alpi
1027 1214 1100 1275 μου,
1129 1193 1263 1256 morieris
1285 1195 1442 1257 restituere
1457 1215 1494 1257 aa
1509 1195 1571 1257 filio
1586 1216 1660 1269 meo,
1683 1216 1762 1277 quae
1779 1205 1887 1277 postea
1901 1197 2036 1277 adgnata

197 1301 241 1368 τά
264 1303 299 1386 ἐξ
322 1303 424 1380 αὐτῆς
448 1303 686 1380 ἀποτεχθέντα
710 1303 749 1365 οὐ
772 1305 968 1386 περιέχεταιε
986 1338 1028 1348 -
1129 1300 1242 1362 tuerint
1264 1320 1326 1362 non
1350 1302 1547 1363 continentur.
1829 1303 1864 1364 fr.
1881 1306 1932 1365 41.
1950 1310 1966 1381 5
1986 1307 2035 1367 10.

895 1409 931 1469 fr.
948 1411 999 1469 41.
1016 1414 1032 1484 5
1052 1410 1101 1468 10.

143 1520 158 1573 ‘·
261 1514 336 1580 Έάν
358 1515 550 1598 ληγατείισω
574 1520 615 1602 τῇ
638 1515 773 1596 γυναικί
792 1536 857 1597 μου
880 1511 946 1578 ὅσα
962 1515 1101 1579 ὀνόματι
1197 1513 1230 1575 Si
1245 1514 1387 1595 legavero
1403 1516 1491 1577 uxori
1508 1535 1595 1578 meae
1609 1536 1689 1595 quae
1703 1517 1825 1580 nomine
1839 1518 1903 1580 eius
1918 1518 2035 1599 paravi,

197 1625 299 1701 αὐτῆς
322 1624 518 1708 ηὐτρέπισα,
547 1626 684 1706 περιέχει
712 1619 769 1685 καὶ
798 1623 932 1699 ἐσθῆτα
959 1618 1016 1684 καί
1044 1621 1102 1703 ἀρ·
1130 1621 1266 1683 continet
1289 1620 1451 1705 [legatum]
1476 1631 1508 1684 ει
1529 1631 1645 1685 vestem
1668 1632 1698 1685 et
1720 1633 1878 1704 argentum
1902 1633 1934 1686 et
1950 1645 2036 1686 mun·

196 1752 300 1816 γυρον
322 1728 379 1794 καί
407 1730 535 1810 κόσμον
557 1727 615 1793 καί
643 1725 710 1792 ὅσα
733 1729 873 1810 ὀνόματι
902 1738 969 1791 των
991 1749 1102 1808 γυναι·
1131 1728 1203 1789 dum
1226 1737 1258 1790 ει
1275 1748 1474 1810 quaecunque
1489 1730 1611 1791 nomine
1626 1730 1786 1792 mulierum
1801 1732 1832 1792 in
1855 1741 2036 1813 perpetuum

195 1847 264 1901 κῶν
287 1840 332 1910 είς
355 1836 484 1913 διηνεκῆ
505 1836 624 1920 χρειόιν
648 1837 866 1920 εὐτρεπίζεται
894 1832 952 1898 καί
976 1835 1038 1897 οὐκ
1060 1838 1104 1907 είς
1131 1855 1219 1896 usum
1247 1845 1396 1915 parantur
1424 1845 1456 1898 et
1482 1856 1542 1898 non
1571 1837 1601 1897 in
1630 1857 1829 1917 communem,
1862 1838 1926 1900 sivo
1952 1847 2037 1900 ante·

195 1942 323 2025 κοινὴν,
353 1947 415 2006 εἴτε
438 1941 516 2027 πρίν
539 1942 735 2023 ἀγαγέσθαι
764 1940 909 2023 γαμετὴν
936 1944 999 2004 εἴτε
1021 1937 1104 2022 μετά
1132 1961 1224 2021 quam
1252 1941 1391 2004 ducerem
1418 1963 1544 2004 uxorem
1572 1944 1688 2023 paravi,
1716 1944 1780 2006 sive
1807 1954 1927 2025 postem
1955 1945 2037 2026 quod

197 2059 306 2116 ταῦτα
329 2051 524 2133 ηὐτρέπισα·
548 2052 575 2112 ri
591 2048 626 2113 δὲ
641 2050 702 2112 καί
718 2072 749 2112 τι
766 2044 833 2112 ἀπὸ
858 2058 926 2112 τῶν
941 2052 974 2111 έν
986 2047 1102 2129 χρήσει
1132 2048 1159 2110 si
1181 2047 1257 2128 quid
1279 2068 1318 2110 ex
1340 2030 1430 2111 rebus
1453 2070 1532 2130 quae
1553 2049 1586 2110 in
1600 2070 1659 2112 usu
1677 2051 1768 2133 [meo]
1786 2051 1932 2114 essentia
1947 2072 2035 2114 usum

197 2158 404 2241 πραγμάτων
435 2162 479 2230 είς
507 2167 631 2239 χρῆσιν
663 2156 765 2231 αὐτῆς
796 2156 987 2237 μεταγάγοι,
1021 2175 1105 2238 περι·
1133 2155 1197 2216 eius
1225 2155 1420 2231 transtulero,
1450 2157 1628 2219 continetur.
1676 2165 1708 2219 ει
1736 2158 1761 2219 εἰ
1791 2158 1897 2220 dixero
1928 2179 2038 2239 „quae-

197 2268 315 2342 έχεται.
361 2261 418 2327 καί
446 2268 472 2326 εί
500 2263 558 2344 μέν
585 2266 677 2326 εἴπω·
714 2259 801 2326 «door
832 2262 972 2343 όνόματι
1003 2262 1106 2338 αὐτῆς
1133 2281 1262 2342 cumque
1293 2262 1415 2325 nomine
1446 2262 1511 2325 eiua
1543 2263 1669 2344 paravi⁴‘
1699 2264 1825 2326 ostendo
1852 2274 1884 2327 ει
1911 2266 1937 2327 ei
1964 2266 2037 2346 quid

197 2372 411 2455 ηὐτρέπιοαι,
436 2369 523 2446 δηλῶ
546 2367 602 2432 καί
626 2373 657 2432 εί
676 2391 708 2432 τι
732 2368 830 2431 πλέον
849 2378 916 2432 τῶν
931 2371 1106 2451 εἰρημένων
1133 2367 1263 2449 amplius
1278 2388 1372 2449 quam
1394 2389 1431 2431 ea
1453 2390 1532 2450 quae
1553 2370 1726 2433 dictasunt
1746 2380 1871 2453 propter
1891 2372 2038 2434 eiusmodi

198 2476 356 2554 τοιαύτης
371 2481 476 2540 ένεκεν
495 2477 607 2550 αἰτίας
623 2476 818 2560 ηιίτρέπισαε
836 2474 893 2523 -¹
934 2476 969 2538 fr.
985 2478 1037 2537 45.
1053 2478 1104 2537 46.
1133 2495 1257 2538 oausam
1281 2477 1397 2556 paravi.
1863 2477 1900 2540 fr.
1917 2483 1969 2542 45.
1985 2483 2036 2542 46.

112 2584 160 2656 λβ.
264 2586 305 2649 El
322 2583 355 2647 δέ
375 2581 481 2667 χωρὶς
499 2592 560 2647 τοῦ
579 2581 645 2646 καὶ
669 2581 854 2665 συνδέσμου
869 2585 960 2646 εἴπω·
986 2579 1106 2645 ιάτινα
1199 2581 1233 2644 Si
1256 2582 1371 2663 absque
1392 2581 1503 2663 copula
1523 2591 1591 2658 „et“
1617 2584 1730 2647 dicam:
1758 2605 1984 2667 „quaecumque
2006 2587 2037 2648 in

113 3013 163 3086 λγ.

117 3863 164 3920 λό’.

198 2694 243 2765 εἰς
260 2691 362 2771 λόγον
381 2690 483 2767 αὐτῆς
498 2691 713 2776 ηὐτρέπισαι,
736 2693 772 2753 ix
787 2691 923 2753 πάντων
938 2700 1006 2752 των
1020 2693 1104 2773 ειρη-
1133 2688 1282 2750 rationem
1297 2688 1362 2751 eius
1377 2691 1504 2771 paravi“
1526 2711 1565 2752 ex
1579 2691 1719 2754 omnibus
1735 2713 1828 2773 supra
1842 2692 1931 2755 dietis
1946 2694 2037 2756 rebus

199 2802 305 2879 μένων
333 2799 489 2881 ἀνωτέρω
522 2797 730 2880 πραγμάτων
760 2798 848 2879 μόνοι
880 2798 1029 2878 σημαίνω
1062 2791 1106 2858 τά
1133 2815 1184 2856 eas
1200 2805 1320 2858 tantum
1336 2796 1479 2876 significo,
1494 2817 1571 2878 quas
1586 2798 1650 2859 eius
1665 2798 1765 2879 gratia
1782 2801 1897 2880 paravi
1934 2800 1970 2862 fr.
1985 2802 2037 2863 46.

197 2906 302 2988 χάριν
325 2905 428 2980 αὐτῆς
451 2900 749 2987 ειίτρεπισθένταε3
1001 2903 1037 2964 fr.
1053 2906 1105 2964 46.

266 3009 333 3075 Ἐπί
348 3011 382 3075 δέ
399 3019 460 3074 τοῦ
475 3009 631 3074 τοιούτου
644 3010 792 3091 ληγάτου
801 3009 912 3084 ἀνήκει
924 3013 964 3094 τῇ
975 3006 1104 3089 γυναικὶ
1198 3008 1238 3070 In
1253 3008 1402 3071 eiusmodi
1417 3019 1519 3072 autem
1534 3011 1635 3091 legato
1650 3013 1802 3093 pertinent
1816 3013 1904 3075 uxori
1918 3022 2037 3095 atquae

200 3117 256 3182 xci
281 3115 325 3182 τά
349 3118 488 3199 ὀνόματι
513 3118 615 3192 αὐτῆς
631 3117 877 3199 ἀγορασθέντα
900 3115 919 3192 l)
940 3116 1105 3198 εὐτρεπισ·
1133 3115 1197 3177 eius
1220 3116 1342 3178 nomine
1364 3127 1468 3198 empta
1482 3118 1532 3180 vel
1546 3129 1657 3199 parata
1671 3120 1721 3180 vel
1739 3129 1858 3183 retenta
1873 3130 1952 3195 sunt,
1967 3130 1999 3183 et
2013 3123 2038 3183 si

201 3227 312 3289 θέντα
335 3224 354 3301 l>
378 3225 722 3307 παρακατασχόμενα,
750 3226 777 3285 εί
799 3220 856 3286 καὶ
880 3224 1019 3305 ὀνόματι
1048 3233 1107 3299 τῆς
1133 3222 1255 3284 nomine
1276 3223 1384 3304 prioris
1406 3225 1509 3286 uxoria
1532 3224 1582 3287 vel
1604 3225 1684 3288 filiae
1698 3226 1749 3289 vel
1764 3229 1864 3308 neptis
1879 3227 1929 3290 vel
1943 3248 2038 3290 nurus

201 3335 366 3417 προτέρας
379 3328 739 3414 γαμετῆςῆθυγατρὸς
754 3330 773 3407 ἢ
790 3331 924 3409 έγγόνης
943 3328 1105 3415 ῆνόμιμης
1134 3330 1248 3409 paravi,
1271 3331 1297 3391 si
1320 3339 1422 3393 tamen
1449 3332 1590 3412 separavi
1611 3352 1649 3394 ea
1675 3341 1801 3414 propter
1823 3355 1912 3397 usum
1935 3336 2038 3397 uxoris

201 3440 391 3523 ηὐτρέπισα,
415 3439 519 3520 μόνον
534 3443 560 3501 εί
576 3439 739 3524 ἀφώρισα
754 3434 843 3501 αάτά
858 3441 897 3523 τῇ
913 3437 1030 3520 χρήσει
1048 3447 1106 3513 τῆς
1133 3457 1231 3510 meae;
1254 3446 1284 3499 et
1306 3437 1389 3518 quod
1411 3449 1546 3519 emptum
1568 3448 1616 3501 εει
1637 3441 1760 3502 omnino
1783 3442 1873 3503 etiam
1896 3452 2039 3523 paratum

200 3556 342 3628 γαμετῆς
357 3567 429 3626 μου.
459 3543 517 3609 καὶ
541 3542 653 3627 τὸμὲν
676 3545 878 3628 ἀγορασθέν
893 3545 1026 3618 πάντως
1047 3542 1105 3607 κοιλ
1133 3552 1187 3617 εει,
1210 3544 1292 3624 quod
1307 3565 1379 3607 vero
1394 3554 1536 3626 paratum
1559 3556 1605 3608 est
1626 3567 1688 3608 non
1710 3548 1778 3609 ideo
1794 3548 1886 3610 etiam
1901 3558 2038 3630 emptum

201 3655 425 3734 ηὐτρέπισται,
450 3648 490 3715 τό
514 3650 548 3714 δὲ
564 3651 784 3735 εὐτρεπισθέν
800 3651 861 3714 οὐκ
875 3650 936 3728 ῆδη
956 3648 1013 3714 καλ
1030 3651 1105 3731 ῆγό-
1135 3657 1189 3711 est
1594 3684 1598 3691 ·
1931 3655 1967 3718 fr.
1984 3659 2036 3719 47.

202 3781 339 3845 ρασταιε
356 3795 399 3806 -
1000 3757 1036 3819 fr.
1053 3762 1105 3821 47.

267 3867 309 3929 El
333 3864 366 3928 δέ
389 3863 446 3929 κοιλ
470 3869 511 3951 τῇ
534 3867 659 3951 γαμετῇ
675 3865 858 3950 πράγματα
874 3862 1047 3948 παραδοὺς
1063 3869 1106 3938 είς
1201 3863 1235 3926 Si
1256 3873 1416 3945 postquam
1444 3865 1533 3927 uxori
1554 3887 1601 3928 res
1628 3869 1697 3928 usui
1718 3868 1902 3942 tradiderim,
1930 3869 2039 3932 deinde

198 3983 322 4055 χρῆσιν
336 3967 477 4055 ὕστερον
486 3972 660 4057 ἀφέλωμαι
670 3970 768 4052 αὐτά,
779 3972 886 4034 οὐκέτι
898 3975 1105 4053 περιέχονται
1135 3991 1187 4032 eas
1202 3971 1375 4045 ademerim,
1390 3992 1452 4032 uon
1469 3972 1599 4053 amplius
1614 3975 1807 4037 continentur
1820 3974 1931 4055 legato.
1954 3975 2039 4038 libris

202 4083 249 4160 τῷ
264 4078 407 4160 ληγάτιρ.
439 4078 579 4164 βιβλίων
593 4079 869 4160 ληγατευομένων,
887 4074 930 4141 τά
946 4079 980 4141 δέ
997 4077 1108 4157 clodii·
1135 4078 1253 4159 legatis,
1276 4077 1308 4138 in
1331 4078 1468 4159 qualibet
1489 4080 1618 4141 materia
1639 4082 1743 4162 scripti
1766 4082 1965 4144 continentur.

202 4207 283 4249 ποτε
298 4181 357 4269 ίίλη
373 4188 582 4269 γεγραμμένα
597 4188 796 4269 περιέχεταιι
808 4222 850 4232 -
871 4185 906 4247 fr.
918 4189 960 4248 48
971 4189 1052 4248 ει52
1063 4207 1106 4266 pr.
1764 4188 1799 4248 fr.
1815 4190 1858 4249 48
1874 4198 1906 4251 ει
1922 4192 1963 4250 52
1978 4186 2039 4270 pr.¹

266 4290 341 4356 Ἐἀν
355 4290 475 4356 έκατδν
483 4290 599 4377 βιβλία
613 4291 878 4373 ληγατευθωσιν,
888 4293 948 4354 οὐκ
957 4289 1108 4375 ἀριθμός
1202 4293 1236 4354 Si
1267 4300 1388 4354 centum
1420 4292 1490 4354 libri
1520 4293 1614 4374 legati
1645 4292 1771 4368 fuerint,
1803 4315 1863 4357 non
1895 4294 2038 4357 librorum

201 4397 348 4484 βιβλίων,
360 4396 447 4462 ἀλλά
456 4396 576 4462 έκατὸν
585 4398 684 4476 τεύχη
699 4396 927 4462 δίδονταιε-8
954 4398 1106 4475 fr.52.52.
1134 4419 1286 4473 numerus,
1309 4399 1362 4460 sed
1386 4409 1504 4462 centum
1528 4400 1684 4463 volumina
1699 4401 1817 4464 dantur.
1854 4402 1890 4463 fr.
1907 4404 1958 4462 52.
1976 4408 1992 4478 5
2011 4405 2038 4464 2.

266 4502 340 4569 Ἐἀν
362 4504 553 4585 ληγατεύσω
577 4503 738 4590 ὁμηρικὸν
759 4503 816 4569 καὶ
841 4505 951 4579 ἀτελές
974 4505 1106 4588 εὑρεθῆ,
1202 4505 1236 4568 si
1258 4506 1456 4568 Homericum
1479 4509 1579 4589 (opus)
1605 4508 1746 4587 legavero
1774 4516 1806 4571 ει
1831 4508 2039 4590 imperfectum

203 4615 247 4686 ὡς
262 4610 331 4676 ἐστὶ
348 4611 492 4676 δίδοται·
508 4616 556 4693 τῷ
576 4611 609 4675 δέ
626 4611 779 4694 ληγοίτῳ4
794 4623 861 4676 των
878 4611 1018 4697 βιβλίων
1034 4612 1108 4676 οὔτε
1136 4613 1176 4675 εἰι
1190 4614 1356 4687 inventum,
1379 4613 1469 4675 sicuti
1484 4623 1536 4688 εει,
1560 4616 1664 4676 datur:
1687 4614 1789 4696 legato
1804 4636 1876 4678 vero
1893 4615 2039 4678 librorum

201 4718 423 4804 βιβλιοθῆκαι
448 4719 523 4781 οὕτε
546 4721 699 4803 ἀρμάρια
722 4721 797 4783 οὔτε
820 4716 921 4782 λοιπά
944 4724 977 4781 έν
993 4715 1042 4793 οἷς
1065 4716 1109 4782 τά
1136 4740 1233 4800 neque
1257 4721 1368 4781 scrima
1390 4721 1488 4802 neqde
1504 4722 1635 4783 armaria
1649 4742 1748 4802 neque
1762 4731 1861 4785 cetera
1882 4723 2040 4803 inquibus

202 4825 319 4911 βιβλία
341 4826 478 4889 τίθεται
502 4825 578 4889 οὔτε
600 4827 752 4912 ἀγραφοι
774 4827 902 4910 χάρται
924 4825 943 4903 ἢ
959 4827 1108 4909 δέρματα
1136 4828 1205 4888 libri
1220 4828 1399 4900 conduntur,
1414 4848 1511 4908 neque
1525 4828 1648 4891 chartae
1661 4850 1722 4890 non
1736 4830 1866 4910 scriptae
1880 4849 1934 4891 seu
1948 4850 2040 4892 mem-

205 4934 349 5017 άγραφα
359 4935 550 5013 περιέχεται,
566 4931 622 4994 καὶ
639 4932 1108 5014 τῴληγάτῳτωνχαρτωντά
1138 4935 1250 4995 branae
1274 4955 1333 4995 non
1357 4935 1487 5015 scriptae
1514 4936 1713 5007 continentur,
1744 4944 1775 4998 et
1796 4935 1896 5015 legato
1923 4936 2041 4998 charta·

202 5038 318 5123 βιβλία
335 5040 374 5101 οὐ
390 5042 586 5120 περιέχεται,
607 5045 633 5102 ει
649 5037 691 5122 μὴ
709 5048 809 5103 τοῦτο
829 5039 987 5125 βουληθῇ
1003 5043 1021 5103 ό
1039 5040 1107 5104 δια·
1137 5063 1203 5102 rum
1226 5041 1296 5102 libri
1319 5062 1380 5102 non
1403 5042 1603 5116 continentur,
1626 5042 1685 5104 nisi
1706 5042 1738 5103 id
1753 5042 1881 5105 voluerit
1898 5051 2040 5105 testator:
2099 5122 2101 5126 Ι

205 5148 359 5227 θέμενος·
383 5147 430 5226 [fr.
448 5151 499 5208 52.
517 5153 532 5223 5
552 5147 585 5229 3]
610 5148 644 5209 τί
664 5145 730 5231 γὰρ
748 5144 798 5209 ὅτι
816 5147 1030 5227 έληγάτευσευ
1046 5153 1108 5211 έπι-
1142 5149 1189 5228 [fr.
1207 5152 1257 5208 52.
1275 5155 1291 5224 5
1310 5148 1342 5228 3]
1368 5147 1441 5227 quid
1465 5149 1544 5209 enim
1569 5150 1595 5209 si
1618 5149 1739 5210 chartas
1763 5149 1897 5211 studioso
1919 5150 2040 5212 cuidam

206 5253 407 5333 τηδευομέυω
434 5255 568 5333 χάρτας
594 5252 710 5337 βιβλία
736 5256 840 5335 μόνον
872 5257 972 5331 έχων,·
1010 5259 1049 5339 τῇ
1076 5256 1108 5316 δέ
1137 5255 1284 5334 legaverit
1301 5254 1394 5315 libros
1410 5264 1527 5316 tautum
1543 5255 1678 5317 habens?
1701 5256 1822 5318 nomine
1840 5265 1941 5318 autom
1956 5256 2040 5318 ohar-

205 5361 417 5441 προσηγορίμ
440 5370 507 5421 των
535 5362 701 5446 άγριίᾳων
713 5372 853 5442 χαρτῶν
869 5362 943 5424 οὔτε
960 5361 1108 5443 δέρματα
1137 5376 1236 5421 aarum
1259 5382 1319 5422 non
1335 5363 1514 5442 scriptarum
1538 5382 1633 5443 neque
1655 5362 1849 5424 membranae
1867 5382 1964 5444 neque
1978 5362 2041 5423 alia

207 5468 280 5529 οὔτε
308 5469 328 5542 ἡ
357 5466 438 5542 άλλη
469 5463 526 5542 ὕλη
555 5465 638 5547 πρὸς
667 5465 705 5530 τὸ
737 5469 881 5551 γράᾳειν
913 5473 1107 5548 πεποιημένη
1138 5469 1265 5529 materia
1287 5468 1328 5529 ad
1344 5468 1534 5530 scribendum
1557 5479 1667 5549 parata
1690 5470 1905 5549 significantur.
1950 5468 2040 5531 libro·

206 5572 378 5648 δηλοῦται·
395 5576 441 5653 τῷ
453 5572 486 5635 δέ
502 5573 634 5653 ληγάτῳ
647 5586 713 5635 των
727 5573 868 5658 βιβλίων
878 5574 917 5636 οὐ
927 5582 1107 5654 περιέχεται
1137 5597 1203 5635 rum
1231 5575 1331 5655 legato
1355 5594 1416 5635 non
1444 5576 1636 5637 continentur
1658 5577 1710 5656 qui
1737 5595 1798 5636 non
1825 5576 1915 5657 pleno
1937 5576 2040 5657 scripti

206 5676 250 5742 τά
272 5678 315 5760 μῆ
339 5680 466 5753 τελείως
488 5682 676 5765 γράφενταε
693 5718 735 5728 -
925 5682 960 5743 ir.
978 5686 1028 5744 52.
1046 5688 1062 5759 5
1080 5685 1108 5743 4.
1137 5690 1216 5742 sant.
1856 5682 1892 5745 fr.
1908 5685 1959 5744 52.
1976 5689 1992 5759 5
2009 5684 2039 5743 4.

280 5925 393 5981 ¹habet
412 5926 477 5997 Syn.
551 5927 665 5983 ’habet
683 5927 748 5999 Syn.
821 5928 937 5983 ⁸habet
954 5927 1020 5999 Syn.
1209 5928 1341 5982 ¹'l'oxtas
1360 5928 1468 5982 medela
1486 5929 1602 5999 indiget.
1638 5929 1671 5984 In
1689 5930 1750 5984 cod.
1769 5926 1934 6003 ληγβιβλίων.
1970 5929 2040 5984 Ver-

207 6015 218 6047 ⁴
238 6014 267 6070 τὸ
286 6013 315 6068 δέ
334 6017 449 6088 ληγάτοι
467 6017 528 6071 eod.
1138 6017 1203 6072 bum
1223 6014 1251 6069 δέ
1269 6034 1416 6088 perperam
1435 6018 1572 6073 inseritur.
