4842 7018
755 458 910 527 LIBER
931 461 1050 528 XLIV.
1095 463 1184 529 TIT.
1206 458 1475 529 XVI-XVIII.
1991 460 2031 522 87

198 641 304 724 ἐνοχῇ.
351 635 409 702 έάυ
432 632 491 702 οὖν
514 637 579 724 πρὸ
603 651 661 716 τῆς
684 641 840 724 ἀνοίξεισς
860 652 918 718 τῆς
933 642 1102 720 διαθήκης
1130 653 1200 706 πονε
1228 650 1347 723 apertae
1374 641 1495 703 tabulae
1523 640 1656 703 solutum
1684 641 1734 714 eit,
1767 660 1828 701 uon
1855 639 2033 701 eontinetur.

197 744 413 831 καταβληθῇ,
431 747 471 809 orl
486 750 676 829 περιέχεται.
708 753 735 811 εί
751 747 785 811 δέ
800 746 883 830 μετά
899 747 959 826 τήν
974 750 1103 833 ἄνοιξιν
1130 752 1156 813 ei
1182 771 1254 813 vero
1283 758 1353 830 poet
1380 757 1500 830 apertae
1527 747 1648 810 tabulae
1676 755 1748 809 ante
1774 746 1936 808 aditionem
1964 767 2033 807 oon·

198 848 263 933 πρὸ
280 851 526 927 ὑπεισελεύσεοις
546 855 739 935 ἀπαίτηται,
763 854 1045 941 ἀντιλαμβάνεται,
1068 861 1102 919 έν
1130 858 1276 932 veniatur,
1301 855 1418 936 recipit,
1441 876 1510 916 oum
1533 855 1685 917 tentatorie
1708 853 1895 916 voluntatem
1914 852 2034 915 noverit

198 949 224 1038 ᾧ
243 956 305 1034 τήν
327 967 389 1023 τοῦ
406 958 609 1041 διαθεμένου
624 961 756 1041 γνώμην
770 959 839 1048 ᾔδει
863 963 1101 1040 ὀάπαιτήσας·
1129 965 1250 1046 petitor:
1273 962 1343 1026 dolo
1366 962 1446 1023 enim
1469 961 1565 1023 simile
1590 960 1647 1043 [id]
1671 967 1725 1023 eet
1929 958 1964 1020 fr.
1982 963 2033 1021 24.

198 1064 284 1146 δόλῳ
307 1062 373 1148 χάρ
398 1069 509 1129 ἔοικεν.
997 1070 1033 1132 fr.
1051 1074 1101 1133 24.

262 1185 336 1252 Ἐάν
363 1182 555 1271 ληχατεήσοι
582 1195 624 1278 τῃ
647 1193 782 1272 χυναιιιί
804 1214 869 1275 μου
896 1194 1102 1271 πεντήκοντα
1196 1194 1229 1257 Si
1260 1193 1402 1274 legavero
1434 1194 1521 1254 uxori
1552 1212 1638 1255 meae
1668 1192 1888 1272 quinquaginta
1919 1211 2033 1265 aureos,

198 1296 389 1377 νομίσματα
404 1294 529 1382 [είπὼμ
552 1296 640 1362 αὐτά
656 1308 836 1381 χρεωστεῖν
852 1301 936 1387 αὐτῇ
955 1300 1012 1365 ιιαλ
1031 1306 1101 1364 ἐνα-
1129 1303 1231 1364 dioene
1255 1301 1329 1384 [me]
1354 1321 1405 1363 eoo
1428 1299 1538 1363 debere
1559 1300 1587 1361 ei
1609 1308 1641 1360 et
1662 1317 1755 1378 agene
1778 1298 1816 1359 de
1831 1298 1943 1360 credito
1969 1299 2031 1380 [ea]

197 1411 352 1483 χαχοῦσα
383 1402 455 1486 περί
490 1407 611 1487 χρέους
648 1406 798 1491 ἡττηθῇ,
841 1405 981 1471 δύναται
1018 1405 1102 1490 μετὰ
1129 1410 1211 1471 vieta
1237 1407 1340 1482 fuerit,
1370 1415 1472 1489 potest
1493 1405 1600 1467 deinde
1623 1414 1768 1486 tanquam
1797 1425 1834 1467 ex
1857 1404 1958 1485 legato
1981 1425 2033 1466 eoo

198 1518 307 1573 ταῦτα
338 1512 382 1583 ὡς
413 1507 480 1574 ἀπὸ
512 1510 661 1591 ληχάτου
693 1513 847 1576 ἀπαιτεῖν
878 1514 980 1577 αὐτά·
1013 1518 1040 1578 εί
1068 1515 1101 1578 δὲ
1129 1522 1239 1596 petere
1277 1514 1332 1576 Sin
1348 1523 1450 1576 autem
1465 1532 1573 1576 revere
1590 1513 1727 1574 debitum
1741 1522 1816 1586 erat,
1838 1511 1944 1574 inutile
1962 1511 2033 1595 [eet]

199 1612 260 1679 σὺν
282 1616 431 1697 ἀληθεία
450 1621 550 1704 χρέος
573 1614 621 1699 ἦν,
645 1619 773 1702 ἀκυρον
795 1616 834 1682 τδ
857 1620 1012 1701 ληχάτον.
1129 1622 1270 1702 legatum.
1759 1618 2033 1695 fr.28.§13.14.

828 1727 1101 1804 fr.28.§13.14.

21 1968 58 2022 B.
73 1968 112 2023 λδ
129 1974 181 2025 τῶν
441 1971 561 2026 ΤΙΤΛΟ(
580 1972 633 2041 ΙΖ’,
653 1973 785 2028 ΒΙΒΛΙΟΥ
803 1974 872 2028 ΜΔ’
1321 1971 1487 2031 'I'I'IIILUS
1505 1973 1599 2041 XVII,
1616 1972 1722 2027 LIBRI
1740 1972 1835 2027 XLIV
1848 2001 1850 2005 ·

21 2042 99 2132 ‘¹‘ss
114 2046 135 2116 ί·
148 2060 181 2115 δ’·
244 2099 306 2167 περὶ
325 2096 495 2169 ἀφαιρέσεως
512 2100 558 2150 καὶ
574 2102 731 2170 μεταφορᾶς
749 2100 871 2174 ληῃάτων
889 2097 905 2167 I
923 2097 1058 2170 φιδειιιομ-
1142 2099 1177 2155 de
1195 2100 1373 2170 ademptione
1392 2102 1421 2153 et
1438 2097 1621 2153 translatione
1638 2096 1794 2169 legatonrm
1813 2097 1859 2152 vel
1876 2095 2015 2152 fideicom-

595 2189 709 2257 μέσσων.
1506 2188 1661 2241 mineorum.

128 2322 163 2375 α’.
264 2306 339 2373 Ἐάν
361 2309 552 2392 ληχατεάσω
580 2312 739 2377 πλατεῖαν
766 2310 847 2377 δδδν
869 2313 953 2400 [καὶ]
976 2316 1103 2400 ἀφέλω·
1198 2315 1231 2377 si
1257 2315 1397 2395 legavero
1424 2315 1506 2377 viam
1533 2323 1564 2376 et
1590 2315 1647 2375 iter
1679 2314 1830 2387 ademere,
1863 2332 1925 2373 non
1952 2311 2035 2374 valet

199 2439 257 2497 μαι
275 2414 335 2494 τήν
351 2415 477 2497 στενήν,
495 2418 556 2481 οίιιι
571 2422 713 2503 ἔρρωται
730 2422 750 2496 ή
766 2422 957 2507 ἀφαίρεσις·
982 2423 1022 2485 orl
1036 2420 1102 2507 γάρ
1131 2422 1296 2502 ademptio;
1320 2442 1381 2482 uon
1404 2422 1485 2483 enim
1507 2429 1607 2502 potest
1629 2441 1695 2483 eeee
1717 2422 1769 2484 via
1791 2420 1856 2482 eine
1878 2421 1992 2482 itinere.

201 2523 339 2588 δύναται
364 2525 506 2588 πλατεῖα
529 2522 607 2599 ὁδὸς
630 2522 712 2589 εἶναι
733 2526 838 2610 χωρίς
860 2539 919 2605 της
943 2541 1066 2607 στενῆς.
1783 2527 1818 2589 fr.
1837 2531 1864 2588 1.
1880 2528 1919 2589 D.
1936 2530 1988 2601 34,
2003 2528 2033 2587 4.

851 2636 886 2697 fr.
906 2640 932 2697 1.
948 2637 988 2698 D.
1005 2640 1056 2713 34,
1073 2640 1102 2699 4.

264 2751 339 2817 Ἐἀν
354 2754 546 2837 ληχατεάσα
562 2779 616 2820 σοι
633 2754 754 2821 ἑκατὸν
772 2772 870 2841 νομμ*
892 2764 925 2822 έν
941 2759 1102 2849 διαθήκῃ,
1198 2761 1230 2824 Si
1253 2761 1393 2841 legavero
1419 2758 1476 2820 tibi
1503 2768 1625 2821 eentum
1653 2779 1758 2821 aureos
1785 2759 1817 2819 in
1844 2766 2034 2831 testamento,

198 2864 232 2922 ἐν
254 2860 464 2937 ιιωδιιιέλλοις
487 2863 516 2926 δ’
542 2868 621 2927 εἴποι
643 2866 731 2945 μόνα
757 2866 964 2943 πεντήκοντα
990 2868 1104 2953 λαβεῖν
1131 2870 1163 2930 in
1194 2867 1339 2930 oodioillie
1367 2874 1469 2929 autem
1497 2866 1600 2928 dixero
1627 2866 1725 2928 solum
1754 2864 1976 2946 quinquaginta
2003 2874 2034 2926 te

199 2988 244 3047 σε,
270 2967 358 3031 δοκῶ
387 2965 431 3032 τά
454 2969 540 3033 ἀλλα
563 2971 769 3049 πεντήκοντα
791 2974 1030 3060 ἀφαιρεῖσθαι.
1131 2995 1246 3056 capere,
1269 2974 1374 3037 videor
1396 2982 1497 3034 oetera
1520 2972 1741 3054 quinquaginta
1763 2971 1909 3034 ademere.

918 3082 954 3144 e.
971 3085 1000 3143 3.
1017 3089 1033 3160 η
1053 3086 1102 3145 10.
1850 3078 1886 3139 fr.
1903 3082 1931 3141 3.
1948 3084 1965 3155 ς
1985 3080 2033 3139 10.

105 3212 162 3266 ιε’.
264 3194 338 3261 Ἐάν
361 3199 567 3281 ληχατεάσας
590 3206 636 3283 τῷ
660 3203 881 3289 ἀπελευθέρῳ,
906 3202 1047 3289 ὕστερον
1070 3211 1103 3270 ἐν
1197 3206 1231 3269 Si
1254 3226 1323 3268 oum
1338 3204 1516 3286 legavieeem
1532 3203 1649 3279 liberto,
1671 3212 1777 3285 poetea
1796 3204 1829 3265 in
1851 3211 2034 3266 testamento

199 3308 239 3389 τῇ
263 3303 415 3392 διαθήκῃ
438 3310 516 3371 aluo>
540 3306 644 3372 αὐτὸν
667 3311 864 3396 ἀχάριστον,
889 3313 950 3377 οὐκ
970 3316 1107 3377 ἀπαιτεῖ
1130 3313 1234 3375 dixero
1256 3333 1325 3376 eum
1346 3313 1508 3393 ingratum,
1532 3331 1591 3372 non
1615 3311 1693 3392 petit
1715 3311 1858 3390 legatunn
1927 3310 1964 3371 fr.
1981 3312 2032 3372 29.

199 3407 238 3474 τὸ
261 3411 416 3492 ληχάτον.
998 3422 1034 3482 fr.
1052 3424 1102 3483 29.
1672 3427 1674 3430 ‘

437 3662 557 3717 ΤΙΤΛΟ(
576 3664 629 3733 ΙΗ’,
648 3664 781 3719 ΒΙΒΛΙΟΥ
799 3666 867 3719 ΜΔ’
1025 3666 1029 3674 ’
1318 3664 1485 3723 TITULUS
1503 3663 1611 3732 XVIII,
1629 3664 1734 3719 LIBRI
1752 3665 1848 3721 XLIV

199 3786 260 3855 περὶ
278 3786 444 3856 πραγμάτων
462 3785 620 3858 ἀμφιβόλων
637 3789 849 3861 ληφοιτευυμίνον
860 3793 905 3843 κοιλ
917 3794 978 3863 περὶ
991 3793 1103 3862 ἀφανῶν

654 3876 660 3895 ,
1205 3825 1241 3881 de
1258 3826 1341 3880 rebue
1360 3825 1453 3881 dubiis
1471 3825 1572 3896 legatie
1589 3830 1619 3880 et
1636 3824 1671 3879 de
1689 3826 1802 3879 incertia
1820 3827 1954 3896 perrone.

569 3896 731 3949 προσωπωι.
1679 3932 1684 3938 .

127 4014 161 4087 ῃ,
264 3996 314 4060 Ἐν
345 4007 416 4072 τοῖς
447 4000 649 4086 ἀμφιβόλοις
679 4004 741 4081 οὐχ
772 4005 930 4088 ἑκάτερον
960 4006 1102 4089 λέγομεν,
1197 4007 1236 4069 In
1258 4008 1348 4069 rebus
1370 4006 1471 4068 dubiie
1493 4026 1554 4067 non
1576 4012 1739 4085 utrumque
1761 4004 1902 4080 dieimne,
1927 4005 1980 4068 eed
2003 4005 2035 4066 id

200 4103 272 4166 ἀλλ’
298 4101 379 4186 ὅπερ
402 4103 640 4191 [βουλ]όμεθα·
664 4115 846 4195 τοιγαροῦν
869 4113 1007 4193 ὀλίγαν
1021 4114 1103 4177 ἀλλο
1131 4115 1229 4176 solum
1252 4114 1334 4195 quod
1356 4112 1509 4176 volumus:
1537 4113 1641 4192 itaque
1664 4112 1716 4192 qui
1738 4111 1813 4174 dicit
1835 4111 1918 4173 eliud
1941 4132 2034 4193 quam

200 4213 281 4291 ήπερ
309 4209 464 4295 βούλεται
494 4214 569 4277 οὔτε
597 4212 676 4297 ὅπερ
704 4221 849 4304 ἐκφανεῖ
870 4220 966 4300 λέχει,
996 4219 1103 4299 ἐπειδή
1131 4223 1196 4302 ipre
1213 4220 1290 4299 vult,
1313 4222 1339 4281 ie
1354 4241 1452 4300 neque
1474 4220 1505 4281 id
1524 4219 1605 4301 qnod
1627 4220 1837 4301 pronuntiavit
1859 4219 1940 4294 dioit,
1964 4240 2035 4299 quo·

199 4316 282 4379 άλλο
311 4318 416 4398 θέλει,
444 4320 520 4383 οὔτε
548 4318 627 4404 ὅπερ
660 4323 752 4387 θέλει
783 4324 891 4403 ἐπειδὴ
924 4327 985 4390 οὐκ
1016 4327 1103 4412 effe}
1131 4329 1213 4389 niam
1237 4327 1321 4389 aliud
1342 4326 1421 4401 vult;
1449 4347 1547 4408 neque
1573 4327 1605 4388 id
1627 4327 1708 4407 quod
1731 4325 1811 4400 vult,
1837 4326 1981 4407 quoniam
2003 4325 2034 4386 id

200 4424 301 4509 φώνει
326 4424 419 4488 αὐτό.
854 4434 889 4495 fr.
906 4438 935 4496 3.
950 4434 990 4495 D.
1007 4438 1058 4509 34,
1075 4439 1103 4496 5.
1131 4455 1192 4496 non
1214 4434 1432 4515 pronuntiavit.
1782 4436 1818 4494 lr-
1836 4437 1864 4495 3·
1880 4432 1920 4493 D·
1937 4435 1988 4505 34,
2006 4436 2034 4492 5·

129 4562 162 4618 δ’.
266 4544 331 4612 ‘Ore
354 4546 394 4613 τὸ
418 4551 526 4632 ὄνομα
548 4561 610 4615 τοῦ
624 4553 830 4638 ληχαταρίου
846 4561 879 4619 έν
896 4561 935 4644 τῇ
952 4556 1104 4643 διαθήκῃ
1198 4558 1277 4621 (lum
1304 4578 1412 4625 nomen
1440 4557 1579 4638 legatarii
1605 4558 1637 4619 in
1664 4564 1845 4619 testamento
1872 4576 1932 4617 non
1964 4556 2035 4617 eori-

198 4653 242 4736 μή
265 4655 443 4742 γράφεται,
467 4655 560 4720 δοκεῖ
577 4659 677 4741 μηδὲν
699 4659 874 4726 δίδοσθαι.
1022 4665 1058 4726 fr.
1074 4666 1103 4727 4.
1130 4665 1221 4739 bitur,
1244 4664 1365 4728 videtur
1386 4664 1462 4726 nihil
1484 4665 1559 4726 dari.
1952 4662 1988 4722 fr.
2005 4665 2034 4725 4.

122 4799 163 4851 θ’,
268 4777 335 4841 Δύο
351 4778 473 4854 παῖδας
488 4781 633 4866 ἀνήβους
648 4786 992 4864 έχισνὺπειιατέστησά
1007 4810 1043 4852 σε
1057 4793 1104 4871 τῷ
1198 4790 1285 4852 Duos
1317 4788 1395 4850 filios
1426 4789 1597 4869 impuberes
1627 4788 1742 4850 habene
1770 4787 1912 4849 substitui
1943 4795 1974 4848 te
2006 4786 2034 4847 ei

200 4884 388 4948 τελευταῖον
404 4888 669 4969 ἀποθνήσκοντι,
685 4888 777 4956 έάνὸ
798 4888 842 4967 είς
863 4896 1103 4980 προαποθάνῃ,
1132 4898 1183 4978 qui
1220 4896 1345 4957 ultimus
1378 4895 1551 4969 demerent,
1588 4896 1614 4957 ei
1648 4914 1727 4957 nnus
1760 4904 1850 4956 antea
1880 4894 2034 4968 moriatur,

200 4994 218 5053 ό
243 4987 388 5078 ἀδελφὸς
411 4993 516 5058 αὐτοῦ
538 4996 573 5079 ἐξ
588 4997 778 5062 ἀδιαθέτου
798 4998 984 5078 διαδέχεται
1001 4998 1105 5065 αὐτὸν
1131 5003 1226 5065 frater
1248 5003 1313 5063 eiua
1341 5002 1380 5063 ob
1402 5003 1546 5064 intentato
1569 5002 1596 5064 ei
1619 5001 1753 5063 euooedit
1775 5010 1807 5062 et
1828 5009 1864 5062 tn
1886 5000 1974 5062 alteri
1996 5021 2035 5062 ex

2097 1975 2114 2028 λ
2127 1978 2170 2027 34.

2065 2045 2129 2114 ειη.
2143 2050 2160 2099 ι.
2173 2050 2198 2099 ι.

199 5094 315 5160 καὶσὺ
330 5095 390 5161 τὸν
406 5098 558 5180 δεύτερον
576 5108 612 5167 ἐκ
630 5116 688 5181 τῆς
706 5107 1044 5192 ὑπο[ιιατα]στάσεοις.
1078 5112 1105 5171 εί
1132 5109 1359 5181 substitutione
1387 5110 1413 5170 ei
1435 5128 1507 5171 vero
1530 5109 1620 5171 umbo
1643 5109 1732 5169 simul
1755 5108 1934 5182 moriautur,
1961 5108 2034 5169 utn‘·
2104 5114 2106 5117 ’

200 5204 234 5267 δέ
258 5206 291 5266 σί
312 5203 371 5267 δύο
390 5206 475 5286 ὁμοῦ
493 5209 709 5291 ἀπσθανῶσι,
728 5222 799 5287 τοῖς
817 5211 877 5275 δύο
895 5214 969 5299 χίνῃ
988 5213 1104 5298 ιιληρο-
1132 5237 1189 5297 que
1212 5217 1270 5278 eris
1296 5215 1392 5289 heres,
1423 5216 1562 5295 quemvis
1588 5217 1615 5276 ei
1643 5217 1696 5296 qui
1723 5215 1847 5276 ultimus
1874 5214 2035 5276 deoeeeerit

48 5332 96 5399 [οη
111 5336 163 5387 65¹.
200 5311 310 5391 νόμος,
333 5308 398 5373 κάν
412 5316 461 5393 τῷ
476 5315 663 5381 τελευταῖον
678 5321 935 5396 ἀποθνήσκοντι
951 5320 1104 5384 ὑπεκατέ-
1131 5332 1162 5384 te
1185 5322 1404 5396 eubetituerim;
1433 5323 1538 5402 etqui
1559 5342 1654 5383 unum
1677 5330 1798 5384 tantum
1824 5320 1919 5383 filium
1942 5320 2035 5382 habet

201 5416 313 5493 στησά
337 5439 386 5480 σε·
410 5417 467 5482 καλ
483 5422 502 5483 ὁ
518 5426 577 5486 ένα
599 5422 665 5508 γάρ
681 5426 785 5506 μόνον
808 5423 881 5489 υἱὸν
896 5429 981 5504 ἔχειν
995 5427 1105 5501 καλῶς
1131 5439 1212 5491 reete
1235 5429 1393 5492 substituit
1414 5430 1441 5491 ei
1463 5430 1515 5509 qni
1530 5429 1655 5490 ultimus
1671 5437 1808 5490 mortuue
1823 5429 1887 5502 erit,
1910 5438 1941 5490 et
1954 5449 2034 5490 unus

201 5523 456 5602 ἀποκαθίστησι
488 5534 534 5610 τῷ
556 5530 743 5595 τελευταῖον
766 5533 1022 5609 ἀποθνήσκοντι
1046 5532 1103 5597 καί
1132 5536 1215 5598 eolus
1238 5545 1384 5616 eoguntue
1399 5536 1509 5598 dieitur
1530 5535 1695 5616 proximus.
1729 5535 1764 5597 fr.
1781 5539 1800 5598 9
1816 5556 1861 5616 pr.
1876 5536 1916 5598 D.
1937 5537 1987 5608 34,
2004 5539 2033 5595 5.

200 5633 219 5693 ὁ
243 5630 288 5707 είς
309 5639 411 5719 μόνος
435 5635 593 5717 συγγενής
614 5638 743 5718 λέγεται
766 5641 940 5721 ἀχχιστοςι
957 5677 1000 5687 -—

799 5747 834 5810 fr.
853 5752 871 5810 9
887 5769 932 5828 pr.
948 5748 988 5810 D.
1006 5751 1058 5822 34,
1075 5752 1103 5811 ὅ.

266 5867 340 5933 uuo
363 5875 396 5933 έν
419 5870 547 5951 πολέμῳ
570 5867 654 5949 μετά
669 5878 731 5932 τοῦ
749 5872 822 5934 υἱοῦ
843 5892 908 5953 μου
923 5872 1103 5951 ἀποθάνω,
1199 5874 1232 5936 si
1256 5876 1286 5935 in
1310 5874 1390 5936 bello
1413 5896 1482 5936 oum
1505 5875 1566 5936 filio
1588 5895 1655 5935 meo
1678 5883 1815 5936 mortuus
1838 5874 1931 5947 fuero,
1953 5874 2035 5953 prior

201 5988 334 6060 πρῶτος
350 5976 545 6059 πιστεύομαι
561 5974 729 6040 τελευτάν·
747 5977 795 6061 [fr.
810 5981 838 6040 9.
856 5984 872 6056 ξ
886 5978 917 6060 1]
935 5982 961 6040 εί
978 5976 1012 6040 δὲ
1028 5979 1103 6043 ἀπε·
1132 5981 1237 6044 credor
1251 5983 1425 6056 deoeeeisee3
1450 5982 1498 6064 [fr.
1510 5985 1538 6043 9.
1556 5987 1572 6057 ξ
1592 5981 1623 6062 1]
1642 5982 1753 6043 sivero
1768 5980 1893 6043 libertus
1909 5989 1940 6043 et
1953 5980 2033 6041 lilius
