4842 7018
820 460 974 531 LIBER
995 461 1113 532 XLIV.
1150 465 1239 533 ΤῙΤ.
1262 463 1369 534 XXX
1392 461 1517 532 XXXI.
2018 464 2060 534 95

293 635 360 707 Ἐπλ
377 643 411 707 δὲ
426 642 607 729 ληγάτιονη
618 647 903 734 φιδεικομμίσσοιν
913 653 1131 733 συνημμένων,
1226 650 1265 711 In
1279 650 1386 730 legetis
1402 650 1451 713 vol
1467 649 1703 713 fideicommissis
1712 650 1888 725 coniunctis,
1904 651 1929 712 si
1939 650 2059 731 quidem

229 757 255 815 εί
286 754 344 836 μὲν
371 752 491 830 πάντες
520 756 658 819 θέλουσι
686 752 814 839 λαβεῖν,
842 755 1059 842 λαμβάνουσι.
1105 761 1132 819 εί
1160 777 1263 819 omnes
1285 776 1392 837 ospere
1414 756 1522 831 velint,
1545 757 1710 838 sooipiunt:
1739 758 1764 818 si
1790 777 1863 820 vero
1890 778 1961 838 pars
1982 757 2062 820 defo

229 859 263 923 δὲ
278 864 376 945 μίρσς
391 863 556 942 άτονήσει,
581 870 652 936 τοῖς
668 866 882 946 συνημμένους
905 864 1131 946 προστίθεται
1160 865 1242 938 ool-it,
1265 865 1432 926 coniunctis
1455 864 1605 926 adcrescit
1627 884 1697 926 oum
1717 884 1771 926 suo
1787 860 1900 926 οιιετε.1
1940 864 2021 945 quod
2036 866 2062 926 si

228 964 311 1049 μετά
342 979 401 1045 τῆς
433 969 519 1043 ἰδίας
551 980 653 1050 τιμῆς.
700 972 727 1031 εί
759 968 793 1032 δὲ
820 968 863 1051 μὴ
890 968 1070 1054 βούλονται
1100 972 1132 1033 οἱ
1159 970 1257 1031 nolint
1282 970 1468 1050 collegatarii
1496 971 1640 1052 sooipero,
1669 971 1761 1033 datur
1786 971 1854 1045 illis,
1882 992 1901 1033 ε
1928 991 1988 1052 quo
2016 983 2062 1034 est

228 1074 488 1159 σνλληγατάριοι
504 1076 774 1158 καταδέξασθαι,
786 1074 886 1139 δίδοι1
897 1074 981 1163 πρὸς
990 1079 1132 1151 ἐκείνους
1158 1075 1305 1140 relictum.
1587 1110 1593 1121 ·
1974 1085 1990 1156 ξ
2010 1083 2059 1141 11.

229 1181 264 1264 ἐξ
286 1177 332 1244 ὧν
354 1182 578 1269 κατελείφθηε
596 1220 638 1231 -
1045 1188 1130 1262 511.
1191 1245 1196 1252 ,

458 1449 578 1503 ΤΙΤΛΟ(
596 1449 657 1517 ΛΑ’,
677 1450 809 1504 ΒΙΒΛΙΟΥ
827 1451 896 1504 ΜΔ’
1347 1448 1515 1507 TITULUS
1533 1449 1642 1517 XXXI,
1660 1448 1766 1504 LIBRI
1784 1449 1881 1505 XLIV

229 1572 288 1627 τότε
301 1576 347 1640 τῆς
356 1572 514 1642 daemonic
523 1575 576 1628 τῶν
588 1574 710 1647 ληηάτων
718 1572 950 1646 ηιόεικομμίσσων
961 1576 1131 1646 τηρουμένων
1158 1578 1225 1627 tono
1242 1574 1425 1643 possessionis
1447 1574 1600 1644 legatorum
1619 1574 1685 1644 [vol]
1708 1572 1981 1631 fideicommissorum
2005 1594 2060 1633 sor-

255 1662 271 1730 η
289 1663 362 1716 αἰτία
381 1662 593 1736 συγκεχώρηται,
612 1661 658 1717 ὅτε
676 1662 833 1718 ι’κανοδοσίιι
853 1661 971 1730 δοθῆναι
989 1663 1100 1733 όφείλει.
1202 1662 1355 1718 vsndorum
1375 1679 1461 1717 causa
1477 1664 1612 1734 permisso
1630 1668 1681 1733 ost,
1698 1681 1762 1719 oum
1780 1664 1910 1719 sstisdsri
1927 1664 2019 1721 debet

175 1788 191 1841 '-
259 1840 262 1847 .
292 1786 367 1852 Ἐάν
388 1785 473 1871 μετά
495 1786 535 1853 τὸ
553 1788 739 1871 νεμηθῆναι
755 1784 833 1864 τοὺς
848 1789 1072 1872 ληγαταρίους
1086 1787 1131 1853 τά
1225 1788 1259 1850 si
1288 1798 1450 1870 postquam
1477 1810 1525 1852 ros
1551 1791 1703 1872 possidere
1731 1791 1884 1871 coeperint
1914 1791 2060 1871 legatarii,

228 1897 412 1981 πράγματα
434 1899 453 1960 ὸ
476 1897 682 1982 κληρονόμος
705 1895 878 1982 ηποιληση
894 1905 1004 1960 ταῦτα
1018 1896 1038 1974 η
1054 1897 1131 1961 ὑπό-
1158 1895 1243 1958 heres
1273 1896 1323 1959 vol
1355 1896 1524 1959 vendiderit
1551 1917 1603 1959 sss
1631 1897 1681 1961 vel
1709 1896 1897 1971 alIensvsrit,
1929 1900 2060 1980 potiores

227 2004 336 2080 θηται
360 2012 478 2083 ταῦτα,
502 2003 740 2088 προτιμότεροί
758 2007 841 2065 είσιν
866 2005 900 2066 οἱ
921 2004 1129 2086 ληγατάριοι,
1157 2002 1309 2065 habentur
1335 2003 1481 2082 legstsrii,
1509 2005 1563 2085 qui
1584 2012 1731 2085 tanquam
1758 2005 1902 2085 praetorii
1928 2007 2060 2086 pigneris

227 2112 272 2183 ὡς
304 2108 371 2174 άπὸ
404 2111 612 2194 πραιτωρίου
642 2109 797 2193 ὲνεχίιρου
829 2108 912 2174 αὐτὸ
943 2108 1130 2194 λαμβάνον·
1158 2111 1222 2172 iure
1244 2111 1276 2171 id
1298 2110 1460 2192 occipiunt
1798 2132 1822 2173 ο.
1839 2115 1868 2173 3.
1884 2112 1917 2174 Ο.
1934 2111 1992 2187 VI,
2008 2116 2059 2174 54.

227 2239 292 2290 τεςι
309 2255 352 2265 -
867 2239 891 2279 o.
909 2222 937 2280 3.
954 2219 987 2281 C.
1003 2218 1061 2292 VI,
1079 2223 1129 2281 54.
1976 2296 1982 2304 ⁴

173 2321 190 2373 '·
298 2321 422 2398 Οίτινες
444 2324 593 2404 ληηάτου
616 2322 635 2400 ἢ
659 2323 936 2410 φιδεικομμίσσου
959 2328 1064 2388 όνεκεν
1086 2330 1130 2399 είς
1224 2324 1416 2405 Quicumque
1448 2324 1540 2405 legati
1572 2324 1623 2388 vol
1653 2324 1875 2388 fideioommissi
1907 2346 2002 2388 conss
2027 2328 2059 2389 in

226 2428 331 2512 νομὴν
363 2434 555 2513 πέμπονται,
587 2431 628 2493 οὐ
654 2427 715 2507 τὴν
747 2429 941 2494 ὃεσποτεῐαν
972 2442 1129 2512 κτῶνται,
1157 2430 1378 2512 possessionem
1404 2432 1577 2506 mittuntur,
1605 2452 1667 2493 non
1695 2431 1862 2513 adquirunt
1884 2432 2059 2507 dominium,

226 2534 313 2601 άλλά
335 2538 466 2601 δίκαιον
488 2534 656 2618 ἐνεχύρου·
681 2535 736 2601 ἵνα
757 2535 836 2601 κάλ’
857 2534 941 2620 μετά
964 2536 1004 2602 τό
1026 2561 1130 2603 κατα·
1158 2537 1212 2599 sed
1238 2538 1286 2600 ius
1308 2538 1455 2619 pigneris;
1484 2547 1577 2619 atquo
1604 2547 1640 2600 ut
1665 2548 1736 2620 post
1762 2548 1922 2621 soosptum
1948 2540 2059 2621 pignus

225 2644 368 2732 λειφθὲν
394 2648 548 2729 ἐνέχυρον
580 2641 620 2707 τό
653 2640 769 2707 ἱκανόν
795 2647 929 2724 γένηται
957 2649 998 2731 τῇ
1025 2644 1130 2733 βουλῇ
1157 2645 1232 2707 satis
1262 2645 1318 2707 fist
1342 2644 1478 2707 defuncti
1505 2644 1665 2720 voluntati,
1693 2655 1866 2726 competens
1893 2646 1997 2721 iudex,
2030 2658 2060 2709 ts

225 2759 287 2814 τοῦ
304 2751 569 2832 τελευτήσαντος,
589 2751 784 2834 ὸάρμόδιος
798 2749 958 2828 δικαστὴς
973 2761 1037 2816 σοῦ
1051 2773 1130 2837 προ·
1157 2751 1296 2827 adeunte,
1318 2751 1443 2814 iubebit
1988 2774 2013 2816 ο.
2030 2758 2059 2816 5.

226 2859 358 2928 σιόντσς
381 2857 534 2922 κελεύσειε
551 2895 593 2904 -
1058 2881 1082 2923 o.
1100 2864 1129 2922 5.

289 2962 322 3028 ‘0
344 2964 547 3050 ληγατάριος
570 2964 692 3051 ὀφείλει
717 2964 908 3045 πέμπεσθαι
924 2970 968 3040 είς
986 2963 1047 3042 τὴν
1063 2977 1130 3030 τῶν
1223 2964 1405 3046 Lsgstarius
1432 2966 1465 3027 in
1491 2967 1710 3046 possessionem
1741 2987 1842 3029 rorum
1878 2967 1971 3048 legsti
2001 2988 2060 3030 ser·

226 3075 259 3134 ἐν
275 3076 323 3153 τῷ
338 3071 472 3153 λημάτῳ
483 3071 778 3157 άσιμαλιζομόνοον8
793 3072 1001 3156 πραγμάτων
1016 3071 1128 3156 νομὴν,
1157 3071 1250 3133 vsndi
1272 3093 1366 3135 eausa
1389 3072 1468 3134 mitti
1490 3073 1587 3147 debet,
1609 3073 1742 3154 primum
1763 3075 1795 3135 in
1814 3095 1869 3141 res
1893 3083 2060 3156 quaesunt

225 3188 360 3263 πρῶτον
391 3179 449 3259 μὲν
480 3183 523 3251 εἰς
551 3173 596 3242 τά
626 3178 809 3262 πράγματα
836 3175 880 3242 τά
911 3180 995 3242 ὄντα
1026 3183 1061 3241 ὲν
1088 3183 1129 3267 τῇ
1156 3179 1188 3238 in
1210 3178 1378 3242 hereditate
1399 3190 1431 3242 st
1451 3181 1483 3241 in
1498 3200 1558 3255 ess,
1581 3200 1657 3260 quos
1675 3179 1745 3241 dolo
1760 3180 1846 3243 hores
1861 3181 1952 3243 desiit
1965 3183 2060 3263 possi-

229 3285 445 3368 κληρονομία,
473 3283 531 3348 καί
558 3281 625 3348 ὅσα
647 3281 738 3348 κατά
760 3283 859 3347 δόλον
882 3287 901 3348 ὁ
923 3285 1129 3370 κληρονόμος
1155 3285 1233 3348 dere.
1279 3296 1311 3348 st
1332 3286 1407 3349 dioit
1421 3295 1522 3349 sutem
1541 3288 1649 3350 miram
1671 3287 1808 3368 reguism
1823 3287 2010 3362 eonstitutio;
2034 3289 2060 3351 si

226 3392 447 3468 άπεκτίησατο.
488 3391 569 3472 λέγει
594 3390 628 3454 δὲ
651 3390 745 3473 ξένον
767 3391 943 3473 νόμιμονη
967 3391 1127 3475 διάταξις,
1154 3392 1447 3455 fideicommisssrius
1468 3393 1731 3455 fideicommissum
1758 3403 1864 3474 potens
1887 3394 1987 3457 malso
2008 3417 2060 3457 vo·

225 3495 278 3560 ὅτι
301 3496 360 3561 ἐὰν
388 3500 406 3559 ό
430 3497 763 3585 φιδεικομμισσάριος
786 3495 826 3562 τὸ
853 3498 1128 3583 φιὸεικόμμισσον
1155 3498 1282 3563 luntatis
1297 3500 1436 3562 heredem
1446 3509 1554 3562 neotus
1569 3501 1609 3562 sit
1618 3511 1708 3581 stque
1721 3502 1930 3563 ssxmensium
1941 3512 2059 3583 tempus

226 3606 379 3667 άπαιτῶν
405 3606 598 3686 ἀγνώμονος
630 3604 807 3691 πειραθείη
834 3613 897 3668 τοῦ
921 3605 1129 3689 κληρονόμον
1154 3607 1353 3688 praeterierit,
1377 3616 1450 3669 tuno
1471 3608 1503 3668 in
1525 3627 1624 3669 rerum
1646 3608 1741 3689 ipsius
1760 3607 1877 3670 heredis
1898 3609 2059 3689 possessio·

225 3710 281 3774 καὶ
305 3711 517 3794 έξαμηνιαῖος
540 3710 729 3795 παρόδραμε
748 3712 881 3794 χρόνος,
905 3714 981 3776 τότε
1003 3712 1060 3776 καὶ
1084 3718 1128 3787 είς
1155 3733 1224 3775 nem
1246 3715 1384 3776 mittitur.
1986 3736 2011 3776 c.
2029 3718 2058 3778 6.

225 3813 269 3880 τά
292 3818 477 3901 πράγματα
500 3826 562 3881 τοῦ
578 3818 786 3902 κληρονόμου
804 3816 849 3882 τά
864 3816 954 3883 roano
970 3822 1127 3900 πέμπεται

224 3929 269 3997 είς
291 3924 407 4006 νομηνε
428 3962 470 3970 -
1056 3948 1081 3990 o.
1099 3932 1126 3989 6.

1140 4017 1229 4083 η...
1248 4056 1366 4061 ..ὴ-ψ

298 4102 365 4155 ¹ito
382 4101 443 4156 eod.
462 4119 496 4156 ox
514 4100 622 4172 vulgari
640 4103 824 4157 reeentIorum
842 4119 1004 4173 graecorum
1023 4119 1083 4157 usu.
1140 4114 1143 4127 ¹
1228 4104 1291 4158 ¹ad
1314 4103 1366 4158 titt„
1389 4105 1502 4174 honors3
1524 4105 1596 4159 mele
1620 4106 1693 4159 enim
1721 4122 1838 4175 graecus
1860 4102 1998 4160 intellexit
2024 4122 2057 4160 so

297 4190 388 4261 'lege
407 4188 444 4245 di.
517 4190 636 4245 ’textus
654 4197 807 4262 comptus.
1094 4268 1096 4272 Α
1141 4144 1240 4263 λνειίιε.
