4978 7018
838 433 992 501 LIBER
1013 434 1153 500 XXXV.
1197 435 1288 501 TIT.
1311 435 1385 501 VII.
1407 435 1500 503 VIII.
2039 438 2081 500 45

252 620 359 701 ὄνομα
382 618 532 701 ἔχαράγη
554 615 611 681 καὶ
636 616 920 681 ὑποκατάστατον
938 611 1030 696 εἶχεν,
1053 617 1154 698 μόνος
1182 618 1330 693 habuerit,
1361 618 1411 679 hio
1442 618 1525 681 solus
1556 619 1633 699 petit
1659 627 1691 679 et
1718 617 1758 679 ab
1785 638 1822 680 eo
1848 617 1954 680 relicta
1979 617 2083 698 legata

252 722 351 799 αὐτὸς
374 727 564 793 ἀπαιτεῑται
588 723 645 788 καὶ
669 720 713 789 roi
736 723 815 809 παρ’
842 724 948 786 αὐτοῦ
973 722 1153 810 καταλιιφ-
1182 725 1349 800 solvrmtur,
1373 747 1442 787 oum
1458 725 1554 788 solam
1576 725 1795 788 institutionem
1810 724 1941 788 voluerit
1955 734 2084 787 testator

253 832 362 896 θέντα
384 832 515 913 ληγάτα
538 831 688 895 δίδονται
711 828 766 894 ότε
788 831 892 912 μόνην
915 829 975 907 τήν
998 832 1154 893 ἔνστασιν
1181 833 1335 895 infirmari.
1380 832 1414 895 si
1440 852 1512 895 vero
1535 833 1670 894 omnium
1697 832 1840 894 heredum
1866 833 1990 894 nomina
2012 852 2084 895 can·

251 940 356 1003 αίιτοῦ
374 939 539 1016 ήθέλησεν
557 940 576 1001 d
593 937 791 1018 διαθέμενος
807 937 1031 1018 ἀκοροῦσθαι.
1077 940 1104 999 εί
1120 935 1154 1000 δέ
1182 939 1346 1014 cellaverit,
1369 948 1442 1002 tunc
1464 960 1653 1021 quaeremus,
1678 948 1780 1000 utrum
1802 938 1889 1001 illum
1912 938 2010 1001 solum
2033 959 2084 1000 vo

250 1045 306 1110 καλ
335 1039 395 1110 οὖν
423 1047 558 1113 πάντων
587 1056 655 1109 τῶν
685 1044 900 1128 κληρονόμων
931 1039 975 1106 τά
1003 1044 1155 1126 ὀνόματα
1180 1047 1272 1110 luerit
1296 1049 1404 1128 punire
1431 1068 1471 1110 an
1493 1067 1566 1110 vero
1590 1055 1621 1109 et
1643 1057 1757 1109 eeteros
1784 1056 1909 1127 propter
1931 1064 2007 1106 eum
2054 1046 2085 1105 in

251 1154 496 1238 περιεχάραξεν,
511 1154 587 1216 τότε
603 1154 760 1233 ζητοῦμεν
776 1151 917 1234 πότερον
932 1147 1036 1214 αὐτὸν
1050 1151 1154 1232 μόνον
1182 1154 1274 1218 dubio
1306 1174 1411 1219 verum
1438 1164 1469 1216 et
1496 1154 1701 1217 institutiones
1729 1163 1896 1217 ceterorum
1924 1161 1955 1214 et
1982 1151 2085 1232 legata

250 1261 395 1337 ήθέλησε
418 1262 578 1342 ζημιῶσαι
603 1258 622 1337 ή
645 1256 702 1323 καλ
725 1253 804 1332 τοὺς
825 1257 945 1330 ἀλλους
973 1256 1014 1319 δι’
1041 1257 1153 1321 αὐτόν.
1181 1262 1286 1325 valent
1307 1272 1432 1344 propter
1453 1261 1682 1324 humanitatem.
1833 1259 1869 1321 fr.
1887 1263 1915 1322 2.
1929 1258 1970 1322 D.
1988 1261 2038 1332 28,
2054 1259 2084 1320 l.

250 1372 284 1431 ἔν
307 1367 485 1454 ἀμφιβόλῳ
509 1367 543 1431 dd
565 1365 623 1431 καὶ
639 1367 676 1430 αί
690 1366 860 1438 ἐνστάσεις
875 1374 942 1426 τῶν
957 1363 1082 1428 λοιπῶν
1096 1364 1153 1428 καὶ

251 1470 294 1538 τά
317 1474 448 1555 ληγάτα
475 1476 618 1559 ἔρρωται
643 1470 699 1537 διά
717 1469 757 1536 τδ
774 1471 1025 1558 φιλάνθρωπον
1040 1473 1152 1535 αὐτοῦ.

902 1579 938 1640 fr.
956 1581 984 1640 2.
999 1579 1039 1640 D.
1057 1580 1107 1654 28,
1124 1583 1153 1640 4.

178 1701 213 1773 γ.
317 1684 390 1751 'Eois
418 1684 462 1751 τά
485 1689 637 1769 ὀνόματα
664 1697 731 1750 των
752 1685 967 1770 κληρονόμων
995 1686 1014 1749 d
1038 1684 1153 1750 διαθέ-
1248 1690 1282 1752 si
1313 1689 1437 1751 nomina
1467 1686 1613 1751 heredum
1643 1696 1771 1749 testator
1797 1685 2022 1760 cancellaverit,
2054 1696 2085 1748 et

249 1816 345 1877 μενος
360 1795 505 1881 χαράξη,
526 1816 583 1858 και
600 1795 732 1880 ἁρμόσῃ
753 1793 957 1877 κληρονομία
972 1794 1016 1867 ὡς
1032 1793 1153 1857 ἀννπό-
1182 1805 1332 1877 competat
1354 1794 1505 1858 hereditas
1527 1803 1562 1855 ut
1584 1793 1720 1856 subiecto
1743 1814 1848 1856 carens
1870 1793 1954 1866 fisco;
1982 1793 2085 1873 legata

251 1923 377 1975 στατος
404 1906 451 1983 τῷ
479 1901 639 1983 δημοσίω,
666 1897 711 1964 τά
732 1898 775 1982 μή
800 1902 997 1985 γαραγέντα
1023 1899 1154 1980 ληγάτα
1182 1924 1243 1965 non
1264 1902 1435 1966 cancellata
1456 1901 1616 1964 solvrmtur
1631 1910 1662 1962 at
1683 1900 1846 1975 libertates,
1868 1900 2008 1981 quamvis
2024 1901 2085 1961 sint

252 2008 416 2089 δίδονται,
436 2010 473 2073 αἱ
488 2007 522 2071 δὲ
538 2007 734 2092 ἔλεοθερίαι,
750 2004 815 2073 κάν
826 2017 1035 2092 χαραγῶσιν,
1051 2007 1154 2089 ἀρμό·
1181 2010 1375 2085 cancellatae,
1399 2008 1555 2071 debentur.
2001 2006 2038 2068 fr.
2054 2011 2083 2070 3.

251 2117 373 2196 ζονσιν.
1025 2113 1061 2174 ir.
1078 2118 1097 2176 3
1114 2113 1153 2176 ib.

207 2276 213 2288 .
316 2220 390 2287 Ἐἀν
413 2227 448 2286 ἐκ
470 2221 601 2287 πολλῶν
623 2223 747 2302 ὁμοίων
774 2220 952 2297 διαθηκῶν
979 2217 1050 2302 ἀμα
1072 2240 1152 2305 γρα-
1249 2223 1282 2287 Si
1319 2245 1358 2285 ex
1394 2212 1533 2303 pluribus
1576 2221 1724 2284 similibus
1766 2222 1958 2283 testamentis
1996 2221 2087 2283 simul

251 2340 377 2417 φεισων
409 2329 579 2415 ἀπαλιίιμη
609 2325 702 2402 τινάς
730 2329 749 2390 ό
779 2327 987 2408 διαθέμενος,
1020 2330 1056 2390 ἔκ
1087 2337 1154 2389 τῶν
1182 2333 1308 2412 scriptis,
1324 2331 1473 2412 quaedam
1493 2328 1637 2391 deleverit
1656 2337 1785 2390 testator
1803 2348 1842 2388 ex
1860 2328 1967 2390 ceteris
1983 2328 2086 2408 scripti

251 2438 376 2500 λοιπῶν
399 2438 432 2499 oi
454 2438 672 2520 γεγραμμένοι
694 2434 967 2519 κληρονομοῦσα,
991 2437 1018 2497 εί
1032 2432 1076 2515 μή
1093 2433 1153 2497 δεί·
1181 2438 1305 2502 heredes
1337 2438 1418 2512 fient,
1450 2437 1508 2498 nisi
1539 2436 1735 2516 probaverint
1766 2434 1919 2519 [heredes]
1951 2434 2086 2516 legitimi,

250 2544 353 2627 ξωσιν
376 2544 409 2609 oi
431 2544 465 2625 ἐξ
488 2541 686 2621 ἀδιαθέτου,
714 2543 758 2615 ὡς
781 2539 967 2615 ἀδιάθετος
990 2541 1155 2618 ήθέλησεν
1183 2545 1315 2610 voluisse
1337 2545 1516 2607 intestatum
1539 2543 1691 2605 decedere.
2003 2540 2039 2603 fr.
2055 2545 2085 2602 4.

251 2652 450 2715 ἀποθανεῖν.
1026 2648 1062 2711 fr.
1077 2653 1098 2712 4
1114 2650 1154 2712 ib.

497 2789 618 2843 τιτΛο(
637 2789 681 2857 ιν,
701 2788 834 2843 ειεΛιοΥ
852 2789 907 2842 ιε’
1376 2788 1544 2847 strutus
1563 2789 1643 2858 vm,
1662 2788 1768 2844 nram
1786 2788 1899 2845 xxxv

249 2901 311 2972 περὶ
319 2895 424 2952 παίδων
433 2900 477 2950 καὶ
486 2897 712 2967 κυοφορουμένων
720 2894 825 2950 παίδων
833 2894 1052 2967 καὶκληρονόμων
1062 2895 1155 2950 ἐνστα-
1182 2900 1217 2954 de
1229 2898 1324 2955 liberis
1337 2899 1410 2954 etde
1423 2899 1458 2952 iis
1467 2899 1515 2968 qni
1526 2898 1554 2951 in
1564 2903 1642 2951 utero
1654 2903 1720 2951 sunt
1730 2898 1779 2965 (et)
1790 2895 1941 2952 heredibus
1952 2897 2087 2951 institutis

250 2990 357 3043 θέντων
375 2985 391 3055 ἢ
404 2985 562 3059 &nesticae
574 2984 590 3054 ἢ
603 2986 810 3057 ἀμνημονεὺιων
823 2983 962 3039 δοθέντων
975 2984 1003 3038 ἐν
1015 2982 1154 3056 διαθήκῃ.’
1182 2989 1228 3044 vel
1240 2987 1416 3044 exheredatis
1425 2987 1471 3043 vel
1480 2989 1541 3041 sine
1550 2987 1690 3041 mentione
1702 2987 1862 3057 praeteritis
1870 2988 1900 3040 in
1912 2990 2085 3042 testamento.

179 3120 214 3174 ι’.
315 3109 511 3196 ‘Ovopotorl²
534 3111 726 3195 ἀπόκληρον
749 3121 886 3186 ποιήσαι
905 3109 975 3174 ἐστὶ
991 3107 1031 3174 τὸ
1047 3112 1154 3192 ὄνομα
1249 3116 1436 3178 Nominatim
1468 3114 1650 3177 exheredem
1684 3113 1782 3175 facere
1820 3123 1866 3175 est
1896 3134 2005 3175 nomen
2037 3114 2088 3176 vel

251 3217 347 3298 ήτδν
359 3216 595 3306 χρηματισμὸν
610 3217 630 3295 ή
646 3216 686 3283 τδ
702 3214 900 3299 ἔπολνιιμον.3
944 3219 1154 3294 fr.1.D.28‚2.
1182 3244 1367 3306 praenomen
1390 3222 1440 3285 vel
1463 3242 1631 3301 cognomen
1653 3221 1787 3302 [dicerel.
1835 3220 1871 3282 ir.
1890 3223 1917 3282 1.
1933 3220 1972 3281 D.
1990 3224 2041 3295 28,
2058 3223 2086 3282 2.

180 3331 214 3405 β’.
322 3324 369 3391 Tc
401 3330 500 3390 slacio
532 3327 550 3388 d
577 3327 660 3399 νίός
686 3346 760 3406 μου
791 3324 1015 3406 ἀπόκληρος
1042 3328 1154 3405 ἔστω,
1249 3329 1283 3393 Si
1306 3329 1491 3410 quisdicat:
1514 3328 1744 3403 „exheresesto
1766 3327 1846 3390 filius
1870 3335 1981 3402 meus“,
2004 3326 2088 3389 valet

251 3437 278 3497 εί
300 3432 358 3515 μέν
372 3430 593 3516 coccolovin,
617 3436 776 3517 ἔρρωται·
799 3435 827 3517 εἰ
850 3430 884 3494 δέ
900 3429 1025 3512 πολλοὶ,
1050 3430 1155 3506 οὐδεὶς
1183 3437 1402 3516 [exheredatio]
1431 3437 1458 3497 si
1480 3456 1559 3497 unus
1582 3436 1622 3497 sit
1644 3433 1811 3518 [tantum];
1839 3436 1958 3498 sivero
1985 3433 2087 3515 plures

251 3541 441 3625 ἀπόκληρος
464 3543 599 3621 ἐγένετο.
1026 3539 1062 3600 fr.
1079 3543 1098 3601 2
1115 3541 1154 3603 ib.
1182 3544 1280 3629 [sint],
1303 3564 1391 3606 nemo
1413 3543 1537 3605 exheres
1560 3542 1659 3604 factus
1682 3551 1736 3604 est.
2004 3540 2041 3602 fr.
2058 3543 2087 3602 2.

319 3646 395 3711 Κάν
417 3644 478 3711 τὸν
500 3643 572 3710 νίδν
595 3644 787 3730 ἀπόκληρον
810 3644 938 3722 ποιήσω
961 3642 1018 3709 καλ
1041 3643 1155 3729 τδνέξ
1249 3650 1399 3729 Quamvis
1421 3650 1518 3711 filium
1540 3649 1718 3711 exheredem
1740 3648 1840 3711 fecero
1864 3657 1894 3710 et
1917 3647 1956 3709 ab
1979 3667 2015 3709 eo
2038 3668 2088 3710 ne

251 3755 356 3818 αὐτοῦ
393 3757 531 3836 ἔγγονον
568 3753 814 3834 ἀμνημόνευτον
852 3752 941 3815 ἔάσω
978 3749 1036 3816 καλ
1071 3750 1155 3834 μετά
1181 3768 1284 3839 potem
1307 3757 1486 3838 praeter-iem
1509 3766 1541 3818 et
1566 3764 1785 3837 postmortem
1808 3775 1907 3816 meam
1931 3763 2001 3816 ante
2023 3754 2088 3816 adi·

251 3862 411 3925 θάνατόν
433 3883 497 3943 μου
520 3857 585 3943 πρὸ
607 3858 829 3944 κληρονομίας
852 3861 871 3923 ὁ
894 3858 965 3933 οἰὸς
981 3859 1154 3945 ἀποθάνῃ,
1182 3865 1295 3927 tionem
1326 3864 1406 3925 filius
1439 3864 1597 3938 moriatur,
1634 3882 1696 3924 non
1727 3862 1842 3943 rumpit
1872 3869 2086 3924 testamentum

252 3969 313 4032 οίικ
327 3968 461 4053 ἔρρηξεν
472 3966 533 4045 τήν
549 3966 720 4043 διαθήκην
735 3967 754 4029 ό
770 3969 918 4047 ἔγγονος·
934 3971 960 4029 εί
975 3965 1032 4031 καὶ
1042 3970 1153 4048 μέντοι
1181 3992 1288 4053 nepos:
1312 3972 1338 4033 si
1352 3990 1424 4034 vero
1439 3970 1579 4051 repudiet
1592 3970 1790 4032 hereditatem
1812 3968 1942 4049 scriptus
1963 3968 1998 4029 fit
2012 3967 2087 4028 mihi

251 4076 501 4162 παραιτήσηται
525 4078 543 4138 ό
566 4076 803 4159 γεγραμμένος,
831 4074 961 4154 γίνεταί
979 4095 1044 4154 μου
1066 4074 1153 4142 νόιιι·
1181 4064 1279 4140 iustus
1305 4079 1400 4140 heres.
1446 4079 1493 4139 sin
1520 4085 1620 4138 autem
1647 4076 1727 4139 filius
1754 4096 1839 4138 meus
1866 4085 1935 4156 post
1961 4082 2087 4137 mortem

250 4205 311 4265 μσς
333 4182 546 4268 κληρονόμος.
586 4184 613 4244 εἰ
637 4179 670 4243 δὲ
694 4181 802 4254 όνίός
817 4202 881 4262 μου
895 4176 979 4262 μετά
996 4180 1155 4243 θάνατόν
1182 4206 1281 4247 meam
1303 4185 1334 4246 in
1353 4185 1530 4266 captivitate
1552 4183 1705 4257 moriatur,
1728 4192 1849 4264 rumpet
1870 4190 2087 4244 testamentum

250 4312 315 4372 μου
342 4293 376 4352 ἔν
399 4288 612 4370 αίχμαλωσιά
639 4286 828 4373 τελευτήσῃ,
857 4286 972 4370 ῥήσσει
1001 4285 1061 4364 τήν
1085 4286 1154 4350 δια·
1181 4313 1283 4373 nepos.
1925 4288 1961 4349 fr.
1978 4290 2006 4350 9.
2024 4293 2040 4365 ς
2058 4291 2087 4349 2.

252 4397 365 4475 θήκην
388 4399 406 4459 ό
431 4399 577 4477 ἔγγονοςι
595 4430 637 4440 -
993 4394 1028 4456 fr.
1046 4398 1074 4457 9.
1091 4401 1107 4472 5
1125 4399 1153 4457 2.

316 4499 390 4567 ’Eas
421 4508 455 4566 ὲν
486 4506 534 4584 τῷ
564 4503 684 4587 πρώτῳ
711 4501 842 4586 βαθμῷ
865 4512 1005 4584 μερικῶς
1035 4503 1054 4564 d
1085 4499 1155 4577 νίδς
1250 4506 1283 4569 Si
1305 4507 1338 4567 in
1359 4507 1457 4587 primo
1480 4505 1578 4585 gradu
1604 4525 1659 4585 pro
1685 4513 1773 4584 parte
1794 4503 1874 4565 filius
1896 4502 2026 4582 scriptus
2049 4501 2089 4564 sit

251 4614 368 4698 γραφῇ
391 4611 597 4695 κληρονόμος
620 4609 681 4672 οὐκ
704 4609 896 4690 ἀναγκαίως
914 4605 981 4672 ἀπὸ
1000 4619 1068 4671 τῶν
1090 4608 1155 4673 λοι·
1183 4613 1270 4675 heres
1292 4634 1352 4676 non
1375 4612 1544 4674 necessario
1566 4632 1604 4672 ex
1627 4612 1733 4673 ceteris
1756 4609 1881 4672 exheres
1903 4617 1958 4670 est

252 4728 323 4783 πων
338 4717 528 4802 ἀπόκληρος
550 4716 686 4797 γίνεται.
923 4716 958 4777 fr.
977 4719 1026 4778 14.
1044 4723 1060 4795 5
1081 4718 1095 4778 1
1114 4718 1154 4780 ib.
1903 4715 1939 4777 fr.
1958 4717 2006 4778 14.
2024 4720 2040 4791 8
2060 4718 2087 4776 1.

172 4837 215 4890 ι’.
324 4821 391 4888 Τὸν
413 4825 486 4888 νίόν
507 4844 571 4906 μου
598 4823 738 4909 γράιμας
764 4822 971 4904 κληρονόμον
998 4821 1054 4886 καλ
1078 4824 1155 4887 ὑπο·
1249 4826 1364 4888 Filium
1391 4847 1491 4887 meum
1519 4846 1588 4888 cum
1618 4824 1759 4886 heredem
1788 4822 1971 4904 scripsissem
2000 4821 2088 4902 eique

251 4932 470 5011 καταστήσας
498 4932 590 5012 αὐτῷ
613 4929 673 4994 τὸν
695 4930 729 5013 ἐξ
753 4930 858 4992 αὐτοῦ
881 4933 1026 5011 ἔγγονον,
1055 4931 1155 5012 ἀμνη-
1184 4933 1405 4996 substituissem
1432 4955 1471 4996 ex
1497 4952 1533 4996 eo
1555 4942 1707 5013 nepotem,
1735 4932 1800 4992 sine
1826 4930 1977 4992 mentione
2003 4948 2088 5010 prae-

251 5042 410 5122 μόνεντον
433 5042 530 5102 είασα
558 5034 617 5101 τὸν
643 5035 923 5124 κυοφοροόμενον.
971 5033 1029 5101 ἔάν
1052 5041 1085 5100 ὲν
1109 5042 1157 5120 τῷ
1184 5041 1251 5101 terii
1266 5041 1320 5120 qui
1341 5041 1373 5101 in
1388 5050 1473 5102 utero
1496 5050 1569 5101 erat.
1608 5039 1633 5100 si
1655 5038 1775 5100 interim
1798 5037 1878 5099 filius
1896 5037 2043 5099 moriatur
2057 5045 2088 5099 et
2121 5108 2123 5111 v

251 5143 374 5230 μεταξὺ
406 5146 571 5232 ἀποθάνη
605 5146 624 5209 ό
659 5142 727 5218 υίὸς
752 5140 810 5207 καλ
838 5145 857 5206 d
886 5143 1156 5231 κιιοφορούμενος
1184 5156 1343 5227 postumus
1366 5168 1428 5209 non
1450 5155 1601 5221 nascatur,
1624 5165 1717 5226 nepos
1740 5155 1770 5206 et
1791 5144 1865 5205 mihi
1888 5153 1919 5207 et
1937 5144 2017 5224 patri
2033 5162 2087 5204 suo

251 5252 295 5332 μή
318 5253 443 5340 τεχθῇ,
472 5255 491 5316 d
515 5255 650 5334 ἔγγονος
677 5248 779 5333 κάμοί
806 5248 863 5314 καλ
891 5253 938 5332 τῷ
965 5255 1022 5334 πρι
1053 5254 1158 5317 αὐτοῦ
1184 5254 1269 5316 heres
1291 5253 1334 5315 lit.
1376 5255 1495 5317 sivero
1519 5253 1601 5315 solus
1623 5252 1704 5315 filius
1726 5252 1882 5314 institutus
1905 5259 1952 5312 est
1973 5259 2003 5312 et
2025 5269 2087 5310 non

252 5364 376 5443 γίνεται
400 5361 618 5444 κληρονόμος·
646 5363 673 5423 εί
700 5359 735 5423 δὲ
761 5360 863 5441 μόνος
890 5360 909 5421 d
933 5356 1002 5432 υίὸς
1025 5358 1156 5445 ἔγράφη
1185 5360 1294 5423 habuit
1320 5361 1526 5435 substitutum,
1559 5360 1700 5441 quoniam
1733 5360 1878 5420 moriente
1908 5377 1944 5419 eo
1971 5363 2088 5418 certum

252 5468 308 5533 καὶ
333 5469 393 5532 οὐκ
416 5463 499 5545 εἶχεν
522 5467 818 5545 ὑποκατάστατον,
847 5463 954 5542 ἐπειδή
983 5469 1086 5546 ἐντῷ
1110 5485 1157 5527 τε·
1185 5468 1299 5530 factum
1326 5478 1373 5530 est
1398 5468 1548 5529 neminem
1575 5466 1716 5529 heredem
1743 5466 1806 5527 fore
1832 5484 1872 5526 ex
1897 5471 2086 5533 testamento,

252 5577 371 5640 λεντάν
394 5570 499 5638 αὐτόν
521 5573 622 5651 δήλοίι
644 5577 756 5655 γέγονε
778 5570 922 5654 μηδένα4
944 5571 1159 5654 κληρονομεῖν
1187 5576 1226 5637 ab
1257 5576 1400 5637 intestato
1427 5574 1514 5636 heres
1541 5574 1576 5636 fit
1602 5574 1676 5635 mihi
1703 5575 1767 5654 ipse
1794 5592 1901 5653 nepos,
1933 5569 2022 5632 sicuti
2053 5568 2089 5630 fit

325 5718 334 5750 ¹
352 5715 455 5771 Differt
472 5716 616 5785 inscriptio
634 5714 671 5770 ab
690 5731 732 5782 ea,
751 5731 834 5785 quam
853 5712 965 5768 exhibet
983 5713 1039 5767 ind.
1059 5711 1159 5768 Coisli·

251 5809 365 5875 nianus3
388 5806 517 5875 congruit
539 5810 632 5859 tamen
655 5822 718 5860 oum
741 5804 803 5875 Tip.
895 5802 906 5835 ¹
925 5800 1017 5873 Caput
1035 5819 1069 5857 ex
1091 5800 1157 5872 Syn.

253 5895 385 5950 exhibent
397 5895 429 5949 F.
443 5894 479 5948 Η.
561 5893 572 5926 ⁸
591 5895 691 5965 supple
711 5895 795 5948 εἰπεῖν
811 5892 896 5965 (qnod
915 5892 986 5947 forte
1004 5890 1107 5946 excidit
1125 5907 1158 5944 ex

253 6001 311 6055 seq.
332 5983 362 6037 τὸ
380 5985 482 6051 εἰπεῖν).
555 5982 622 6054 *μὴ
642 5982 775 6054 δυνάμενα
795 5983 855 6038 eod.
