4842 7018
857 444 1012 512 LIBER
1033 443 1161 510 XLIII.
1204 445 1293 512 TIT.
1317 447 1344 512 Ι.
1368 448 1412 512 ΙΙ.
2008 457 2050 520 65

279 625 352 692 Ἐιλν
374 629 577 711 ἐπερωτηθῶ
600 626 642 711 μὴ
663 636 766 692 ποιεῖν
789 627 887 692 δόλον
909 626 966 691 καὶ
982 628 1119 707 ποιήσω,
1214 627 1248 690 si
1279 630 1443 709 promisero
1478 630 1581 693 dolum
1614 653 1674 693 non
1711 632 1862 695 facturum
1894 643 1925 696 et
1955 634 2052 696 fecero

214 739 380 813 ἐνέχονται
414 736 448 799 σί
478 735 677 819 κληρονόμοι
710 733 813 819 ώςπερ
848 745 910 799 τοῦ
941 740 974 798 ἐν
1002 735 1118 818 χρήσει
1147 744 1287 797 tenentur
1301 736 1436 812 heredes,
1452 737 1542 800 sicuti
1557 738 1589 799 in
1608 740 1798 802 commodato
1813 749 1844 803 et
1858 742 1888 801 in
1905 741 2051 822 deposito.

214 842 388 924 διδομένου
411 840 467 906 καί
491 853 549 919 της
572 843 787 925 παραθήκης.
913 844 948 906 fr.
967 846 1039 907 121.
1056 850 1072 920 ξ
1091 849 1119 906 3.
1522 911 1524 916 ,
1844 848 1879 909 fr.
1898 851 1970 910 121.
1988 855 2004 924 ξ
2022 852 2051 911 3.

280 948 444 1035 [”’1νηβο]ς
458 948 562 1031 χωρὶς
578 957 639 1012 τοῦ
654 951 833 1033 ἐπιτρόπου
861 949 981 1013 δοῦλον
1004 950 1120 1030 όμολο-
1205 950 1347 1031 Pupillus
1356 951 1420 1013 sine
1428 960 1527 1014 tutore
1536 972 1656 1015 servum
1669 952 1763 1037 [dari]
1774 975 1843 1016 cum
1856 956 2051 1035 promisisset,

213 1057 319 1137 γήσας
338 1055 497 1139 ἐγγυητὴν
513 1054 703 1120 resosonat
720 1064 781 1120 τοῦ
795 1056 923 1142 άνὴβον
937 1057 1120 1139 ὑπέρθεσιν
1146 1055 1351 1119 fideiussorem
1367 1058 1452 1120 dedit
1466 1068 1504 1133 et,
1523 1060 1639 1141 pupillo
1655 1081 1771 1123 moram
1786 1061 1922 1137 faciente,
1947 1083 2051 1124 servus

214 1164 429 1243 scatiscentes,
455 1166 473 1227 ὁ
497 1163 614 1237 δοῦλος
638 1164 821 1227 άπέθανεν·
851 1164 911 1226 οὐκ
933 1167 1075 1241 ἐνέχεται
1100 1165 1118 1226 ό
1147 1173 1284 1227 mortuus
1307 1176 1364 1227 est:
1388 1186 1448 1228 non
1471 1174 1590 1228 tenetur
1612 1167 1769 1229 fideiussor
1791 1189 1889 1249 neque
1907 1169 2051 1250 pupillus.

213 1269 369 1351 ἐγγυητὴς
390 1271 465 1334 ούτε
488 1270 660 1357 ὁάᾳηλιξ.
699 1270 881 1354 ὑπέρθεσιν
904 1267 969 1353 γάρ
993 1271 1120 1356 ἀφῆλιξ
1147 1291 1263 1333 moram
1286 1273 1365 1333 enim
1388 1272 1523 1353 pupillus
1545 1274 1642 1336 facere
1657 1295 1717 1336 non
1732 1275 1861 1350 videtur,
1884 1276 2051 1357 quinoque

213 1378 253 1440 ού
262 1377 354 1440 δοκεῖ
361 1386 473 1457 ποιεῖν,
487 1373 523 1450 ὃς
534 1377 608 1440 ούδέ
618 1377 802 1457 ἐνάγεσθαι
813 1375 975 1440 δύναται.1
997 1379 1119 1456 ζῶντος
1146 1379 1300 1441 conveniri
1331 1388 1437 1460 potest
1492 1381 1562 1443 vivo
1601 1390 1702 1443 autem
1739 1402 1835 1457 servo,
1874 1384 2052 1444 convenitur

213 1483 247 1546 δὲ
264 1493 325 1547 τοῦ
339 1482 469 1563 δούλου,
486 1484 636 1564 ἐνάγεται
659 1486 677 1547 ὸ
694 1484 859 1565 ἐγγυητής.
992 1485 1027 1547 ir.
1046 1489 1117 1547 127.
1146 1484 1309 1548 fideiussor.
1924 1489 1960 1550 fr.
1979 1493 2050 1552 127.

278 1588 352 1653 Ἐάν
376 1589 567 1674 ύπεξούσιος
590 1590 714 1672 μέλλων
732 1590 887 1670 δανείζειν
905 1591 992 1678 λώβη
1007 1597 1118 1675 ἐγγυη-
1212 1592 1245 1655 si
1268 1593 1481 1656 filiusfamilias
1504 1604 1643 1656 mutuum
1655 1596 1789 1657 ‚daturus
1810 1597 1960 1677 acceperit
1980 1598 2050 1660 fide·

213 1696 272 1774 τὴν
303 1696 359 1761 καί
391 1696 475 1777 μετά
502 1698 784 1781 αύτεξουσιότητα
815 1698 958 1783 δανείσῃ,
991 1701 1066 1764 οὔτε
1098 1705 1117 1765 ό
1145 1699 1290 1762 iussorem
1322 1709 1353 1763 et
1381 1711 1451 1782 post
1481 1703 1751 1783 emancipationem
1783 1703 1916 1778 dederit,
1953 1725 2050 1786 neque

213 1804 447 1887 δανεισάμενος
475 1805 550 1869 οὔτε
574 1807 592 1868 ό
621 1803 778 1887 ἐγγυητὴς
806 1810 853 1887 τῷ
876 1793 937 1891 πω
965 1810 1116 1885 ἐνέχεται.
1145 1816 1284 1868 mutuum
1312 1809 1464 1890 accipiens
1490 1829 1588 1891 neque
1614 1809 1773 1872 fideiussor
1799 1810 1881 1891 patri
1903 1820 2050 1873 tenentur.

910 1913 945 1975 ο.
964 1917 1116 1992 ressa
1844 1918 1879 1979 fr.
1898 1920 2049 1995 isaer.

281 2018 329 2083 oc
343 2020 452 2093 καλῶς
468 2023 619 2102 ἐπερωτῶ
634 2042 710 2083 τινα
719 2017 835 2096 ποινὴν
849 2024 885 2083 ἐκ
894 2029 955 2084 τοῦ
962 2020 1005 2103 μὴ
1015 2043 1117 2104 γαμη-
1190 2021 1262 2083 Non
1276 2033 1356 2085 recto
1372 2022 1501 2104 stipulor
1516 2023 1556 2085 ab
1571 2023 1674 2105 aliqua
1688 2044 1818 2105 poenam
1828 2023 1922 2108 [dari]
1935 2027 1961 2087 si
1976 2025 2050 2086 mihi

213 2127 322 2202 θηναί
332 2148 397 2207 μοι,
408 2127 483 2190 ούτε
496 2125 559 2208 μὴν
568 2124 628 2202 τὴν
641 2126 703 2203 ἤδη
713 2128 928 2208 γαμηθεῖσαν
936 2150 992 2209 μοι
1002 2132 1117 2211 ἐπερω-
1145 2149 1207 2189 non
1215 2131 1360 2211 nupserit,
1370 2151 1469 2211 neque
1479 2131 1518 2193 ab
1527 2151 1565 2193 ea
1573 2152 1652 2212 quae
1667 2131 1741 2192 mihi
1750 2140 1847 2212 nupta
1862 2132 1902 2193 sit
1911 2131 2051 2213 stipulari

212 2243 275 2295 ταν
291 2231 434 2313 δύναμαι
450 2231 574 2313 ποινὴν,
591 2238 617 2296 εἰ
637 2232 725 2296 λύσει
746 2231 806 2297 τόν
825 2235 947 2316 γάμον·
970 2232 1015 2300 τά
1030 2233 1118 2301 αὐτά
1150 2256 1273 2315 possum
1281 2257 1410 2318 poenam
1422 2236 1517 2320 [dari]
1527 2239 1552 2299 si
1562 2237 1925 2301 solveritmatrimonium.
1945 2239 2050 2300 eadem

211 2337 268 2403 καὶ
280 2338 351 2422 περὶ
361 2336 517 2420 γυναικός
527 2341 739 2423 ἐπερωτώσης
749 2338 809 2404 τὸν
818 2339 951 2426 άνδρα.1
965 2343 1067 2406 farsa
1072 2366 1117 2425 pr.
1146 2342 1311 2427 [dicantur]
1322 2353 1352 2405 et
1365 2344 1403 2406 de
1416 2344 1541 2407 muliere
1551 2366 1629 2425 quae
1642 2365 1662 2405 a
1671 2345 1737 2407 viro
1749 2345 1921 2426 stipulatur.
1933 2345 1969 2407 fr.
1977 2349 2049 2407 134.

277 2447 395 2510 Ὴνίκα
418 2448 578 2529 ὁμολογία
600 2443 724 2530 μεταξύ
742 2450 918 2532 παρόντων
940 2450 1116 2536 γράφεται,
1211 2450 1344 2528 Quando
1372 2452 1472 2513 cautio
1499 2453 1578 2513 inter
1604 2461 1777 2533 praesentes
1805 2451 1958 2527 scribitur,
1986 2473 2048 2515 cre·

103 2600 109 2612 .
158 2564 174 2612 ¹.
211 2553 397 2619 πιστεύεται
426 2555 586 2634 ἡγεῖσθαι
619 2556 639 2630 ὴ
667 2556 874 2639 ἐπερώτησις,
905 2553 971 2619 κάν
996 2555 1039 2638 μὴ
1068 2561 1116 2639 ἐγ·
1145 2556 1226 2618 ditm
1239 2559 1437 2638 praecessisse
1452 2559 1619 2640 stipulatio,
1643 2561 1782 2640 quamvis
1797 2580 1859 2621 non
1874 2560 1914 2622 sit
1928 2560 2047 2623 inserta.

210 2683 331 2725 κειταιε
349 2658 412 2709 -³
741 2663 777 2724 fr.
795 2667 900 2740 1315
919 2667 947 2725 2.
963 2664 1002 2726 D.
1019 2668 1071 2740 45,
1090 2666 1116 2729 1.
1662 2666 1698 2728 fr.
1724 2670 1796 2730 134.
1815 2673 1830 2743 ξ
1850 2670 1878 2728 2.
1893 2668 1937 2729 Ι).
1950 2671 2002 2742 45,
2020 2671 2047 2728 1.

276 2766 350 2832 Ἐάν
373 2768 492 2832 δοῦλον
514 2768 709 2852 ἐπερωτήσω
737 2791 773 2832 σε
798 2768 854 2834 καί
879 2767 921 2833 σύ
943 2771 1116 2852 ὁμολογῶν
1210 2771 1245 2834 si
1273 2792 1393 2835 servum
1423 2771 1518 2856 [dari]
1547 2794 1566 2833 a
1593 2781 1624 2835 te
1650 2773 1814 2854 stipulatus
1841 2774 1926 2836 fuero
1954 2783 2049 2856 tuque

211 2874 337 2938 διδόναι
367 2879 400 2937 ἐν
422 2875 536 2963 ξέφέσῳ
560 2877 674 2959 χρόνῳ
703 2875 762 2953 δηλ
795 2914 1115 2928 -----
1143 2879 1322 2958 promittens
1358 2879 1481 2960 Epheso
1516 2880 1583 2942 dari
1620 2889 1756 2962 tempore
1788 2917 1830 2927 —
1858 2917 1901 2927 —
1928 2918 1971 2929 -·-
2004 2919 2047 2929 —

210 3019 784 3030 —————————
800 2981 861 3060 τὴν
876 2987 1040 3063 ποιότητα
1057 2985 1114 3050 καί
1144 3020 1185 3030 -
1232 3022 1274 3033 -
1320 3023 1362 3032 -
1408 3022 1450 3032 —
1502 3023 1544 3033 -
1595 3024 1636 3034 —
1686 3023 1729 3034 —
1777 3023 1818 3034 —
1869 2988 2048 3069 qualitatem

210 3087 270 3166 τὴν
298 3087 402 3175 φύσιν
433 3097 495 3153 τοῦ
522 3090 791 3173 ἐπερωτηθέντος
821 3088 878 3154 καὶ
906 3089 965 3154 τὸν
996 3091 1116 3177 καιρὸν
1143 3102 1173 3154 et
1194 3102 1334 3154 naturam
1357 3094 1401 3156 rei
1427 3094 1592 3174 promissae
1619 3104 1650 3156 et
1671 3105 1791 3177 tempus
1814 3104 1844 3157 et
1871 3096 2048 3159 distantiam

209 3195 266 3260 καί
291 3193 329 3260 td
354 3196 524 3277 διάστημα
547 3233 589 3244 -
605 3233 648 3245 -
665 3234 707 3245 —
724 3234 766 3244 -
786 3199 914 3281 χρόνον
933 3198 1059 3286 εὑρεθῇ
1082 3204 1116 3263 ἐν
1143 3235 2046 3251 -----------

210 3305 309 3387 ἑτέρῳ
325 3304 429 3384 τόπιμ·
445 3302 502 3366 καὶ
518 3301 558 3367 τό
574 3303 682 3385 ῥητῶς
696 3300 764 3388 γάρ
779 3301 842 3367 ύπδ
859 3307 983 3389 ἡμέραν
998 3311 1114 3392 ἐπερω·
1144 3342 1186 3353 -
1232 3342 1274 3353 -
1321 3344 1362 3353 —
1408 3329 1481 3370 nam
1508 3320 1538 3371 et
1564 3310 1647 3390 quod
1674 3330 1816 3392 expresse
1843 3311 1875 3370 in
1898 3311 1979 3372 diem
2001 3320 2048 3373 est

210 3411 317 3487 τηθέν
343 3411 454 3484 καλῶς
478 3409 542 3495 πρὸ
571 3421 629 3487 τῆς
656 3413 777 3494 ἡμέρας
804 3413 1064 3499 καταβάλλεται,
1088 3419 1114 3478 εί
1142 3415 1325 3494 promissum
1352 3424 1432 3476 recte
1455 3425 1526 3477 ante
1548 3416 1626 3478 diem
1650 3416 1790 3491 solvitur,
1817 3418 1956 3498 quamvis
1982 3418 2046 3498 peti

208 3516 266 3580 καί
286 3518 510 3580 ἀπαιτεῖσθαι
530 3519 570 3580 ού
588 3517 741 3582 δύναται·
766 3523 791 3583 εἰ
811 3519 845 3582 δέ
864 3522 1115 3606 συντομώτερον
1142 3543 1202 3584 non
1229 3522 1338 3603 possit:
1370 3523 1453 3602 quod
1480 3523 1506 3584 si
1537 3523 1664 3585 celerius
1691 3523 1848 3604 Ephesum
1878 3526 2045 3606 perveniat,

209 3624 295 3711 ἐλθη
311 3628 355 3698 είς
370 3628 500 3710 ἐφεσον,
524 3625 649 3699 εύθέως
665 3629 820 3703 ἐνίγεταιε
838 3663 880 3673 -
907 3628 943 3690 fr.
962 3628 1034 3692 137.
1051 3636 1067 3706 ξ
1086 3633 1114 3691 2.
1142 3630 1245 3690 statim
1268 3637 1395 3690 tenetur.
1839 3631 1877 3693 fr.
1893 3635 1965 3694 137.
1983 3639 1999 3709 ς
2017 3635 2046 3694 2.

273 3730 305 3796 ‘O
321 3732 531 3814 ὁμολογήσας
547 3736 580 3794 ἐν
596 3732 673 3818 τῇδε
689 3732 817 3796 διδόναι
834 3734 1016 3820 τῇάτελείμ
1031 3740 1058 3799 el
1070 3735 1113 3817 μὴ
1209 3735 1272 3812 Qui
1298 3736 1504 3797 nundinarum
1535 3745 1669 3818 tempore
1701 3736 1773 3798 dare
1803 3738 1955 3818 promisit,
1987 3738 2046 3799 nisi

209 3848 314 3902 πῶσαι
339 3840 376 3902 αι’
398 3840 514 3922 ἡμέραι
531 3839 632 3916 αὐτῆς
648 3840 873 3924 παρέλθωσιν,
898 3845 1053 3919 ἐνέγεταιι
1072 3879 1112 3891 -
1142 3863 1246 3904 omnes
1259 3863 1373 3912 ⁴earum
1388 3843 1452 3904 dies
1466 3845 1683 3922 praeterierint,
1707 3853 1833 3906 tenetur
1878 3844 1913 3905 fr.
1926 3847 1988 3906 138
1999 3865 2045 3925 pr.

935 3950 971 4011 fr.
990 3952 1052 4012 138
1068 3972 1112 4032 pr.

268 4047 341 4116 Ὅτε
363 4061 500 4115 κινεῖται
524 4055 543 4129 ὴ
567 4062 629 4117 τοῦ
650 4054 768 4118 διπλοῦ
786 4054 858 4139 περὶ
882 4066 940 4132 της
955 4058 1113 4140 ἐπερωτη-
1207 4058 1312 4135 Quum
1335 4058 1415 4120 actio
1437 4056 1523 4139 dupli
1545 4079 1583 4119 ex
1606 4057 1801 4139 stipulatione
1823 4068 1979 4122 exercetur
1995 4058 2045 4120 ad·

209 4181 291 4233 σεως
313 4156 403 4223 κατά
426 4169 493 4222 τῶν
515 4160 730 4244 κληρονόμων
753 4170 814 4224 τοῦ
829 4171 968 4246 πρατοῦ,
993 4164 1113 4238 πάντες
1140 4185 1244 4227 versus
1271 4165 1397 4227 heredes
1423 4165 1601 4240 venditoris,
1628 4186 1731 4228 omnes
1758 4166 1789 4226 in
1819 4166 1949 4227 solidum
1976 4186 2045 4228 oon·

209 4269 253 4339 είς
276 4264 335 4329 τὸν
358 4267 540 4350 ὁλόκληρον
562 4268 737 4348 ἐνάγονται
761 4267 817 4332 καί
842 4271 962 4343 πάντες
981 4275 1024 4344 είς
1040 4271 1113 4334 όλό-
1140 4273 1304 4335 veniuntur
1335 4285 1366 4334 et
1388 4292 1492 4334 omnes
1519 4271 1703 4334 insolidum
1731 4272 1844 4334 debent
1870 4272 2045 4345 defendere;

207 4374 331 4455 κληρον
347 4374 477 4460 ὤφελον
493 4373 671 4439 διεκδικεΐν.
703 4373 761 4439 καί
776 4384 839 4439 τοῦ
853 4372 924 4450 ἐνὸς
938 4374 981 4458 μὴ
998 4376 1112 4441 διεκδι·
1140 4400 1201 4441 uno
1223 4401 1296 4442 vero
1318 4400 1379 4441 non
1402 4379 1584 4441 defendente
1611 4415 1653 4425 —
1681 4415 1724 4425 —
1753 4414 1794 4424 -
1823 4414 1866 4425 -
1893 4388 1939 4440 est
1964 4379 2044 4440 enim

208 4489 348 4555 κοῦντος
371 4518 811 4530 ———————
835 4482 905 4547 ἐστί
920 4481 987 4568 γάρ
1007 4484 1113 4549 άδιαί·
1139 4486 1272 4549 indivisa
1293 4485 1442 4560 defensi03
1467 4487 1576 4549 solutio
1600 4496 1701 4549 autem
1724 4507 1779 4567 pro
1801 4494 1890 4566 parte
1912 4485 1954 4547 fit

211 4591 335 4673 ρετοςη
346 4587 555 4663 διεκδίκησις·
572 4587 636 4664 ἡδὲ
650 4587 823 4674 καταβολὴ
834 4590 914 4675 ύπέρ
925 4599 986 4654 τοῦ
994 4595 1113 4675 μέρους
1918 4593 1957 4655 fr.
1972 4594 2045 4655 139.

210 4696 347 4776 γίνεταιι
363 4732 405 4742 -
986 4699 1022 4762 fi’.
1041 4704 1112 4762 139.

47 4855 192 4947 αμαέ
457 4872 577 4927 rimo(
597 4872 635 4941 εν,
654 4873 861 4928 ειειιιοιων
1361 4874 1827 4944 vnnnus11‚n1aa1xan1
2064 4893 2136 4947 ,4,
2150 4892 2211 4962 D„

43 4969 97 5040 AV!
98 4966 107 5034 l
121 4949 144 5020 ²!
157 4964 191 5037 ῥ’·
257 4983 319 5053 περὶ
337 4977 386 5034 δύο
405 4978 567 5050 ἐνεχομένων
584 4977 651 5055 παρ’
672 4979 774 5034 ἑαυτῶν
792 4981 1064 5054 ἀποκαθισταμένων.
1470 4983 1506 5038 de
1524 4983 1632 5038 duobus
1650 4984 1713 5038 reis.
1938 5066 1941 5071 Ι
2117 4968 2135 5018 I·
2149 4969 2173 5018 ²·

138 5127 173 5181 o'.
274 5103 307 5169 ‘O
330 5110 501 5190 ἐπερωτῶν
523 5110 638 5183 ἐνογος
660 5111 831 5192 ἐπερωτῶν
853 5108 989 5189 λέγεται,
1012 5108 1112 5173 καλό
1207 5109 1272 5188 Qui
1294 5110 1458 5191 stipulatur
1479 5131 1548 5173 reus
1572 5111 1739 5192 stipulandi
1762 5110 1880 5184 dicitur,
1903 5112 1955 5191 qui
1977 5131 2044 5191 pro·
2076 5127 2078 5131 ·

210 5214 456 5295 ἐπερωτώμενος
479 5214 594 5291 ἐνογος
609 5217 864 5299 ἐπερωτώμενος.
902 5216 1112 5290 fr.l.D.45‚2.
1141 5216 1236 5278 mittit
1257 5237 1325 5278 reus
1348 5217 1552 5297 promittendi.
1653 5239 1655 5243 ’
1792 5216 1828 5278 ir.
1847 5220 1874 5277 1.
1889 5217 1929 5277 D.
1946 5220 1998 5292 45,
2015 5220 2043 5279 2.

138 5339 171 5412 ῥ’,
268 5315 369 5384 Ὅταν
379 5318 438 5383 δύο
448 5317 509 5396 τὴν
518 5319 622 5398 αὐτὴν
632 5322 868 5403 όμολογῶσινύ
883 5324 1112 5409 ἐπερωτήσωσι
1207 5323 1285 5386 cum
1314 5324 1373 5385 duo
1403 5324 1531 5385 eandem
1562 5326 1741 5405 promittant
1767 5325 1968 5404 quantitatem
1995 5323 2044 5386 vel

210 5429 392 5506 ποσότητα,
412 5430 553 5501 ἕκαστος
574 5429 684 5492 αὐτῶν
699 5434 743 5503 εἰς
759 5429 941 5515 ὁλόκληρον
953 5442 1117 5513 χρεωστεῖ
1140 5431 1331 5513 stipulentur,
1363 5440 1488 5511 uterque
1518 5452 1621 5493 eorum
1648 5433 1680 5493 in
1708 5431 1836 5492 solidum
1864 5440 1983 5493 tenetur
2013 5440 2044 5493 et

208 5533 266 5597 καὶ
289 5539 429 5608 ἕκαστος
448 5539 492 5608 είς
511 5536 693 5620 ὁλόκληρον
712 5546 939 5622 γρεωστεῖται,
964 5536 1050 5600 ὅθεν
1073 5542 1113 5623 τῇ
1139 5548 1266 5618 uterque
1293 5539 1325 5599 in
1347 5538 1477 5600 solidum
1501 5538 1631 5600 creditor
1653 5547 1710 5612 est,
1738 5558 1833 5618 quare
1856 5539 1946 5600 unius
1968 5538 2043 5619 peti·

209 5650 271 5705 τοῦ
292 5639 365 5715 ἐνὸς
386 5641 563 5719 άπαιτησει
587 5640 607 5718 ἢ
629 5644 804 5730 καταβολῇ
820 5645 964 5707 ἑκάστου
979 5646 999 5721 ἡ
1015 5643 1111 5722 ἐνογὴ
1140 5646 1220 5707 tione
1247 5645 1297 5708 vel
1324 5645 1474 5707 solutione
1501 5646 1658 5725 utriusque
1685 5643 1814 5707 solvitur
1840 5645 1993 5726 obligatio.

208 5748 329 5813 λύεται.
685 5773 686 5776 ’
1030 5753 1066 5814 fr.
1084 5756 1113 5817 2.
1961 5750 1997 5812 fr.
2014 5754 2045 5812 2.

281 5910 290 5943 ¹
310 5869 453 5980 hueusque
471 5910 600 5964 similiter
617 5908 744 5979 Dpitocnc
762 5910 841 5978 XIX,
854 5915 897 5964 31.
971 5911 982 5942 ²
1001 5912 1111 5964 Nomoo.

211 6003 252 6068 13,
270 6004 287 6052 4
307 6006 336 6053 et
353 5999 428 6053 Bals.
447 5998 515 6052 ibid.
533 5999 632 6067 (Voell.
651 5999 690 6069 11,
710 6000 795 6066 1100).
879 5999 994 6055 8habet
1012 5998 1078 6070 Syn.
1103 6000 1105 6005 ’

324 6097 392 6140 ann.
416 6097 502 6139 nvn
