4978 7018
394 478 438 542 20
1048 472 1202 541 LIBER
1223 471 1316 539 XIX.
1360 470 1451 538 ΤΙΤ.
1474 471 1566 539 VIII.

163 661 375 750 οῦιίχρήιὰῆξζ.
458 653 491 720 Ὁ
513 654 705 737 ἀγοραστής
727 654 849 729 ἀδίιιως
872 654 1111 729 ἀποσπασθεὶς
1132 656 1167 739 ἐξ
1189 656 1295 720 αὐτοῦ
1386 654 1516 735 Emptor
1530 655 1641 717 iniuste
1657 656 1781 719 avulsus
1796 657 1837 720 ab
1850 659 1918 740 ipsa
1931 680 1965 722 re
1978 670 2088 742 empta
2104 661 2220 723 nullam
2249 665 2458 750 etjncntatc

367 803 377 872 ]
395 771 457 826 τοῦ
478 762 672 846 πραθέντος
694 762 890 846 πράγματος
910 761 1064 844 οὐδεμίαν
1079 759 1214 843 ἀγωγήν
1228 764 1292 839 έχει
1320 761 1470 823 actionem
1492 761 1586 825 habet
1607 772 1712 825 contra
1733 765 1929 828 venditorem.

179 753 213 820 q⁴
281 753 359 821 ’τοτα

164 802 366 937 ιδδάωῖαδήιυοὸ
394 866 485 933 κατά
507 877 568 932 τοῦ
590 870 733 955 πράτουι
750 906 792 915 -
1200 890 1225 932 ο.
1243 872 1292 931 17.

162 947 243 1008 λιόος
259 945 291 1000 τό
313 947 377 1020 ἀγο-

209 1018 324 1091 ροισθέν.

163 1105 376 1230 οάηινιιιιιρξη.
458 1100 492 1167 Ὁ
500 1103 558 1184 μὲν
572 1106 606 1164 ἐν
621 1100 739 1178 είδήσει
755 1100 933 1185 ἀλλότριον
947 1100 1122 1185 ἀγοράσας
1137 1099 1293 1164 οὐδέποτε
1386 1098 1450 1177 Qui
1472 1100 1568 1162 sciens
1595 1121 1658 1162 rem
1682 1101 1812 1164 ahenam
1839 1103 1914 1167 emit
1939 1125 2129 1187 nequaquam
2155 1107 2220 1169 eius
2255 1111 2326 1195 est
2353 1114 2458 1191 none⁸

163 1176 294 1317 ‘'fam'‘
313 1267 328 1302 0
346 1176 377 1302 ξ’
395 1209 501 1272 αὐτοῦ
514 1211 639 1290 γίνεται
654 1207 828 1284 δεσπότης·
848 1206 917 1271 ὁδὲ
933 1212 967 1271 ἐν
981 1210 1103 1289 ἀγνοίμ
1117 1209 1293 1292 ἀγοράσας
1319 1205 1354 1268 tt
1385 1206 1534 1269 dominus.
1583 1206 1646 1284 Qui
1677 1228 1750 1271 vero
1781 1211 1922 1291 ignorum
1953 1213 2037 1287 emit,
2068 1213 2134 1294 ipse
2165 1234 2221 1295 per
2245 1183 2449 1309 wem&

187 1339 238 1381 σεε
255 1267 353 1389 &md
394 1312 496 1389 αὐτὸς
504 1315 562 1398 μέν
578 1312 635 1379 διά
646 1315 796 1399 χρήσεως
805 1313 957 1399 κυριεύει·
972 1311 1089 1378 λοιπόν
1098 1314 1292 1397 δὲόπεπρα-
1319 1315 1535 1395 usucapionem
1557 1313 1592 1375 fit
1609 1314 1762 1378 dominus:
1785 1326 1919 1381 ceterum
1936 1320 1988 1401 qui
2002 1340 2066 1381 rem
2082 1320 2221 1383 vendidit
2241 1343 2304 1380 rem
2321 1327 2453 1380 ιιιιὶιιεω,

224 1409 305 1463 'Im’
393 1419 460 1496 κάς
474 1419 558 1485 αὐτὸ
573 1425 747 1499 κατέχεται
763 1425 811 1503 τῷ
827 1420 1049 1508 δεσπότηι-ι
1072 1422 1291 1497 ctutum.
1320 1419 1440 1482 domino
1463 1429 1591 1483 tenetur.
1984 1446 2010 1489 o.
2028 1429 2056 1489 1.
2071 1426 2106 1490 (λ
2121 1430 2152 1501 4,
2169 1429 2220 1489 51.

457 1526 531 1592 Ἐἀν
553 1530 572 1592 ό
595 1525 680 1612 ἀνήρ
703 1528 837 1614 πωλήση
860 1538 999 1614 πράγμα
1013 1533 1055 1616 τῇ
1069 1527 1200 1611 γυναικὶ
1223 1528 1292 1592 δια-
1386 1526 1419 1589 Si
1441 1527 1490 1590 vir
1507 1529 1676 1593 vendiderit
1696 1549 1760 1592 rem
1782 1532 1870 1594 uxori
1886 1533 2095 1614 pertinentem,
2117 1554 2222 1614 quam-

392 1640 505 1724 φέρον,
533 1632 597 1700 κάν
623 1633 668 1700 τά
690 1635 837 1717 μάλιστα
858 1633 948 1699 κατά
970 1637 1104 1713 ἀπάτην
1126 1639 1146 1713 ή
1168 1633 1249 1717 γυνή
1272 1638 1292 1713 ή
1319 1634 1366 1696 vis
1387 1654 1443 1715 per
1463 1634 1569 1697 dolum
1584 1635 1694 1699 mulier
1707 1639 1899 1702 consentiens
1917 1640 2084 1720 atgnaverit
2097 1640 2223 1722 emptio

393 1747 618 1808 συναινέσασα
645 1743 819 1830 σφραγίση
846 1740 885 1807 τδ
913 1754 971 1820 τῆς
1003 1745 1192 1828 ἀγορασιάς
1214 1765 1292 1825 συμ-
1319 1740 1367 1802 nis
1397 1741 1643 1819 instrumentum,
1674 1745 1751 1806 nihil
1782 1745 1853 1808 inde
1884 1747 2002 1828 patitur
2031 1746 2223 1829 praeiudicii;

391 1850 532 1936 βόλαιον
554 1849 649 1914 οὐδὲν
670 1850 826 1914 ἐντεῦθεν
840 1850 989 1932 ὑπομένει
1006 1851 1183 1935 πρόκριμα,
1207 1848 1293 1914 ἀλλά
1320 1847 1373 1909 sed
1399 1848 1500 1911 adhuc
1528 1860 1597 1931 eget
1622 1861 1742 1933 emptor
1767 1852 1818 1915 vel
1846 1854 2031 1935 usucapione
2057 1853 2108 1917 vel
2138 1853 2223 1934 longi

391 1954 508 2021 λοιπόν
530 1956 636 2021 δέεται
660 1954 887 2041 δάγοραστής
909 1956 929 2034 ή
948 1968 1007 2035 τῆς
1018 1957 1169 2042 χρήσεως
1183 1959 1291 2041 κυριό·
1320 1956 1462 2036 temporis
1484 1959 1729 2039 praescriptione
2150 1980 2176 2022 c
2193 1962 2222 2021 2.

392 2086 492 2141 τητος
514 2063 534 2140 ή
553 2065 695 2148 χρονίας
718 2073 960 2150 παραγραφῆς;
976 2060 1036 2111 -²
1220 2086 1247 2128 c.
1263 2068 1292 2126 2.

305 2182 356 2236 ω’.
457 2167 531 2234 ’ses
552 2171 663 2256 έτερός
684 2194 734 2244 τις
756 2171 837 2256 ὑπὲρ
861 2175 940 2254 ἐμοῦ
959 2169 1142 2256 πράγματα
1164 2168 1226 2254 έμά
1248 2173 1293 2244 είς
1386 2166 1420 2230 Si
1446 2169 1513 2249 quis
1544 2191 1599 2252 pro
1625 2192 1674 2234 me
1701 2193 1749 2235 res
1775 2194 1859 2236 meas
1886 2175 1918 2236 in
1946 2174 2079 2237 solutum
2105 2172 2224 2236 dederit
2259 2194 2307 2245 tl.

392 2275 585 2362 καταβολὴν
608 2277 705 2342 δάσει
720 2281 768 2359 τῷ
788 2277 943 2364 δανειστῇ
964 2299 1029 2359 μου
1052 2314 1094 2324 -
1118 2314 1160 2325 -
1184 2315 1227 2326 -
1251 2314 1291 2324 -
1320 2274 1459 2336 creditori
1481 2296 1548 2338 meo
1571 2313 2076 2328 --------
2098 2300 2223 2362 possum

214 2385 358 2457 μόνον)
393 2421 435 2432 -
458 2421 501 2432 -
523 2422 566 2431 -
590 2383 732 2467 δάναμαι
755 2380 794 2448 τὸ
806 2388 907 2468 χρέος
925 2405 989 2467 μου
1004 2382 1232 2468 προσαγαγὼν
1246 2388 1293 2465 τῷ
1320 2380 1456 2443 debitum
1484 2403 1583 2446 meum
1611 2385 1738 2448 offerens
1764 2386 1913 2463 creditori,
1939 2408 1987 2450 res
2014 2407 2099 2450 meas
2125 2387 2223 2450 vindi-

393 2491 558 2578 δανειστῇ,
581 2489 626 2554 τά
647 2489 709 2573 έμά
732 2492 915 2576 πράγματα
936 2488 1119 2568 ἑκδικῆσαιε
1135 2527 1178 2539 -
1321 2508 1399 2550 care.
1986 2516 2011 2557 c
2026 2498 2057 2558 4.
2075 2492 2110 2557 O.
2125 2498 2154 2569 4,
2170 2497 2223 2557 51.

2238 742 2389 793 acconem
2402 756 2458 791 τον

2124 790 2151 830 ⁰⁶
2169 771 2219 832 17⁸
2237 810 2458 893 ίτσνενιάτίοντω

1030 2620 1055 2660 c
1071 2603 1100 2660 4.
1117 2598 1151 2660 O.
1167 2599 1225 2674 IV,
1242 2601 1292 2661 51.

308 2718 357 2792 οβ’.
458 2703 532 2769 Ἐἀν
563 2707 582 2768 ό
614 2702 724 2789 πατήρ
756 2701 817 2768 τὸν
848 2701 955 2788 ἀγρόν
986 2713 1048 2768 τοῦ
1078 2705 1295 2788 αὐτεξουσίου
1388 2702 1422 2765 si
1448 2711 1536 2784 pater
1562 2704 1690 2767 fundum
1716 2705 1771 2768 tilii
1798 2707 1980 2790 emancipati
2001 2707 2171 2771 vendiderit
2192 2717 2225 2771 et
2262 2728 2310 2780 τε,

395 2809 513 2886 παιδός
543 2812 676 2897 πωλήση
708 2813 859 2884 κάκεῖνος
895 2809 938 2893 μή
971 2812 1202 2899 κληρονομήση
1234 2810 1294 2876 τόν
1321 2808 1373 2872 ille
1395 2811 1491 2891 patris
1513 2811 1601 2874 heres
1623 2832 1684 2874 non
1706 2814 1746 2875 sit
1768 2813 1875 2890 factrts,
1897 2835 1995 2896 neque
2016 2824 2135 2896 emptor
2151 2835 2223 2876 usn·

395 2923 532 3005 πατέρα,
555 2917 634 3000 μηδὲ
657 2920 676 2981 ὁ
692 2915 886 3004 ἀγοραστής
901 2916 958 2981 διά
974 2919 1125 3003 χρήσεως
1139 2919 1294 3007 κυριεύσῃ
1322 2918 1436 2997 ceperit
1449 2917 1498 2979 vel
1513 2919 1675 2998 quaesierit
1692 2918 1775 3000 longi
1790 2922 1932 3002 temporis
1947 2922 2224 3004 praescriptionem,

394 3026 414 3104 ή
440 3026 604 3103 κτήσηται
635 3033 767 3110 μακροῦ
790 3025 918 3109 χρόνον
948 3024 1186 3112 παραγραφὴν,
1215 3028 1294 3090 ἀνα·
1322 3023 1512 3086 rescinditis
1534 3025 1745 3088 venditionem.
2152 3049 2177 3091 c
2194 3033 2224 3091 5.

394 3137 503 3219 τρέπει
525 3130 585 3210 τήν
608 3140 733 3215 πρῦσιν
755 3124 865 3205 cirron:
882 3168 924 3179 —
1224 3155 1250 3197 ο.
1266 3138 1294 3196 5.

308 3255 358 3327 ογ.
464 3237 576 3313 Οὐδεὶς
599 3235 644 3302 τά
666 3239 849 3323 πράγματα
871 3236 916 3303 τά
938 3241 982 3312 είς
1005 3239 1041 3302 σὲ
1064 3239 1234 3315 ἀνήκοντα
1251 3238 1294 3322 μή
1388 3236 1487 3300 Νοιιιο
1509 3258 1556 3301 res
1579 3238 1618 3300 ad
1641 3248 1671 3301 te
1697 3240 1880 3320 pertinentes
1908 3261 1968 3303 non
1991 3241 2142 3321 obligatae
2165 3242 2224 3304 sibi
2262 3261 2308 3312 τε,

394 3347 589 3426 ὑποκείμενα
611 3347 718 3426 ἐαυτῷ
740 3342 819 3427 μηδὲ
842 3342 909 3408 ἀπὸ
928 3345 1092 3431 όφφικίον
1107 3342 1197 3419 τινὸς
1211 3349 1295 3423 έχων
1322 3363 1419 3424 neque
1441 3365 1479 3406 ex
1501 3344 1602 3425 aliquo
1629 3344 1728 3408 officio
1755 3346 1870 3409 habens
1898 3348 2104 3411 venumdandi
2130 3348 2224 3412 faeni

395 3450 455 3530 τήν
477 3460 539 3516 τοῦ
560 3452 710 3528 πωλῆσαι
733 3450 887 3534 ἐξουσίαν
910 3451 1108 3536 πιπράσκων
1130 3452 1243 3515 τίποτέ
1259 3473 1295 3515 σε
1322 3459 1424 3524 tatem,
1448 3451 1611 3526 sivendat,
1633 3452 1688 3514 tibi
1703 3452 1867 3534 quidquam
1883 3474 1990 3518 nocere
2008 3464 2115 3537 potest
2152 3478 2177 3518 c
2194 3459 2222 3518 6.

395 3558 535 3623 δύναται
557 3556 704 3644 βλάψαιε
723 3595 765 3606 -
1224 3580 1249 3622 ο.
1266 3563 1294 3622 6.

341 3681 358 3734 ’,
460 3665 491 3731 ’0
512 3661 670 3739 κοινωνὸς
693 3665 733 3728 οὐ
754 3664 863 3739 καλῶς
886 3663 989 3728 πωλεῖ
1010 3664 1131 3728 τέλειον
1154 3662 1233 3728 όλον
1255 3661 1294 3728 τὸ
1388 3663 1495 3727 Βοοίιυι
1524 3684 1584 3726 non
1610 3673 1692 3727 recte
1718 3666 1823 3729 vendit
1848 3686 1910 3729 rem
1937 3668 2086 3749 integram
2113 3679 2217 3731 totam:
2253 3687 2298 3740 re,

395 3770 696 3858 πρᾶγμα·δύναται
706 3768 921 3855 γάρόίτερος
935 3768 1101 3852 κοινωνὸς,
1111 3771 1153 3853 (d)
1162 3770 1294 3853 μηδέπω
1321 3779 1422 3850 potest
1452 3772 1531 3833 enim
1557 3771 1635 3833 alter
1661 3772 1768 3847 socius,
1799 3793 1868 3835 cum
1895 3773 2029 3836 nondum
2055 3775 2156 3838 factus
2184 3777 2222 3837 sit

394 3883 569 3963 γενομένου
591 3877 754 3942 δεσπότου
777 3886 838 3941 τοῦ
859 3880 1055 3963 ἀγοραστοῦ
1077 3875 1134 3941 διά
1144 3877 1294 3963 χρήσεως
1322 3876 1462 3939 dominus
1484 3886 1600 3959 emptor
1621 3899 1675 3959 per
1696 3882 1911 3961 usucapionem
1938 3880 2059 3962 longive
2080 3883 2223 3964 temporis

395 3987 414 4064 ή
434 3987 574 4070 χρονίας
593 3995 821 4072 παραγραφῆς
835 3994 967 4061 κινῆσαι
983 3982 1043 4061 τήν
1058 3983 1108 4048 ἐπὶ
1127 3988 1175 4066 τῷ
1191 3986 1294 4069 πράγ-
1320 3984 1594 4065 praescriptionem,
1616 3986 1744 4066 experiri
1766 3987 1809 4049 rei
1830 3988 2041 4051 vindicatione
2172 3988 2222 4052 vel

394 4114 474 4176 ματι
489 4088 656 4173 o’cytoydu·⁴
693 4096 707 4154 ί
723 4138 826 4154 .....
850 4090 1013 4168 ήέκείνου
1028 4090 1191 4154 δεσπότου
1205 4113 1294 4173 γενο-
1321 4111 1389 4151 eum
1412 4090 1464 4152 ille
1486 4090 1626 4154 dominus
1648 4094 1688 4154 sit
1709 4092 1822 4169 factus,
1846 4093 1961 4178 [potest
1982 4093 2094 4178 socius]
2118 4104 2223 4158 contm

394 4203 501 4282 μένου,
524 4209 656 4275 κινῆσαι
683 4195 773 4262 κατά
800 4205 861 4260 τοῦ
885 4207 1048 4261 κοινωνοῦ
1074 4195 1207 4280 ἀγωγήν
1233 4196 1294 4274 τήν
1321 4198 1434 4260 socium
1470 4198 1589 4261 actione
1618 4199 1747 4280 experiri
1773 4220 1834 4279 qua
1865 4201 1938 4263 socii
1969 4222 2016 4265 res
2047 4221 2222 4264 communes

395 4305 468 4392 περὶ
490 4306 665 4378 κοινωνίας
688 4302 743 4368 ότε
766 4303 953 4389 διαιροῦσιν
976 4302 1020 4368 τά
1041 4306 1202 4369 ίπίκοιναε
1219 4343 1261 4351 -
1320 4304 1469 4367 dividunt
1987 4329 2012 4370 c
2030 4311 2057 4369 1.
2073 4308 2108 4370 O.
2123 4310 2154 4383 t,
2170 4312 2221 4370 52.

1033 4432 1058 4475 c.
1076 4413 1103 4474 1.
1119 4412 1154 4474 C.
1169 4412 1227 4487 IV,
1243 4415 1293 4475 52.

308 4536 358 4600 οξ.
460 4518 492 4585 'O
523 4519 682 4600 δημόσιος
708 4514 748 4581 τὸ
776 4519 941 4581 ἐπίκοινον
971 4528 1108 4603 πρᾶγμα
1140 4519 1295 4595 πωλήσας
1387 4517 1495 4581 Fiscus
1510 4519 1561 4600 qui
1585 4539 1647 4581 rem
1662 4538 1852 4581 communem
1867 4520 2004 4583 vendidit
2018 4521 2172 4585 dominum
2190 4521 2220 4582 in
2298 4577 2306 4591 ,

395 4626 558 4703 δεσπότην
589 4625 623 4708 ἐξ
660 4624 843 4709 ὁλοκλήρου
881 4633 970 4688 ποιεῖ
995 4621 1055 4688 τόν
1091 4624 1294 4711 ἀγοραστήν,
1322 4623 1451 4686 solidum
1473 4625 1549 4687 facit
1569 4634 1746 4707 emptorem
1769 4628 1834 4708 ipse
1856 4637 1958 4689 autem
1981 4628 2160 4690 convenitur
2182 4627 2221 4690 ab

395 4734 545 4815 ἐνάγεται
583 4730 617 4794 δὲ
655 4727 756 4804 αὐτὸς
794 4726 887 4815 παρά
925 4740 986 4794 τοῦ
1020 4731 1174 4813 λέγοντος
1211 4736 1295 4810 ἔχειν
1321 4752 1357 4793 eo
1384 4733 1436 4812 qui
1463 4731 1536 4795 dicit
1561 4732 1620 4794 sibi
1645 4733 1692 4794 ius
1719 4753 1784 4795 esse
1811 4733 1936 4795 domiuii
1957 4734 2008 4797 vel
2034 4734 2223 4816 hypothecae

395 4839 527 4904 δίκαιον
558 4837 750 4911 δεσποτείας
780 4837 799 4914 ή
830 4838 1006 4914 ὑποθήκης
1033 4837 1083 4902 ἐπὶ
1117 4838 1224 4920 τούτῳ
1246 4842 1295 4921 τῷ
1321 4839 1353 4900 in
1375 4838 1430 4900 illa
1451 4860 1491 4901 re.
1536 4837 1584 4901 Eo
1605 4858 1723 4914 verum,
1751 4839 1832 4920 quod
1859 4839 1899 4901 ad
1925 4840 2030 4903 fiscum
2053 4842 2223 4922 pervenerit

396 4948 576 5031 πράγματι,
599 4941 638 5008 τὸ
663 4944 697 5007 δὲ
720 4944 906 5029 περιελθεῖν
929 4948 973 5018 είς
988 4941 1048 5008 τόν
1071 4944 1231 5027 δημόσιον
1253 4942 1293 5009 τδ
1321 4944 1451 5025 pretium
1472 4945 1517 5006 rei
1540 4944 1656 5007 alienae
1679 4945 1828 5022 venditae,
1855 4967 1916 5008 non
1938 4947 2132 5010 confirmatur
2152 4968 2222 5010 ven·

395 5055 519 5136 τίμημα
542 5061 603 5116 τοῦ
624 5052 817 5137 πραθέντος
840 5050 1018 5135 ἀλλοτρίου
1037 5052 1295 5137 πράγματοςού
1322 5050 1405 5113 ditio.
1459 5050 1545 5113 Tunc
1576 5052 1656 5113 enim
1687 5052 1779 5115 hahet
1809 5053 1999 5134 privilegium
2031 5054 2121 5117 fiscus
2153 5074 2221 5116 curn

394 5158 530 5244 βεβαιοῖ
559 5157 618 5236 τήν
649 5168 786 5244 πρᾶσιν·
824 5158 899 5221 τότε
937 5155 1003 5243 γάρ
1040 5160 1104 5236 έχει
1139 5156 1179 5222 τό
1216 5180 1294 5245 προ·
1321 5157 1490 5238 specialiter
1511 5159 1575 5239 ipse
1597 5179 1660 5221 rem
1682 5159 1860 5222 vendiderit
2151 5181 2176 5222 c
2193 5163 2221 5222 2.

395 5267 511 5348 νόμιον
533 5267 552 5328 ό
575 5264 741 5347 δημόσιος,
766 5262 821 5328 ὅτε
844 5263 955 5337 ίδικιῦς
977 5260 1079 5338 αὐτὸς
1100 5262 1141 5328 τό
1157 5275 1295 5351 πρᾶγμα

396 5373 543 5457 πωλήσῃι
559 5370 622 5418 -⁸
1223 5394 1248 5436 c
1265 5377 1293 5436 2.

314 5494 359 5556 οἵ.
466 5477 513 5542 Θή
539 5477 678 5542 δύναται
705 5482 846 5551 ἕκαστος
873 5474 913 5540 τό
940 5477 1162 5559 ὲπιλαγχάνον
1188 5481 1294 5561 ἐαυτῷ
1387 5477 1458 5539 Non
1480 5486 1582 5558 potest
1595 5480 1721 5560 quisque
1734 5488 1853 5560 partem
1869 5479 1927 5541 sibi
1940 5500 1996 5560 pro
2011 5478 2142 5542 indiviso
2157 5499 2222 5560 per·
2263 5502 2312 5552 ηπ,

396 5585 430 5668 ἐξ
457 5584 648 5669 ἀδιαιρέτου
674 5587 771 5669 μέρος
801 5582 858 5647 καλ
890 5588 938 5665 τῷ
961 5589 1109 5667 κοινωνῷ
1138 5584 1219 5665 [καί]
1247 5589 1294 5666 τῷ
1321 5586 1465 5646 tinentem
1488 5593 1520 5647 et
1542 5587 1622 5648 socio
1645 5587 1699 5668 [et]
1721 5595 1864 5648 maneo
1885 5586 2026 5648 vendere.
2151 5607 2176 5648 e
2194 5590 2222 5646 3.

395 5692 539 5774 ἐξωτικηῦ
561 5691 723 5767 πωλῆσαιι
740 5728 781 5737 -
1223 5713 1248 5754 c.
1265 5695 1294 5753 3.

468 5922 477 5953 ¹
496 5919 562 5992 Syn.
640 5919 734 5992 'Sym
753 5920 827 5975 unde
845 5921 982 5992 quaedam
1001 5922 1138 5992 supplevi,
1214 5920 1226 5952 ⁸
1243 5920 1295 5975 Est

396 6008 417 6064 f.
435 6012 527 6081 capite
545 6026 665 6067 versum.
735 6009 747 6042 ⁴
764 6010 879 6081 hucnsq.
893 6008 960 6080 Syn.
1032 6009 1147 6066 ‘habet
1164 6008 1231 6081 Syn.
