4842 7018
195 2474 288 2541 εις.
311 2454 333 2530 3²

184 2547 262 2639 ΔΗ
279 2549 300 2620 i.
311 2567 341 2620 ε’.

212 2779 258 2872 fel.
274 2785 324 2835 10‘.

185 2888 342 3011 [[οίίίίίιίνπ

218 3012 317 3081 periit]

288 3083 323 3136 u'.

183 4330 333 4430 B.d.rti0

361 484 405 547 24
790 482 944 549 LIBER
965 480 1085 548 XLIV.
1129 481 1221 548 TIT.
1243 481 1354 548 XXII
1376 481 1505 550 XXIII
1531 480 1688 550 XXVIII
1711 484 1819 550 XXX

434 660 518 737 Τοὺς
540 660 713 745 καρποὺς,1
736 661 793 738 οὓς
809 665 842 727 οἱ
864 663 1062 747 ληγατάριοι
1078 663 1267 749 λαμβάνου-
1361 664 1501 738 Fructus,
1523 686 1600 747 quoe
1622 665 1763 746 legatarii
1788 668 1915 748 eupiunt
1936 688 1974 730 ex
1995 668 2086 731 rebus
2109 670 2198 732 here·

364 792 418 833 σιν
456 774 492 833 ἐκ
528 780 596 833 τῶν
634 780 695 834 τοῦ
732 771 941 856 κληρονόμου
978 773 1185 855 πραγμάτων
1222 776 1267 844 είς
1294 770 1350 844 die,
1381 771 1413 833 in
1441 773 1541 834 usuris
1573 770 1850 855 eomputentur1et
1881 774 1963 855 quod
1995 785 2132 856 superest
2162 776 2196 837 in

363 878 482 951 τόκους
504 878 782 959 καταλογίζονται
805 876 862 942 καὶ
879 874 919 940 τό
935 873 1090 962 περιττόν
1105 883 1149 952 είς
1164 879 1266 966 κεφά-
1294 886 1382 952 torte,
1405 878 1494 941 sicuti
1516 880 1548 940 in
1570 879 1769 942 oreditoribus
1791 881 1844 962 qui
1867 881 1993 962 eupiunt
2019 882 2134 946 fruetur
2156 904 2195 945 ex

362 983 468 1063 λαιον,
491 982 596 1070 ὥςπερ
620 982 671 1048 ἐπὶ
694 995 761 1048 τῶν
785 984 968 1048 δανειστῶν
990 995 1057 1048 τῶν
1079 983 1266 1070 λαμβανόν·
1293 983 1479 1065 pigneribus:
1503 986 1585 1066 quod
1608 987 1633 1048 ei
1655 985 1725 1067 plue
1743 986 1882 1067 legatarii
1904 989 2040 1069 ceperint
2054 1008 2090 1049 eo
2113 988 2196 1068 quod

362 1112 429 1154 των
443 1087 593 1173 καρποὺς
607 1090 902 1176 ὲκτῶνένεχύρων·
919 1095 945 1154 εἰ
962 1091 996 1155 δὲ
1011 1092 1109 1155 πλέον
1125 1094 1158 1155 σι’
1166 1092 1265 1172 ληγα-
1293 1090 1351 1153 eibi
1366 1111 1404 1153 ex
1418 1091 1567 1155 fructibus
1581 1093 1716 1169 debetur,
1731 1093 1763 1154 id
1773 1093 1813 1155 ab
1827 1094 1870 1156 eie
1883 1096 2004 1175 petitur.
2032 1094 2194 1176 etquidem

362 1197 472 1281 τάριοι
489 1197 685 1283 λαμβάνωσι
701 1208 769 1262 τῶν
787 1201 1080 1282 κεχρεωστημίνων
1101 1199 1216 1272 αὐτοῖς
1230 1202 1266 1261 ἐκ
1292 1198 1401 1278 pignus
1430 1198 1560 1262 ereditur
1587 1209 1688 1281 potest
1720 1202 1863 1276 vendere,
1899 1201 2063 1281 legatarius
2094 1211 2195 1264 eutem

363 1315 429 1368 τῶν
443 1316 594 1387 καρπῶν,
619 1307 841 1369 ἀπαιτοῦνται
864 1306 958 1369 αὐτό.
995 1304 1052 1369 καὶ
1076 1301 1115 1368 τό
1130 1305 1188 1375 μέν
1203 1308 1264 1368 trt-
1292 1305 1410 1386 nequit:
1434 1306 1531 1368 solum
1549 1307 1630 1368 enim
1646 1307 1674 1369 ei
1688 1308 1873 1387 permittitur
1894 1308 2011 1371 fruetur
2033 1307 2195 1389 percipere

358 1433 466 1496 χυρον
492 1415 512 1476 d
540 1411 713 1490 δανειστὴς
741 1412 881 1476 δύναται
905 1412 1031 1491 πωλεῖν,
1060 1414 1079 1475 ό
1107 1411 1141 1475 δὲ
1164 1411 1263 1492 ληγα-
2012 1414 2047 1475 fr.
2064 1419 2092 1476 5.
2109 1421 2125 1491 ς
2142 1418 2195 1477 21.

361 1519 478 1603 τάριος
494 1519 534 1582 οὐ
549 1518 702 1583 δύναται·
725 1520 829 1601 μόνον
843 1517 910 1604 γάρ
925 1523 1160 1602 ἐπιτέτραπται
1183 1541 1264 1603 κοιρ-

361 1626 525 1690 ποῦσθαι.
1079 1628 1115 1688 θ.
1131 1631 1160 1689 5.
1178 1632 1194 1704 5
1212 1629 1263 1688 21.

425 1731 458 1797 Ὁ
481 1731 648 1820 πεμφθεὶς
671 1737 715 1807 είς
737 1731 842 1815 νομὴν
864 1737 891 1796 εἰ
913 1732 970 1797 καί
995 1730 1144 1817 περὶτοῦ
1165 1730 1264 1813 ληγά-
1358 1732 1420 1811 Qui
1451 1733 1483 1794 in
1513 1733 1732 1815 possessiouem
1759 1743 1806 1797 eet
1831 1735 1942 1797 miseue
1967 1744 1999 1798 et
2025 1735 2064 1796 de
2094 1735 2196 1815 legato

362 1861 424 1902 του
455 1840 747 1927 προκατάρξηται,
770 1841 832 1904 σιἰκ
863 1841 1054 1925 ἀφίσταται
1082 1850 1140 1916 τῆς
1163 1850 1263 1922 νομῆς
1291 1838 1375 1901 litem
1404 1848 1591 1903 eunteetutue
1618 1849 1675 1914 eet,
1707 1861 1767 1903 non
1795 1840 1928 1905 abstinet
1954 1862 1974 1902 ε
2000 1842 2197 1924 μοεεεεείοιιε,

361 1952 421 2022 έως
444 1944 487 2010 ἀν
510 1946 560 2010 ἐπὶ
585 1950 624 2033 τῇ
648 1946 722 2033 δίκη
745 1947 965 2034 ἀσφαλισθῇε
982 1984 1023 1993 -
1078 1947 1114 2012 fr.
1132 1953 1160 2009 5.
1178 1954 1194 2024 ξ
1213 1951 1263 2011 26.
1292 1946 1386 2009 donee
1408 1967 1463 2027 pro
1486 1947 1539 2009 lite
1560 1946 1651 2010 tirerit
1672 1957 1805 2011 eentum.
2010 1948 2046 2011 fr.
2062 1952 2091 2010 5.
2107 1956 2124 2026 ξ
2142 1951 2196 2011 26.

426 2053 459 2119 Ὁ
482 2052 651 2141 πεμφθείς
673 2057 717 2128 είς
740 2051 844 2136 νομὴν
858 2065 926 2117 τῶν
941 2053 1263 2137 κληρονομιαίων,εί
1357 2053 1422 2132 Qui
1448 2054 1480 2116 in
1501 2054 1721 2135 pueeeeeionem
1747 2075 1848 2118 rerum
1876 2055 2198 2119 hereditarium-eet

360 2159 406 2243 μὴ
428 2161 515 2248 λάβῃ
539 2158 578 2224 τό
601 2160 749 2241 ληγάτον
771 2159 791 2237 ῆ
811 2158 873 2237 τὴν
895 2161 1094 2247 ἀσφάλειαν,
1119 2161 1180 2223 οὐκ
1201 2164 1263 2223 ὲνέ-
1291 2160 1409 2234 miurus,
1432 2160 1457 2221 εἰ
1480 2181 1542 2222 non
1564 2162 1679 2243 eeperit
1700 2162 1835 2242 legatum
1853 2171 1908 2224 eut
1929 2163 2109 2238 cautionem,
2133 2184 2196 2225 nen

358 2289 468 2345 χεταιε
485 2305 528 2315 -
1079 2267 1114 2330 ir.
1131 2272 1160 2330 5.
1177 2273 1194 2345 ξ
1212 2271 1262 2330 27.
1290 2276 1416 2330 tenetur.
2010 2269 2047 2331 fr.
2063 2272 2091 2331 5.
2108 2276 2125 2347 5
2143 2272 2196 2332 27.

593 2479 714 2533 ΤΙΤΛΟ(
733 2480 792 2547 ΚΓ,
812 2480 945 2534 ΒΙΒΛΙΟΥ
963 2480 1029 2534 ΜΝ
1476 2477 1644 2538 TITULUS
1662 2479 1772 2547 XXIII,
1791 2479 1897 2535 LIBRI
1915 2480 2010 2536 XLIV

395 2608 457 2678 περὶ
476 2604 597 2678 λῆμάτων
614 2605 806 2679 repausetur
824 2607 870 2673 τῆς
889 2603 1021 2673 διαθήκης
1356 2604 1391 2658 du
1410 2604 1563 2658 retinendis
1581 2604 1690 2676 legatie,
1708 2610 1875 2660 testamento

577 2836 709 2907 [τιτιιοι
729 2837 790 2904 tur,
809 2836 943 2891 ειειιιον
960 2836 1045 2906 πω]
1447 2833 1623 2905 [TITULUS
1641 2835 1778 2903 xxvm,
1800 2834 1906 2891 1.le
1924 2834 2039 2905 nuru]

475 2960 597 3035 λημίιτων
617 2961 675 3029 ἤτοι
692 2962 746 3015 τῶν
763 2965 852 3016 πίστει
870 2961 1149 3034 καταλιμπυνομίνων.
1538 2960 1639 3031 legatie
1657 2960 1702 3015 vel
1721 2958 1952 3015 fideicommissis.

424 3085 556 3162 Ὁσάκις
578 3084 642 3152 ὑπό
666 3089 793 3171 τρόπον
815 3088 1104 3169 καταλιμπάυεταί
1123 3108 1187 3150 τινι
1211 3087 1264 3162 λη·
1358 3084 1487 3163 Quoties
1519 3086 1576 3149 sub
1603 3087 1694 3149 modo
1721 3087 1902 3169 relinquitur
1929 3087 2020 3150 elieui
2051 3086 2196 3168 legatum,

360 3194 475 3273 μάτου,
499 3191 602 3271 τυχόν
624 3192 674 3258 ἐπὶ
698 3199 746 3277 τῷ
768 3194 853 3258 τόδε
872 3218 904 3258 τι
928 3205 1075 3274 ποιῆσαι,
1102 3193 1262 3279 λαμβάνοι
1291 3191 1369 3254 forte
1397 3192 1535 3254 utillud
1561 3193 1667 3270 faeiat,
1699 3194 1782 3275 eupit
1808 3195 1932 3276 quidem
1958 3193 2107 3274 legatum:
2140 3195 2195 3256 red

358 3299 416 3381 μὲν
443 3296 483 3362 τό
510 3300 673 3381 ληγάτον·
703 3299 786 3378 πλὴν
813 3296 870 3364 ἐάν
897 3303 916 3365 ό
948 3302 1073 3385 τρόπος
1105 3301 1263 3385 ἀτονῆσῃ,
1292 3298 1317 3359 εἰ
1339 3299 1447 3361 modus
1469 3299 1624 3376 desederit,
1647 3301 1679 3362 id
1701 3300 1858 3362 amittitur.
1900 3321 1972 3362 num
1994 3301 2102 3363 medus
2125 3320 2197 3363 oon·

359 3407 545 3471 (indiderat
568 3409 661 3472 αὐτό.
707 3405 808 3492 όγάρ
824 3410 949 3493 τρόπος
972 3405 1017 3472 τά
1034 3418 1092 3484 τῆς
1108 3408 1264 3492 αἱρέσεως
1291 3405 1417 3467 dicionis
1439 3406 1580 3469 effeetum
1602 3406 1695 3470 hebet
1716 3408 1747 3468 in
1770 3407 1879 3487 legetis
1898 3418 1928 3470 et
1949 3406 2195 3470 fideIeemmirrie

359 3514 613 3596 ἀποτελέσματα
641 3517 706 3593 έχει
733 3520 767 3578 ἐν
794 3524 865 3589 τοῖς
891 3514 1049 3597 λημάτοις
1075 3512 1132 3578 καὶ
1161 3513 1263 3600 φιδει-
1291 3513 1373 3593 quod
1395 3513 1420 3574 εἰ
1443 3513 1492 3576 eui
1514 3513 1650 3594 legatum
1664 3513 1801 3576 relietum
1825 3515 1872 3587 eit.
1895 3522 1931 3574 ut
1945 3514 2037 3576 Petro
2059 3514 2194 3589 nuberet,

358 3622 564 3703 κομμίσσοις.
614 3617 673 3684 ὲάν
704 3620 738 3684 δέ
769 3621 988 3708 καταλειφθῇ
1020 3643 1084 3684 τινι
1117 3619 1264 3702 λημάτον
1292 3620 1417 3701 ipseque
1439 3620 1576 3701 legatum
1598 3621 1756 3701 ueeeperit,
1783 3621 1837 3683 eed
1859 3619 1970 3683 Petrus
1996 3642 2059 3683 non
2080 3622 2197 3703 patitur

358 3726 410 3790 uu
438 3731 486 3809 τῷ
508 3728 707 3810 γαμηθῆναι
734 3732 852 3812 πέτρῳ,
885 3726 943 3792 καὶ
966 3724 1006 3791 td
1033 3727 1091 3810 μὲν
1118 3726 1265 3807 λημάτον
1291 3746 1359 3789 eum
1386 3727 1503 3802 dueere,
1535 3747 1597 3789 non
1626 3727 1744 3808 eogitur
1769 3727 1894 3790 reddere
1920 3727 2068 3805 legatum,
2099 3747 2196 3808 neque

359 3834 485 3920 ἔλαβεν,
519 3836 538 3897 ό
573 3834 608 3898 δὲ
636 3838 755 3919 πέτρος
782 3836 844 3899 οὐκ
869 3837 1021 3912 ἀνέχεται
1050 3835 1135 3920 αὐτῇ
1162 3855 1264 3915 γαμη-
1292 3834 1374 3896 enim
1395 3833 1466 3915 iper
1487 3834 1654 3896 eondieioni
1676 3833 1804 3896 obstitit
1932 3854 1957 3895 u
1976 3837 2003 3895 1.
2019 3832 2053 3895 O.
2068 3832 2125 3907 VI,
2141 3836 2194 3895 45.

359 3942 476 4022 θῆναι,
500 3943 561 4005 οὐκ
575 3942 799 4023 ἀναγκάζεται
814 3939 854 4006 τὸ
877 3942 1024 4023 ληγάτον
1038 3940 1165 4020 δοῦναι,
1189 3938 1264 4003 οὐδὲ

360 4044 426 4133 γάρ
449 4045 533 4125 αὐτὴ
557 4048 742 4112 ένεπόδισευ
764 4052 805 4134 τῇ
827 4051 964 4134 αἱρέεται
981 4044 1044 4094 -²

998 4176 1024 4217 u
1042 4158 1071 4218 1.
1086 4154 1120 4217 Ο.
1137 4155 1195 4231 VI,
1211 4158 1262 4217 45.

604 4367 724 4423 ΤΙΤΛΟ(
742 4368 781 4436 Ν,
801 4366 934 4421 ΒΙΒΛΙΟΥ
952 4367 1019 4421 ΜΔ’
1340 4426 1342 4431 ⁴
1485 4362 1653 4422 TITULUS
1671 4364 1765 4433 XXX,
1784 4363 1890 4420 LIBRI
1908 4364 2005 4420 xL1v

377 4453 398 4545 :r
417 4491 547 4546 ἀνιόντων
565 4495 611 4546 καί
632 4491 778 4547 κατιόντων
795 4493 853 4553 πῶς
871 4490 1021 4553 decedente
1038 4492 1139 4565 ληηάιιι
1157 4511 1245 4565 παρα·
1320 4491 1355 4545 δε
1372 4489 1536 4562 perentibus
1554 4494 1583 4544 et
1599 4488 1703 4557 liberie,
1722 4489 1861 4561 quomodo
1879 4496 1989 4561 oportet
2007 4491 2049 4545 eie
2066 4489 2161 4562 legate

749 4583 870 4652 πέμπειν.
1661 4579 1821 4633 transmitti.

288 4714 324 4768 α’.
425 4708 469 4770 Ἡ
498 4706 650 4790 διάταξις
681 4706 798 4770 κελεύει
830 4705 888 4771 καί
924 4703 1001 4781 τοὺς
1039 4684 1279 4807 κληρονόμουςλ
1357 4705 1448 4767 Iubet
1478 4705 1653 4767 constitutio
1686 4704 1809 4767 heredes
1840 4726 1962 4786 queque
1998 4725 2087 4786 poree
2123 4715 2197 4768 unte

360 4815 515 4897 ἐξουσίαν
537 4816 622 4892 ἔχειν
645 4810 710 4898 πρὸ
735 4814 892 4897 ἀνοίξεως
921 4813 1090 4890 διαθήκης
1118 4813 1262 4896 ὑπεισέρ-
1291 4822 1412 4894 apertus
1434 4812 1556 4874 tabulae
1580 4812 1663 4874 edire
1685 4811 1883 4874 hereditatem
1909 4822 1941 4873 et
1967 4811 2070 4892 legate
2092 4811 2196 4874 omniu

356 4921 486 5000 χεσθαι
510 4924 551 5007 τῇ
574 4921 779 5003 κληρονομίμ
801 4918 857 4983 καί
882 4919 926 4984 τὰ
948 4920 1079 5001 ληγάτα
1101 4919 1213 4983 πάντα
1228 4924 1264 4982 ἐκ
1291 4939 1329 4980 ex
1351 4929 1447 4981 morte
1470 4920 1622 4981 testatoris
1644 4929 1821 5000 competere,
1849 4926 1884 4980 ut
1910 4919 2007 4979 omniu
2030 4918 2195 4998 legatarius

361 5039 418 5105 τῆς
441 5028 591 5103 τελευτῆς
613 5036 675 5091 τοῦ
693 5027 895 5109 διαθεμένου
911 5029 1074 5109 ἁρμόζειν,
1098 5024 1183 5090 ὥστε
1205 5025 1262 5090 καὶ
1291 5026 1437 5088 deeedene
1461 5025 1501 5087 ad
1523 5025 1648 5087 heredes
1664 5026 1799 5107 proprior
1815 5025 2002 5087 transmittat
2017 5025 2194 5087 fucultatem

359 5139 503 5198 ἕκαστον
534 5133 704 5218 (ληγάτον)
731 5130 792 5197 τόν
823 5134 1029 5219 ληματάριον
1061 5133 1264 5197 τελευτῶντα
1291 5133 1329 5194 de
1345 5133 1444 5212 legato
1460 5130 1654 5206 deliberandi,
1673 5140 1715 5205 ut,
1738 5133 1764 5194 ei
1784 5132 1889 5204 velint,
1912 5130 2046 5210 legatum
2062 5131 2194 5212 eupiunt

362 5244 406 5314 είς
438 5237 515 5315 τούς
548 5240 651 5315 ίδίους
682 5241 908 5326 κληρονόμους
945 5244 1172 5324 παραπέμπειν
1203 5238 1264 5317 τὴν
1831 5259 1856 5299 ο.
1873 5260 1922 5299 un.
1940 5244 1956 5314 ξ
1975 5241 2002 5299 1.
2018 5236 2052 5300 C.
2069 5237 2125 5311 vl,
2142 5241 2195 5299 51.

360 5345 409 5410 ἐπὶ
426 5351 473 5429 τῷ
492 5347 625 5430 ληγάτιρ
642 5348 830 5432 διάσκεψιν,
846 5345 931 5410 ὥστε
946 5351 973 5410 εί
987 5344 1169 5432 βούλονται
1184 5347 1263 5427 λαμ·

358 5453 474 5540 βάνειν
497 5451 536 5518 τό
560 5453 718 5535 λημάτονι
736 5492 778 5499 -
899 5474 924 5515 e.
940 5474 990 5515 un.
1008 5459 1024 5529 ξ
1044 5459 1070 5516 1.
1087 5453 1263 5525 C.VI.51.

423 5561 469 5624 ‘H
484 5561 636 5643 διάταξις
655 5560 782 5640 κελεύει,
806 5559 847 5623 ἵν’
866 5558 933 5624 ὅσα
947 5560 1264 5641 καταλιμπανόμενά
1357 5558 1448 5621 Iubet
1479 5558 1666 5633 constitutio,
1699 5569 1734 5620 ut
1765 5579 1802 5620 eu
1834 5578 1911 5639 quae
1944 5560 1976 5619 in
2007 5558 2196 5620 testamentis

360 5690 448 5731 τισιν
480 5671 513 5730 ἐν
545 5666 696 5752 διαθήκη
729 5667 972 5747 ἀσθενοῦνται,
1006 5664 1117 5729 πάντα
1143 5668 1263 5747 μένωσι
1291 5666 1473 5747 quibusdum
1500 5665 1607 5727 relietu
1628 5664 1784 5739 deficiunt,
1812 5665 1914 5727 omniu
1941 5675 2086 5727 maneant
2113 5666 2198 5746 apud

361 5774 441 5858 παρ’
466 5775 610 5853 ἐκείνοις,
634 5774 669 5856 ἐξ
692 5769 739 5836 ὧν
761 5773 1046 5860 κατελείφθησαν.
1201 5774 1263 5848 54.
1292 5793 1350 5848 ees,
1374 5792 1393 5833 a
1416 5772 1526 5853 quibus
1549 5781 1622 5833 eunt
1641 5770 1756 5835 relicte.
2132 5778 2147 5848 fi
2165 5776 2197 5833 4.

432 6022 441 6053 ¹
460 6037 572 6093 nempe:
597 6021 633 6076 Ot‘
647 6024 754 6095 καρποί
828 6021 938 6076 'nimii
957 6019 1023 6092 Syn.

2218 2483 2237 2536 ι
2257 2487 2304 2536 ee.
2323 2484 2372 2549 nu

2277 2559 2297 2607 ί.
2310 2559 2333 2608 t.

2216 2838 2245 2908 [1.
2261 2845 2288 2891 ε.
2308 2838 2372 2893 σοι·

2262 2915 2283 2962 ί.
2297 2916 2338 2963 45.

2230 4367 2359 4422 λῶθοδ
