4680 7114
405 448 468 511 164
1051 452 1206 519 LIBER
1227 450 1365 518 XXXV.
1410 451 1499 517 TIT.
1522 450 1583 516 XI.

249 630 297 699 sol
311 633 366 684 68'·
465 625 498 692 Ὀ
520 627 710 704 κελευσθεὶς
732 627 846 704 ἰδίους
854 631 1078 719 ἐλευθερῶσαι
1095 633 1231 711 δούλους
1245 633 1302 699 καί
1396 634 1459 712 Qui
1485 633 1585 695 iussus
1607 642 1654 695 est
1676 651 1747 695 suos
1770 653 1873 696 servos
1895 633 2106 695 manumittere
2130 633 2211 714 iisque
2312 660 2313 721 η

402 732 462 812 τῆν
503 735 727 820 κληρονομίαν
768 738 883 813 αὐτοῖς
925 740 1207 818 ἀποκαταστῆσαι
1242 741 1303 820 τῆν
1329 741 1529 803 hereditatem
1555 740 1711 802 restituere
1737 740 1868 822 pretium
1890 760 1993 802 eorum
2015 760 2055 801 ex
2081 739 2212 802 fideicon·
2312 738 2313 831 l

402 840 498 923 τιμὴν
520 842 632 906 αὐτῶν
653 846 690 905 έκ
711 855 769 921 τῆς
787 847 1095 922 ἀποκαταστάσεως
1110 849 1243 935 ἐξαιρεῖι
1260 887 1301 897 -
1330 848 1421 911 misso
1443 848 1583 910 detrahit.
2023 846 2060 907 ir.
2076 849 2125 908 28.
2141 853 2155 923 5
2172 851 2212 910 11.
2312 848 2313 891 3

1095 956 1131 1019 fr.
1149 960 1199 1019 as.
1216 963 1233 1035 ς
1253 960 1302 1019 ιι.

465 1053 499 1120 Ὁ
514 1055 714 1141 πρεσβευτὴς
729 1055 879 1123 ύπυπτον
894 1060 997 1142 λέγων
1012 1059 1072 1139 τῆν
1081 1063 1303 1146 κληρονομίαν
1395 1063 1529 1143 legatus
1552 1062 1604 1143 qui
1622 1070 1791 1142 suspectam
1809 1061 1884 1123 dicit
1899 1061 2100 1123 hereditatem
2114 1062 2214 1140 cogitm

402 1164 625 1243 ἀναγκάζεται
657 1164 713 1228 καί
745 1170 780 1228 έν
810 1171 852 1253 τῇ
884 1168 1042 1253 πρεσβεία
1068 1166 1108 1234 τό
1136 1181 1194 1246 τῆς
1221 1172 1302 1234 ἀπο·
1330 1168 1378 1232 vel
1400 1170 1432 1231 in
1454 1170 1605 1250 legatione
1620 1170 1757 1251 accipere
1779 1168 1923 1230 iudicium
1939 1169 1977 1230 de
1991 1168 2212 1230 fideicommissa

401 1271 641 1345 καταστάσεως
671 1272 905 1357 ὑποδέξασθαι
939 1274 1163 1358 δικαστήριον.
1214 1280 1241 1340 εί
1268 1275 1302 1339 δὲ
1329 1277 1355 1337 si
1377 1297 1449 1338 vero
1472 1276 1637 1339 deliberare
1651 1276 1734 1351 velit,
1757 1276 1874 1357 cogitur
1896 1275 1979 1337 adiro
1994 1295 2055 1337 non
2078 1283 2112 1335 ut
2126 1260 2212 1336 statim

401 1374 458 1443 καί
486 1376 747 1464 διασκέψασθαι
775 1381 882 1461 θέλει,
911 1383 1133 1462 ἀναγκάζεται
1162 1384 1302 1447 ύπεισελ-
1329 1383 1479 1458 restituat,
1507 1384 1560 1445 sed
1587 1394 1622 1446 ut
1643 1384 1766 1445 domum
1789 1403 1876 1445 suam
1898 1402 2049 1456 reversus,
2077 1382 2102 1442 si
2123 1390 2214 1462 sponte

403 1483 480 1546 θεῖν
503 1484 564 1547 οὐκ
586 1484 636 1549 ἐπὶ
660 1490 707 1567 τῷ
722 1483 825 1560 εὐθὺς
844 1489 1135 1569 ἀποκαταστῆσαι,
1157 1491 1229 1554 ἀλλ’
1248 1489 1303 1555 ἵνα
1329 1489 1472 1565 voluerit,
1499 1492 1639 1553 restituat
1664 1490 1759 1552 veluti
1787 1488 1910 1552 falcidia
1935 1510 2023 1562 usus;
2056 1490 2214 1550 sinautem

401 1589 484 1672 μετά
507 1590 546 1655 τὸ
569 1592 781 1687 ὑποστρέψαι
805 1599 849 1669 είς
869 1592 929 1658 τὸν
945 1592 1037 1661 οἷκον
1060 1597 1173 1676 αὐτοῦ,
1197 1601 1224 1661 εί
1246 1599 1304 1679 μέν
1330 1597 1484 1678 putaverit
1505 1597 1562 1660 sihi
1585 1618 1646 1659 non
1669 1597 1819 1678 expedire,
1841 1605 1939 1659 totum
1961 1597 2111 1658 restituat

401 1696 484 1762 έκὼν
513 1698 682 1786 βουληθῇ,
711 1703 976 1787 ἀποκαταστήσῃ
995 1704 1166 1786 χρώμενος
1189 1706 1232 1777 ὡς
1256 1709 1302 1785 τῷ
2077 1701 2113 1764 fr.
2129 1704 2166 1762 31
2180 1723 2215 1783 pr.

402 1806 582 1892 φαλκιδιω·
606 1811 633 1870 εί
656 1807 690 1871 δὲ
709 1809 840 1890 νομίσοι
862 1806 905 1890 μὴ
930 1813 1108 1896 συμφέρειν
1123 1812 1239 1891 ἐαυτῷ,
1263 1809 1302 1875 τό

402 1923 469 1977 πάν
492 1915 769 2001 ἀποκαταστῆσηε
787 1953 828 1963 -
1147 1918 1182 1979 fr.
1197 1921 1238 1981 31
1257 1940 1302 1999 pr.

465 2017 540 2084 Ἐἀν
572 2024 649 2083 εἴπω
682 2023 963 2087 ἀποκαταστῆσαι
1003 2021 1051 2086 τά
1089 2024 1303 2107 πράγματά
1396 2024 1430 2086 si
1460 2024 1565 2086 <linaro
1596 2025 1752 2086 restituere
1787 2024 1884 2085 bona
1913 2043 1991 2084 mea
2026 2023 2078 2084 vel
2113 2023 2217 2083 omnia

400 2149 473 2208 μου
496 2126 516 2204 ῆ
539 2128 669 2191 πάντα
691 2126 740 2192 τά
762 2127 833 2211 ἐμά
855 2129 1053 2211 καθομάδα,
1077 2130 1303 2216 φιδεικόμμισ-
1330 2151 1407 2192 mea
1428 2130 1617 2212 generaliter,
1639 2131 1903 2192 fideicommissum
1925 2137 1979 2190 est
2024 2129 2108 2191 Nam
2129 2129 2217 2210 appel·

402 2236 584 2298 contorto.
623 2232 662 2299 τό
686 2232 751 2319 γάρ
775 2240 873 2299 aaron
896 2233 986 2317 ἐμόν
1008 2236 1027 2314 lp
1051 2233 1122 2299 σὸν
1144 2236 1201 2301 καὶ
1217 2240 1302 2318 ’ἀγω-
1330 2237 1443 2300 latione
1464 2239 1559 2312 „mei¹‘
1581 2246 1612 2300 et
1633 2238 1714 2313 „tui‘
1737 2238 1829 2299 etiam
1853 2237 1985 2299 actiones
2008 2236 2199 2297 continentur.

401 2337 463 2421 γάς
486 2344 694 2424 περιέγειι-
1074 2354 1078 2359 ’
1119 2345 1154 2406 fr.
1172 2348 1302 2422 31.§1.
2046 2343 2083 2403 fr.
2100 2345 2216 2418 31.§l.

466 2444 540 2512 Ἐἀν
555 2450 614 2529 υἱῷ
629 2469 693 2529 μου
709 2447 728 2524 l)
744 2448 850 2530 δούλῳ
866 2472 929 2530 μου
948 2452 1170 2536 ἀπυκαταστῇ
1184 2451 1303 2534 κληρο-
1396 2451 1428 2514 si
1451 2450 1513 2514 filio
1535 2471 1603 2514 meo
1624 2452 1674 2515 vel
1689 2471 1776 2514 servo
1798 2471 1865 2512 meo
1880 2451 2060 2513 restituatur
2081 2447 2217 2512 hereditas

401 2556 501 2636 νομέα
523 2552 580 2618 καί
602 2563 703 2618 τοῦτο
718 2555 937 2638 ἀναδέξωμαι,
960 2561 1174 2639 μετέρχονται
1191 2561 1235 2631 είς
1250 2559 1302 2640 ἐμέ
1330 2558 1419 2638 idque
1442 2567 1542 2620 ratum
1564 2559 1706 2633 habuero,
1729 2566 1887 2619 transcunt
1908 2558 1938 2618 in
1954 2578 2002 2618 me
2018 2557 2160 2619 actiones.
2191 2555 2218 2617 Si

402 2663 439 2725 αἰ
460 2662 600 2742 ἀγωγαί.
639 2663 680 2725 Εἰ
699 2662 757 2743 μέν
771 2666 805 2724 έν
828 2662 944 2743 δικαίην
959 2664 1181 2747 κληρονομίας
1196 2686 1302 2746 παρα·
1330 2665 1451 2744 quidem
1478 2665 1543 2727 iure
1569 2665 1748 2726 hereditario
1775 2664 1884 2726 retinet
1909 2662 2113 2745 quadrantem
2138 2662 2218 2735 heres,

401 2777 521 2852 κρατεῖ
539 2764 579 2832 τὸ
603 2767 840 2851 τετραυύγκιυν
858 2771 877 2832 ό
892 2769 1106 2852 κληρονόμος,
1131 2772 1303 2852 ἀναλόγως
1330 2792 1385 2853 pro
1407 2771 1544 2851 portione
1564 2772 1598 2832 in
1620 2792 1689 2834 oum
1711 2780 1743 2833 et
1763 2772 1795 2831 in
1817 2770 2128 2833 fideicommissariam
2142 2771 2218 2831 sotio

402 2877 447 2949 είς
469 2872 572 2938 αὑτὸν
594 2874 652 2938 καί
675 2873 735 2939 τόν
757 2875 1092 2962 ηιδεικομμισσάριον
1114 2880 1151 2941 αί
1173 2877 1301 2959 ἀγωγαί
1331 2898 1383 2939 nes
1405 2878 1589 2941 dividuntur.
1627 2878 1660 2940 Si
1681 2898 1753 2942 vero
1776 2879 1806 2938 in
1829 2878 1919 2939 rebus
1935 2876 1985 2939 vel
2007 2878 2140 2958 pecunia
2159 2896 2218 2957 qua·

401 2983 602 3064 μερίζονται·
635 2986 662 3044 εί
694 2981 728 3045 δὲ
760 2987 793 3044 έν
824 2984 1017 3063 πράγμασιν
1052 2983 1072 3061 ῆ
1103 2986 1303 3067 νομίσμασιν
1330 2985 1467 3046 mantem
1489 2987 1647 3065 acceperit,
1669 2984 1807 3065 legatarii
1829 2985 1927 3048 vicem
1954 2985 2073 3066 optinet
2100 2994 2131 3045 et
2150 2983 2219 3044 solus

402 3089 489 3174 λάβῃ
513 3085 552 3151 τό
576 3088 825 3174 τετραούγκιον,
854 3089 1060 3171 ληγαταριόυ
1082 3092 1178 3174 τάξιν
1200 3095 1302 3169 ἐπέχει
1330 3092 1623 3154 fideicommissarius
1646 3091 1830 3154 convenitur.
2003 3090 2037 3153 fr.
2057 3094 2110 3153 31.
2127 3097 2142 3167 ξ
2158 3094 2183 3151 2.
2196 3094 2219 3151 3.
2279 3116 2283 3129 ·

402 3194 459 3261 καὶ
482 3197 583 3277 μόνος
606 3197 624 3258 ό
648 3194 982 3281 φιδεικομμισσάριος
1004 3200 1168 3278 ένάγεταιι
1185 3234 1227 3245 -·

468 3368 473 3375 .
1055 3305 1111 3369 ‚fa
1127 3308 1177 3367 31.
1195 3312 1213 3381 ξ
1230 3309 1257 3367 2.
1275 3312 1303 3367 3.

467 3405 542 3475 Ἐἀν
565 3412 619 3489 7τῷ
648 3407 753 3491 χωρίς
780 3411 936 3492 αἱρέσεως
963 3409 1225 3494 ἐλευθερωθέντι
1253 3434 1302 3474 κε·
1397 3411 1430 3473 si
1452 3412 1480 3473 ei
1503 3413 1554 3492 qui
1576 3431 1651 3492 pure
1673 3411 1875 3472 manumissus
1893 3419 1940 3472 est
1961 3411 2062 3473 iussus
2084 3411 2219 3473 simlero

403 3515 538 3578 λευσθω
562 3514 622 3593 τῆν
643 3515 868 3598 κληρονομίαν
890 3514 953 3579 ὑπὸ
980 3515 1109 3600 αἵρεσιν
1133 3520 1303 3581 ἀποκατα-
1331 3519 1457 3581 ditatam
1488 3519 1545 3580 sub
1576 3518 1750 3583 condicione
1781 3519 1949 3592 restituere,
1981 3519 2007 3579 si
2037 3518 2139 3581 dicam
2164 3538 2219 3579 eam

404 3633 537 3704 στῆσαι,
560 3623 663 3704 λέγων
678 3620 783 3699 αὐτὴν
797 3618 956 3701 ὕποπτον,
972 3625 1187 3707 κληρονομεῖν
1201 3626 1302 3706 άναγ-
1331 3634 1515 3706 suspectam,
1542 3625 1626 3687 adire
1651 3645 1743 3705 cogor
1768 3633 1799 3686 et
1820 3626 1978 3686 restituere
2000 3632 2108 3705 atque,
2134 3624 2220 3687 condi·

402 3730 545 3809 κάζομαι
560 3728 617 3792 καί
634 3731 886 3809 ἀποκαθιστᾶν,
910 3729 966 3794 καί
984 3741 1041 3807 τῆς
1056 3733 1212 3815 αἱρέσεως
1227 3734 1304 3795 ἀτο-
1331 3733 1416 3794 oione
1437 3732 1600 3805 deficiente,
1621 3731 1745 3793 libertas
1768 3752 1829 3793 non
1852 3740 2019 3795 revocatur.
2059 3732 2095 3794 si
2113 3731 2220 3794 verosi

404 3834 525 3911 νούσης
547 3838 566 3912 ὴ
590 3835 764 3920 ἐλευθερία
787 3838 847 3901 οὐκ
870 3838 1100 3919 ἀνατρέπεται.
1145 3843 1171 3901 εἰ
1200 3837 1234 3901 δέ
1256 3843 1304 3920 τῷ
1331 3841 1384 3920 qui
1406 3839 1462 3901 sub
1485 3839 1661 3903 condicione
1681 3848 1728 3901 est
1749 3840 1952 3900 manumissus
1975 3847 2103 3918 rogatus
2118 3840 2219 3900 simro

404 3940 467 4006 ὑπὸ
499 3944 624 4025 ἡμέραν
654 3944 917 4026 έλευθερωθέντι
950 3945 1103 4027 ἠξιώθην
1134 3947 1304 4009 ἀποκατα-
1332 3948 1465 4019 stituere,
1488 3967 1550 4007 non
1572 3966 1663 4024 cogor
1685 3954 1756 4007 ante
1778 3945 1857 4006 diem
1877 3944 1972 4019 adire;
1995 3946 2133 4007 nondum
2154 3944 2219 4005 enin

405 4060 536 4127 στῆσαι,
560 4051 620 4113 ούκ
642 4051 872 4131 ἀναγκάζομαι
897 4049 962 4135 πρὸ
979 4063 1037 4129 τῆς
1052 4055 1173 4137 ἡμέρας
1187 4052 1304 4135 κληρο-
1330 4055 1515 4115 manumisso
1530 4051 1681 4115 hereditas
1695 4053 1813 4114 restitui
1827 4073 1889 4114 non
1904 4060 2003 4133 potest
2017 4072 2118 4133 neque
2131 4058 2221 4112 contra

404 4165 541 4237 νομιεῖν,
554 4157 594 4220 ού
616 4154 761 4221 δυνατὸν
783 4156 849 4242 γάρ
873 4163 919 4238 τῷ
937 4160 1033 4240 μήπω
1051 4160 1215 4242 ἐλευθέρῳ
1225 4159 1305 4235 ,κλη-
1331 4160 1485 4223 testatoris
1507 4160 1695 4224 voluntatem
1717 4160 1806 4221 datur
1828 4160 1960 4222 libertas.
1998 4158 2033 4219 ir.
2049 4162 2095 4221 32
2112 4179 2153 4240 pr.
2169 4163 2183 4233 ξ
2199 4159 2220 4216 1.

405 4264 833 4347 ρονομίανάποκαθιστάν
854 4265 912 4329 καὶ
935 4266 1011 4329 υύτε
1033 4263 1127 4349 παρὰ
1142 4263 1202 4342 τῆν
1225 4267 1304 4346 γνώ-

405 4393 468 4454 μην
491 4381 552 4435 τοῦ
575 4371 776 4453 διαθεμένου
798 4374 818 4449 ἡ
842 4373 1016 4458 ἐλευθερία
1039 4372 1184 4437 δίδοται
1202 4406 1243 4420 -

507 4494 513 4503 '
1071 4481 1107 4542 fr.
1125 4484 1165 4542 32
1181 4501 1225 4561 pr.
1243 4487 1259 4556 ξ
1279 4484 1305 4541 1.

470 4582 544 4649 Ἐἀυ
566 4586 699 4667 ἀξιώσω
723 4582 783 4648 τὸν
804 4586 1011 4667 κληρονόμον
1038 4608 1102 4667 μου
1129 4587 1240 4650 πάντα
1263 4583 1307 4649 τά
1399 4586 1433 4648 Si
1459 4606 1604 4666 rogavero
1632 4586 1771 4649 heredem
1800 4608 1899 4649 meum
1928 4607 2046 4648 omnem
2074 4587 2221 4668 pecuniam

406 4697 450 4765 είς
465 4688 568 4755 αὐτόν
584 4694 744 4775 ἐρχόμενα
756 4692 915 4775 χρήματα
934 4704 992 4768 τῆς
1001 4698 1076 4773 ἐμῆς
1086 4694 1307 4776 κληρονομίας
1333 4715 1372 4755 ex
1394 4694 1558 4755 hereditate
1580 4714 1648 4754 mea
1671 4695 1784 4757 meisve
1806 4694 1894 4756 bonis
1912 4693 1952 4755 ad
1967 4713 2036 4755 eum
2060 4693 2221 4773 pervenien-

407 4798 516 4875 ῆτων
538 4803 623 4880 έμωυ
638 4801 845 4882 πραγμάτων
859 4801 1139 4875 ἀποκαταστῆσαι
1160 4804 1200 4885 τῇ
1216 4800 1304 4863 πόλει
1333 4812 1394 4863 tem
1421 4800 1538 4862 civitati
1566 4820 1651 4862 meae
1672 4802 1841 4875 restituere,
1869 4802 1895 4862 si
1922 4800 1986 4864 sine
2012 4800 2115 4862 liberis
2138 4800 2222 4861 decos

406 4928 471 4988 μου
507 4904 636 4968 άπαιδα
669 4905 881 4985 τελευτῶντα,
915 4904 1047 4980 τούτοις
1079 4916 1149 4980 τοῖς
1182 4907 1305 4989 ρ’ῆμασι
1334 4909 1414 4982 serit,
1442 4908 1488 4975 his
1511 4906 1614 4989 ‚verbis
1641 4917 1672 4969 et
1697 4909 1855 4989 pecuniam
1883 4916 1914 4970 et
1939 4906 2063 4980 fructus,
2097 4926 2169 4988 quos
2191 4922 2222 4964 ex

407 5009 452 5076 τά
475 5012 636 5095 χρήματα
662 5011 718 5076 καί
748 5010 825 5086 τοὺς
851 5010 1009 5097 καρποὺς,
1043 5010 1099 5086 οὓς
1131 5011 1246 5098 έλαβεν
1272 5018 1308 5076 ὲκ
1334 5015 1499 5077 hereditate
1514 5014 1657 5095 percepit,
1679 5015 1837 5076 restituere
1860 5013 2089 5097 [compellitur],
2112 5009 2223 5095 perinde

408 5130 466 5196 τῆς
488 5121 717 5202 κληρονομίας,
746 5120 1034 5199 ἀποκαθίστησιν,
1064 5118 1183 5183 ὡσανεὶ
1207 5129 1308 5183 τοῦτο
1336 5130 1426 5202 atque
1450 5122 1474 5182 si
1497 5121 1535 5182 de
1558 5121 1616 5183 hoc
1638 5121 1811 5202 specialiter
1832 5130 1957 5202 rogatus
1979 5121 2078 5183 {inerit
2131 5119 2166 5181 fr.
2180 5119 2223 5180 33.

408 5226 516 5307 ῥητῶς
538 5227 685 5309 ἦξεόνθηι
702 5263 744 5273 -
1205 5226 1241 5288 fr.
1258 5220 1324 5309 33.l
