4680 7114
555 466 897 543 BASILIGORUM
919 464 1228 541 FRAGMENTA
1250 468 1548 545 anncnlrn
1801 481 1807 497 ⁴
1902 473 1968 547 181

202 653 330 733 *ΧΙΧ,
348 657 379 732 1,
396 660 437 720 22
453 654 595 741 (ῥητῶς).
631 654 664 722 ‘0
687 656 721 741 ἐξ
744 656 938 735 οἱανδήποτε
962 656 1039 737 ἀγο-
1133 653 1228 741 (utin
1241 655 1351 743 textu.)
1388 659 1452 738 Qui
1475 680 1494 722 ε
1516 680 1705 742 quocumque
1728 664 1834 725 emerit
1854 670 1968 744 putans

138 766 248 851 ράζιυν
270 764 410 847 νομίζων
432 760 537 828 αδτδν
559 762 723 841 δεσπότην
737 764 944 851 scripulum
960 765 1038 844 ἀγο·
1067 783 1136 826 eum
1163 764 1320 827 dominum
1345 785 1411 828 esse
1437 766 1519 829 bona
1544 766 1604 828 fide
1626 769 1710 844 emit,
1737 789 1799 831 non
1820 788 1893 832 vero
1916 770 1969 850 qui

137 873 245 957 ράζει·
273 871 314 935 od
335 868 400 954 μὴν
422 872 440 934 ὁ
464 871 641 956 ἀγοράζων
663 868 757 955 παρά
784 871 912 958 ἀνήβον
936 868 1040 953 χειρίς
1067 872 1140 934 emit
1166 892 1186 934 a
1211 872 1328 954 pupillo
1355 873 1419 935 sine
1446 874 1555 936 tutoris
1582 876 1760 939 anctoritate
1790 875 1841 939 vel
1871 877 1970 938 socius

137 979 337 1053 αὐδεντείας
351 986 414 1042 τοῦ
427 979 609 1058 ἐπιτρόπου
622 978 642 1055 ί)
658 982 692 1042 ἐν
706 978 825 1057 είδήσει
841 976 903 1043 σὺν
918 978 1040 1042 αὐθεν-
1068 998 1138 1041 cum
1153 980 1417 1043 cremauerunt
1432 988 1555 1044 tutores.
1601 979 1649 1067 (fr.
1667 986 1717 1045 27.
1732 983 1773 1045 D.
1782 982 1910 1058 XVIII,
1928 979 1969 1067 1.)

137 1088 212 1168 τείμ
233 1094 295 1151 τοῦ
316 1085 468 1151 πλαστοῦ
489 1086 677 1170 ἐπιτρόπου.
718 1086 817 1169 (Dem.
833 1085 939 1149 Olrom
956 1086 1041 1168 304.)

204 1221 302 1296 XIX,
320 1226 352 1296 1,
369 1222 412 1285 34
426 1219 493 1304 (32)
508 1219 550 1283 rh.
568 1223 596 1283 3.
632 1214 707 1283 Ἐἀν
734 1220 753 1282 ὀ
781 1220 910 1303 πράτης
936 1218 994 1283 καλ
1022 1221 1040 1283 ὁ
1136 1218 1170 1282 si
1192 1219 1330 1282 venditor
1351 1230 1383 1283 et
1403 1230 1499 1284 emtor
1521 1222 1619 1284 sciant
1639 1221 1786 1286 lin-tivum
1809 1224 1970 1304 essequod

139 1325 332 1412 ἀγοραστλγς
358 1328 546 1409 γινώσκωσι
573 1325 772 1407 κλοπιμαῖον
794 1324 833 1390 τὸ
857 1328 1042 1411 πιπρασκό·
1068 1327 1160 1401 venit,
1182 1338 1291 1390 neuter
1313 1327 1462 1391 actionem
1483 1329 1589 1392 habet:
1615 1331 1743 1394 invicem
1766 1331 1845 1392 enim
1868 1352 1900 1395 se
1921 1331 1971 1393 de·

139 1456 246 1519 μενυν,
262 1433 434 1518 οὐδέτερος
449 1430 583 1515 ἀγωγὴν
597 1436 674 1511 ἐγει·
697 1433 857 1511 ἀλλήλους
875 1430 941 1520 γάρ
957 1436 1042 1498 ἀπα·
1069 1433 1193 1515 cipiunt
1239 1433 1274 1496 Si
1296 1434 1378 1497 solus
1401 1443 1498 1497 emtor
1519 1437 1588 1510 scit,
1615 1457 1676 1499 non
1702 1436 1795 1501 habet
1822 1438 1971 1501 actionem

140 1552 255 1607 τῶσιν·
279 1544 306 1605 εί
329 1540 364 1604 δέ
385 1542 487 1622 μόνος
509 1542 528 1604 ὀ
552 1537 746 1625 ἀγοραστλγς
768 1536 865 1622 οίδεν,
894 1541 955 1604 οὐκ
977 1545 1041 1618 ἔχει
1070 1540 1217 1604 adversus
1248 1542 1450 1617 venditorem,
1481 1543 1539 1605 nisi
1570 1553 1741 1625 praestetur
1770 1545 1798 1606 ei
1824 1565 1885 1619 res,
1917 1565 1972 1607 nec

139 1646 230 1714 κατά
252 1657 313 1713 τοῦ
335 1648 467 1733 πράτου
494 1645 640 1730 ἀγωγὴν,
667 1649 695 1712 ἀ
720 1645 763 1730 με)
792 1646 923 1712 δίδοται
951 1649 1042 1731 αὐτῷ
1070 1648 1209 1712 venditor
1236 1649 1380 1711 adversm
1409 1657 1567 1724 amtorem,
1598 1650 1657 1711 nisi
1684 1651 1764 1714 ultro
1791 1651 1875 1732 quod
1905 1671 1973 1713 con·

140 1754 180 1821 τὸ
204 1764 351 1841 πρῶγμα,
375 1756 450 1819 οὔτε
473 1755 640 1839 όπράτης
657 1750 747 1819 κατά
762 1764 825 1819 τοῦ
838 1757 1042 1839 ἀγοραστοῦ,
1070 1755 1153 1818 venit
1174 1757 1365 1837 praestiterit
1402 1755 1521 1834 Quodsi
1543 1757 1627 1819 solus
1649 1758 1789 1820 venditor
1804 1758 1868 1831 scit,
1891 1767 1972 1821 tene·

140 1868 167 1928 εί
197 1861 241 1945 μὴ
274 1859 356 1926 ἐκὼν
383 1862 543 1949 παράσχῃ
571 1858 651 1945 ὅπερ
679 1863 922 1949 σννεφώνησεν·
954 1867 981 1926 εί
1009 1862 1043 1927 δέ
1071 1871 1128 1925 tur.
1169 1861 1333 1944 compellit
1355 1864 1433 1925 enim
1456 1863 1595 1926 venditor
1617 1873 1760 1927 emtorem
1782 1865 1898 1928 solvere
1916 1865 1973 1927 sibi

139 1971 240 2053 μόνος
267 1970 286 2033 d
310 1970 438 2051 πράτης
461 1964 560 2049 οἶδεν,
590 1972 745 2046 ἐνέχεται·
775 1970 952 2050 ἀναγκάζει
976 1967 1042 2055 γάρ
1070 1968 1208 2050 pretium,
1231 1969 1303 2032 dum
1322 1970 1378 2033 eit:
1401 1970 1472 2032 lieet
1494 1969 1639 2033 firrtivum
1655 1971 1703 2047 sit,
1725 1971 1801 2033 nihil
1816 1980 1871 2034 tua
1884 1972 1972 2034 inter-

141 2080 160 2140 d
188 2076 317 2160 πράτης
344 2073 405 2140 τὸν
432 2073 627 2158 ἀγοραστὴν
653 2075 858 2162 καταβαλεῖν
884 2077 976 2158 αὐτῷ
1003 2074 1043 2141 τὸ
1071 2086 1118 2138 est
1140 2096 1209 2138 cum
1232 2098 1287 2158 ego
1310 2077 1450 2140 evictioni
1473 2078 1621 2140 obnoxius
1645 2078 1714 2142 siin:
1738 2088 1769 2140 et
1790 2078 1860 2141 inde
1878 2088 1974 2142 emtor

141 2184 279 2266 τίμημα,
312 2182 415 2265 λέγειν
446 2183 550 2264 αὐτῷ,
584 2186 611 2246 εί
637 2182 694 2247 καί
722 2181 911 2270 φούρτιβον
942 2186 1044 2264 ἤγουν
1070 2204 1134 2245 rem
1156 2183 1357 2264 consequitur.
1522 2182 1569 2270 (fr.
1586 2189 1637 2248 34.
1654 2191 1670 2262 5
1688 2188 1716 2248 3.
1731 2185 1772 2248 D.
1787 2184 1914 2260 XVIII,
1933 2182 1973 2270 1.)

140 2290 340 2377 κλεψιμαῖόν
361 2293 465 2369 ἐστιν,
493 2289 587 2353 οὐδὲν
610 2288 693 2374 πρὸς
716 2290 766 2371 od,
795 2294 873 2372 ἐμοῦ
899 2294 939 2377 τῇ
963 2294 1045 2354 ἐκνι-

140 2398 232 2474 κη’σει
265 2396 488 2479 ὑποκειμένου·
523 2395 581 2460 καλ
613 2397 769 2461 ἐντεῦθεν
800 2399 819 2461 ὀ
851 2394 1045 2483 ἀγοραστὴς

141 2504 232 2584 ζητεῖ
251 2501 290 2569 τδ
314 2512 462 2588 πρῶγμα.
586 2504 703 2585 (Proch.
719 2515 799 2568 auct
815 2505 918 2568 Paret.
935 2509 986 2581 22,
1003 2509 1045 2586 5.)

207 2636 223 2668 *
237 2638 278 2701 ib.
289 2641 330 2701 39
347 2636 563 2719 (paragraphe:
582 2645 691 2701 ταῦτα
705 2636 744 2703 τὸ
754 2638 817 2701 λα’
828 2638 1045 2725 διαλαμβάνει
1139 2633 1183 2721 (id
1206 2638 1395 2718 persequitur
1416 2637 1570 2699 XXXIX
1592 2638 1760 2722 capitulum
1782 2638 1863 2702 tituli
1885 2640 1975 2721 primi

141 2744 327 2832 κεφάλαιον
352 2751 414 2807 τοῦ
441 2744 476 2808 α’
504 2743 619 2807 τίτλον
646 2752 707 2808 τοῦ
734 2745 790 2808 ιδ’
817 2743 951 2830 βιβλιόυ
979 2755 1046 2808 τῶν
1072 2742 1143 2805 libri
1163 2743 1249 2805 XIX
1271 2742 1480 2820 Basilicorum,
1503 2747 1589 2807 cuius
1611 2748 1801 2829 paragrapho
1819 2746 1974 2828 explicans

141 2850 342 2936 βασιλικῶν,
375 2842 415 2915 οὗ
444 2853 464 2928 ι)
496 2849 705 2938 παραγραφὴ
737 2852 960 2936 ἐρμηνεύουσα
986 2852 1046 2931 τὴν
1073 2851 1279 2931 exceptionem
1294 2872 1405 2926 eorum,
1425 2851 1536 2933 quibus
1552 2853 1723 2933 specialiter
1738 2863 1785 2916 est
1799 2874 1975 2917 conoessum

143 2958 357 3043 ὑπεξαίρησιν
394 2967 462 3020 τῶν
499 2956 607 3040 ῥητῶς
645 2962 926 3043 ἐπιτετραμμένον
958 2956 1046 3024 οὕτω
1073 2957 1117 3020 sic
1138 2958 1206 3038 εἰει)
1250 2957 1284 3021 Si
1310 2958 1507 3040 magistratus
1533 2959 1646 3022 habeat
1667 2981 1730 3023 rem
1757 2969 1916 3042 paternam
1943 2962 1975 3022 in

143 3062 281 3151 φησὶν).
322 3062 397 3128 Ἐἀν
424 3066 443 3128 ὀ
471 3066 586 3148 ἅρχων
612 3068 670 3150 ἐχη
697 3088 729 3129 τι
758 3070 915 3152 πατρῷον
944 3071 979 3130 ἐν
1006 3071 1046 3154 τῇ
1073 3065 1202 3146 regione,
1225 3063 1279 3126 ubi
1300 3063 1459 3147 imperium
1476 3067 1563 3147 gerit,
1586 3067 1770 3149 permittitur
1787 3088 1854 3130 earn
1869 3088 1975 3144 emere,

140 3174 240 3258 γώρμ
276 3162 296 3259 ᾖ
335 3172 444 3256 ἀργει,
483 3174 717 3253 ἐπιτέτραπται
754 3173 931 3257 ἀγοράζειν
963 3171 1046 3238 αὐτὸ
1074 3194 1143 3236 cum
1165 3173 1301 3235 futurum
1325 3171 1365 3234 sit
1386 3180 1422 3234 ut
1444 3172 1532 3235 alteri
1554 3172 1749 3237 distrahatur.

144 3279 295 3366 φθάσαν
310 3279 389 3342 ποτέ
405 3277 489 3363 πρὸς
503 3283 616 3364 ἕτερον
631 3278 865 3364 διαπραδηναι
886 3280 906 3357 ί)
921 3281 1046 3363 μέλλον.
1163 3277 1294 3365 (paragr.
1305 3278 1388 3340 adfr.
1398 3281 1451 3344 46.
1459 3280 1500 3341 D.
1508 3279 1635 3356 xvm,
1648 3282 1664 3341 1
1675 3276 1975 3366 ν’·πέεέεμεοίολίίετ.)

727 3387 826 3467 (Dem.
841 3387 946 3451 Chone
962 3390 1047 3472 312.)

209 3509 305 3586 XIX,
323 3514 350 3587 1,
365 3515 408 3575 45
424 3513 499 3595 (43).
536 3507 611 3574 Ὲάν
633 3514 667 3574 ἐν
689 3511 811 3592 ἀγνοίμ
837 3510 888 3588 τίς
912 3513 1047 3591 ἐσθῆτα
1141 3512 1176 3575 Si
1197 3512 1265 3594 quis
1286 3512 1428 3592 ignorans
1450 3513 1629 3575 vestimenta
1650 3513 1801 3594 interpola
1819 3533 1874 3594 pro
1889 3513 1976 3577 novis

144 3614 292 3681 παλαιάν
315 3616 390 3681 ἀντὶ
413 3621 489 3693 νέας
511 3620 679 3705 ἀγοράσῃ,
704 3624 730 3683 εί
752 3620 811 3702 μέν
833 3626 895 3683 τοῦ
916 3622 1048 3705 πράτον
1074 3620 1188 3694 emerit,
1215 3620 1241 3681 εἰ
1263 3618 1385 3700 quidem
1407 3619 1565 3683 venditore
1586 3619 1707 3694 sciente,
1730 3619 1768 3681 de
1789 3620 1872 3681 omni
1894 3619 1976 3701 quod

144 3725 379 3805 γινώσκοντος,
412 3730 457 3799 τίς
483 3723 523 3790 τὸ
551 3725 714 3813 διαφέρον
740 3735 808 3791 πῶν
834 3736 928 3791 κινεῖ·
960 3733 986 3792 εί
1015 3727 1044 3791 δ’
1074 3727 1199 3789 interest
1220 3727 1296 3808 agit:
1324 3726 1370 3788 sin
1392 3726 1558 3807 ignorante,
1585 3727 1678 3789 solius
1700 3726 1743 3789 rei
1765 3727 1886 3791 nomine
1907 3746 1976 3788 con·

145 3833 360 3913 ἀγνοοῦντος,
383 3831 433 3896 ἐπί
455 3834 545 3915 μόυηι
569 3836 617 3915 τῷ
640 3834 810 3917 πράγματι
833 3836 998 3917 ἀνάγεται·
1021 3838 1048 3899 εί
1074 3834 1203 3898 venitur.
1248 3832 1303 3897 sin
1330 3833 1472 3912 ignorans
1500 3832 1706 3895 aurichalcum
1733 3853 1788 3915 pro
1811 3853 1885 3895 auro
1907 3853 1977 3896 ven·

146 3937 175 4002 δ’
210 3940 342 4017 ἀγνοῶν
368 3939 608 4022 χρυσόγαλκον
639 3939 714 4004 ἀντὶ
743 3950 875 4025 χρυσοῦ
901 3943 1046 4029 πωλήση,
1075 3941 1192 4016 diderit,
1214 3939 1392 4003 convenitur
1413 3948 1449 4001 ut
1471 3960 1578 4003 aurum
1601 3948 1742 4020 praestet

145 4047 296 4129 ἀνάγεται
320 4045 371 4110 ἐπὶ
393 4052 441 4128 tp*
464 4045 579 4110 δοῦναι
603 4043 663 4110 τάν
682 4049 820 4132 χρυσόν.
1605 4044 1654 4132 (fr.
1669 4049 1722 4108 45.
1737 4046 1777 4108 D.
1791 4046 1918 4121 XVIII,
1936 4043 1977 4131 1.)

599 4154 719 4236 (Proeh.
736 4165 815 4218 auct.
830 4155 900 4218 Par.
918 4159 969 4232 22,
986 4160 1048 4238 25.)

211 4275 282 4342 *·ib.
299 4280 350 4341 50.
384 4275 418 4342 ‘0
440 4278 569 4357 πράτης
590 4275 681 4342 κατά
702 4288 764 4343 τοῦ
779 4282 975 4364 ἀγοραστοῦ
989 4280 1049 4360 τὴν
1142 4278 1293 4342 Venditor
1329 4285 1435 4341 eontra
1466 4286 1637 4358 emptorem
1669 4278 1733 4358 agit
1768 4297 1806 4340 ex
1837 4277 1977 4352 vendito;

146 4382 218 4470 περί
242 4392 303 4449 τοῦ
323 4386 508 4467 τιμήματος
530 4384 665 4467 ἀγωγὴν
678 4395 768 4450 κινεῖ.
812 4385 879 4464 Τὴν
893 4384 959 4473 γάρ
976 4388 1048 4475 περί
1077 4386 1224 4449 actionem
1247 4385 1327 4446 enirn
1350 4384 1381 4445 in
1404 4404 1467 4446 rem
1490 4393 1560 4465 post
1581 4383 1624 4446 rei
1650 4384 1844 4447 traditionem
1866 4384 1978 4447 habere

146 4492 344 4578 πράγματος
380 4489 515 4574 ἀγωγην
550 4489 634 4574 μετά
670 4491 731 4570 τὴν
761 4503 823 4558 τοῦ
853 4496 1050 4578 πράγματος
1076 4513 1137 4555 non
1156 4500 1268 4574 potest
1689 4488 1727 4576 (e
1746 4493 1773 4552 l.
1788 4490 1823 4552 O.
1838 4491 1897 4566 IV,
1912 4493 1977 4571 49.)

146 4598 337 4684 παράδοσιν
359 4602 444 4678 ἐχειν
467 4599 507 4662 οῦ
529 4596 679 4664 δύναται.
726 4601 825 4680 (Dern
839 4601 946 4665 Chora.
962 4607 1049 4689 301)

211 4724 306 4800 ΧΙΧ,
324 4728 351 4800 1,
368 4730 409 4788 57
426 4727 501 4806 (tt).
538 4720 612 4788 Ἐάν
634 4724 756 4809 πραδῇ
779 4723 841 4802 ἢδη
865 4721 956 4801 οἶκος
970 4750 1048 4793 καν-
1142 4724 1176 4788 Si
1198 4724 1306 4786 domus
1333 4721 1462 4786 venierit
1487 4723 1549 4785 iam
1571 4721 1693 4784 omnino
1716 4722 1874 4785 combusta
1895 4723 1978 4803 igno

147 4831 223 4907 δελς
245 4829 323 4906 ὅλος
345 4832 548 4912 ἀγνοοῦντος
569 4839 632 4895 τοῦ
653 4832 785 4917 πράτον
806 4830 863 4897 καλ
887 4842 948 4898 τοῦ
970 4837 1048 4916 ἀγο.
1075 4840 1162 4894 rante
1183 4830 1339 4894 venditore
1364 4838 1396 4892 et
1421 4839 1542 4903 emtore,
1568 4828 1703 4893 venditio
1726 4851 1787 4892 non
1807 4829 1893 4893 valet
1913 4850 1978 4911 pre

147 4948 289 5024 ραστοῦ,
317 4939 379 5002 οῦκ
405 4943 547 5021 ἐρραται
573 4940 594 5014 ι)
623 4947 745 5022 πράσις
771 4937 829 5003 καλ
855 4936 896 5003 τὸ
924 4942 1049 5024 τίμημα
1076 4940 1210 5020 tiumqne
1231 4938 1383 5019 recipitur.
1428 4936 1483 4999 sin
1505 4935 1635 5018 amplior
1657 4957 1728 5018 pars
1750 4936 1909 5000 combusta
1930 4938 1977 5011 sit,

147 5044 432 5129 ἀναλαμβάνεται·
464 5048 491 5108 εί
522 5043 557 5108 δέ
588 5042 628 5109 td
657 5045 755 5110 πλέον
782 5044 913 5124 ἐκαύθη
940 5051 1047 5131 μέρος,
1076 5067 1137 5108 non
1164 5044 1353 5126 compellitur
1379 5043 1520 5125 perlicere
1540 5044 1707 5106 emtionem
1739 5052 1836 5106 emtor
1865 5043 1917 5106 sed
1948 5054 1979 5105 et
2077 5082 2079 5086 «

147 5155 208 5217 ota
229 5153 451 5235 ἀναγκάζεται
468 5152 640 5233 πληρῶσαι
656 5149 716 5230 τὴν
731 5154 921 5238 ἀγορασίαν
936 5155 955 5218 d
971 5157 1049 5236 ἀγο-
1075 5152 1183 5233 recipit
1204 5152 1286 5232 quod
1308 5152 1413 5213 datum
1429 5161 1483 5214 est
1521 5150 1576 5213 Sin
1590 5171 1662 5213 vero
1677 5151 1803 5212 dimidia
1817 5149 1866 5214 vel
1881 5151 1979 5212 minor

147 5258 284 5345 ραστης,
307 5256 394 5323 ἀλλά
416 5256 536 5323 καὶτὸ
559 5257 667 5323 δοθὲν
694 5260 936 5345 ἀναλαμβάνει·
964 5264 992 5325 εί
1015 5262 1049 5327 δὲ
1075 5278 1147 5341 pars
1182 5259 1341 5322 combusta
1375 5258 1428 5332 sit,
1463 5258 1581 5337 cogitur
1620 5257 1740 5338 quidem
1781 5265 1879 5319 emtor
1909 5277 1978 5318 con·

146 5365 187 5432 τδ
214 5364 315 5449 ἣμισυ
341 5365 361 5444 ί)
387 5359 491 5443 ἧττον
517 5365 663 5448 ἐκαύθη,
691 5367 913 5449 ἀναγκάζεται
945 5369 1003 5450 μέν
1030 5373 1049 5433 ὀ
1076 5375 1207 5428 tractum
1231 5365 1403 5446 adimplere,
1426 5365 1557 5445 pretium
1579 5373 1681 5425 autem
1704 5384 1759 5445 pro
1781 5371 1848 5426 rata
1871 5363 1978 5424 minui-

147 5472 340 5559 ἀγοραστης
366 5473 538 5557 πληρῶσαι
562 5471 602 5538 td
625 5472 855 5555 συνάλλαγμα,
883 5471 923 5538 τὸ
947 5474 982 5539 δέ
1003 5477 1049 5539 τί·
1076 5482 1127 5535 tur
1153 5472 1360 5535 aestimatione
1387 5471 1502 5533 iudicis.
1552 5469 1607 5533 Sin
1638 5471 1777 5534 venditor
1807 5470 1977 5533 incendium

147 5603 239 5664 μημα
271 5577 354 5666 πρὸς
385 5581 570 5663 ἀναλογίαν
606 5587 754 5663 μειοῦται
792 5579 954 5664 διακρίσει
989 5591 1052 5648 τοῦ
1077 5581 1162 5643 novit
1198 5588 1231 5641 et
1261 5588 1359 5641 emtor
1392 5578 1524 5657 ignorat,
1556 5577 1582 5639 si
1619 5577 1740 5658 quidem
1774 5586 1839 5639 tota
1869 5577 1979 5638 domus

149 5687 318 5753 δικαστοῦ.
362 5691 390 5752 εί
418 5686 452 5752 δέ
479 5689 631 5768 γινώσκει
655 5684 715 5765 τὴν
737 5695 857 5751 καῦσιν
880 5691 899 5751 ὁ
922 5688 1051 5772 πράτης
1077 5686 1236 5749 combusta
1257 5694 1316 5760 est,
1342 5683 1476 5747 venditio
1503 5684 1589 5746 irrita
1610 5695 1669 5747 est:
1701 5685 1819 5748 sivero
1842 5692 1980 5765 superest

148 5793 205 5860 καί
238 5797 257 5860 d
289 5794 481 5879 ἀγοραστὴς
512 5796 634 5874 ἀγνοεῖ,
666 5797 693 5858 εί
724 5794 782 5876 μέν
809 5790 886 5868 ὅλος
913 5795 932 5858 d
960 5790 1051 5869 οἶκος
1078 5802 1313 5875 quantacunque
1339 5812 1422 5873 pars,
1455 5792 1588 5854 venditio
1620 5791 1757 5857 consistit
1783 5800 1815 5855 ct
1844 5799 1979 5872 praestat

149 5901 291 5982 ἐκαύθη,
307 5904 488 5986 ἀνίσχυρος
504 5903 523 5979 ἡ
540 5910 675 5986 πράσις·
706 5903 733 5965 εί
749 5899 783 5964 δέ
799 5902 939 5981 σώζεται
955 5902 1051 5964 door·
1077 5900 1220 5963 venditor
1242 5900 1348 5961 emtori
1370 5899 1452 5979 quod
1474 5899 1606 5961 interest
1644 5897 1677 5960 si
1700 5898 1838 5960 venditor
1860 5899 1978 5979 ignora·

150 6008 270 6086 δήποτε
291 6012 398 6093 μέρος,
427 6008 624 6073 συνίσταται
647 6009 667 6084 ἡ
691 6017 813 6091 πρᾶσις
834 6006 892 6071 καλ
916 6007 1052 6072 δίδωσιν
1080 6007 1145 6081 bat,
1172 6016 1268 6068 emtor
1295 6015 1397 6068 autem
1423 6005 1551 6078 sciebat,
1577 6004 1661 6069 valet
1686 6005 1819 6067 venditio
1841 6013 1878 6066 et
1901 6023 1978 6065 com·

1705 6109 1758 6163 24*
