4842 7018
894 457 1047 526 uIBuR
1068 459 1208 528 XXXV.
1253 461 1344 529 ΤΙΤ.
1367 462 1427 527 XI.
2044 464 2086 527 53

178 627 210 681 ά.
314 622 388 690 Ἐἀν
409 630 508 713 μέρος
529 630 751 717 κληρονομίας
774 638 994 727 καταλειφθῇ
1016 663 1071 723 μοι
1095 644 1156 707 καί
1166 642 1169 703 !
1246 645 1280 709 si
1302 665 1374 726 pars
1397 643 1574 706 hereditatis
1596 643 1701 706 relicta
1728 643 1769 705 sit
1790 642 1863 703 mihi
1885 651 1916 705 et
1937 643 2086 724 quasdam

248 755 326 796 “W
349 736 533 819 πθάίμαῒα
556 750 614 815 τῆς
641 741 864 827 κληρονομίας
887 747 1073 833 ἀφέλωμαι,
1101 751 1150 814 ἐπ’
1180 774 1228 815 res
1255 772 1294 814 ex
1321 752 1489 814 hereditate
1511 751 1700 825 subtraxero,
1728 750 1766 812 de
1788 750 1825 812 iis
1853 751 2002 812 actionem
2024 771 2085 824 non

250 839 366 914 αὑτοῖς
389 842 524 924 ἀγωγην
547 845 608 908 οὑκ
630 850 708 925 lym:
724 849 786 897 —1
1047 857 1084 918 fr.
1101 860 1152 920 50.
1180 859 1287 922 habeo.
1981 857 2016 918 fr·
2033 859 2084 919 50·

161 965 211 1038 κγ’.
308 961 380 1029 Ὅτε
411 968 616 1053 κληρονόμος
647 970 730 1053 μετά
761 973 822 1052 τῆν
849 977 1057 1064 ὑπεξαίρεσιν
1086 992 1153 1045 τῶν
1246 983 1325 1046 uum
1356 984 1443 1046 heres
1473 992 1544 1065 post
1569 983 1736 1064 legatorum
1763 982 1974 1045 deductionem
2001 984 2085 1045 resti-

248 1072 403 1152 ληγάτων
434 1075 716 1156 ἀποκαταστῆσαι
748 1083 872 1168 κλῆρον
900 1087 1050 1175 ἀξιωθῇ,
1090 1090 1152 1168 οὑγ
1180 1100 1264 1153 tuere
1295 1090 1494 1155 hereditatem
1525 1092 1565 1153 sit
1596 1099 1732 1171 rogatus,
1770 1110 1833 1152 non
1858 1089 1982 1152 deducit
2007 1109 2085 1170 quae

248 1178 418 1263 ὑπεξαιρεῑ
436 1178 480 1245 τά
502 1180 546 1263 μῆ
570 1183 736 1267 δυνάμενα
758 1191 982 1258 ἀπαιτεῖσθαι
1007 1195 1150 1277 ληγάτα·
1179 1219 1241 1260 non
1268 1206 1398 1279 possunt
1428 1198 1491 1279 peti
1521 1197 1633 1279 legata
1688 1197 1722 1260 Si
1753 1217 1825 1259 vero
1857 1196 1966 1258 mulier
1996 1195 2082 1258 heres

73 1283 127 1352 sol.
139 1289 210 1339 227¹.
247 1289 274 1349 εὶ
303 1286 337 1349 ὑὲ
365 1285 445 1367 γυνὴ
472 1300 645 1376 γραφεῖσα
675 1296 881 1380 κληρονόμος
907 1300 964 1364 καλ
997 1303 1151 1383 ληγατευ-
1179 1306 1300 1387 scripta,
1324 1306 1411 1386 eique
1433 1305 1503 1368 dote
1524 1305 1638 1386 legata,
1666 1314 1791 1385 rogatur
1811 1303 1920 1383 legatis
1947 1303 2083 1366 deductis

250 1393 367 1471 θείσης
392 1396 477 1481 αὑτῇ
500 1407 558 1473 τῆς
582 1398 719 1482 προικὸς
747 1404 884 1493 ἀξιωθῇ
907 1419 975 1471 τῶν
997 1410 1152 1491 ληγάτων
1178 1414 1336 1475 restituere
1358 1411 1565 1487 hereditatem,
1593 1411 1733 1493 quamvis
1759 1411 1792 1473 id
1819 1409 1900 1491 quod
1922 1431 1977 1492 pro
1999 1410 2084 1473 felci·

247 1500 495 1585 ὑπεξηρημένων
517 1507 799 1586 ἀποκαταστῆσαι
820 1510 880 1576 τὸν
894 1515 1027 1600 κλῆρον,
1051 1523 1078 1581 εί
1093 1517 1149 1582 καλ
1178 1521 1229 1581 dia
1251 1520 1406 1582 retinuerit
1428 1520 1526 1601 ipsam
1553 1519 1656 1582 dotem
1682 1518 1816 1599 expleat,
1843 1526 1947 1580 tamen
1975 1526 2006 1580 et
2028 1517 2084 1579 fal-

245 1605 284 1670 τδ
309 1610 630 1693 παρακρατοὺμενον
652 1615 732 1700 παρ’
754 1618 856 1696 αὑτῆς
875 1621 954 1706 ὑπὲρ
971 1625 1151 1709 φαλκιδιόυ
1178 1626 1289 1689 oidiam
1311 1627 1420 1690 retinet
1442 1637 1473 1688 et
1495 1626 1610 1689 dotem:
1633 1626 1824 1708 nequeenim
1840 1625 1941 1687 differt
1960 1625 2000 1687 ab
2022 1624 2083 1686 alio

245 1716 436 1801 ἀποπληροῖ
451 1716 557 1795 αὐτὴν
575 1717 636 1796 τὴν
654 1733 787 1807 προῖκα,
811 1724 899 1809 ὅμως
913 1728 971 1793 καί
987 1728 1048 1794 τόν
1066 1734 1150 1819 φειλ-
1177 1734 1324 1796 creditore
1352 1755 1371 1795 a
1398 1734 1531 1797 debitore
1558 1734 1710 1807 instituto;
1743 1732 1823 1795 idem
1856 1740 1902 1794 est
1933 1731 2025 1792 etiam
2057 1731 2083 1793 si

244 1821 352 1885 κίδιον
368 1835 582 1909 παρακρατεῖ
595 1826 652 1891 καί
669 1827 730 1906 τῆν
745 1842 881 1916 προῖκα·
906 1837 981 1900 οὑτε
997 1835 1062 1923 γάρ
1080 1839 1149 1903 δια-
1177 1862 1238 1903 non
1260 1840 1344 1904 iussa
1367 1841 1407 1903 sit
1432 1840 1542 1903 mulier
1570 1840 1718 1903 deducere
1740 1840 1842 1921 legata
1863 1848 1894 1902 et
1915 1839 2081 1901 restituere.

245 1930 336 2013 φέρει
353 1929 456 1993 ἀλλον
472 1931 648 1998 δανειστοῦ
661 1942 852 2025 γραφέντος
864 1940 958 2026 παρά
974 1954 1035 2008 τοῦ
1046 1948 1149 2030 χρεώ·
1809 1945 1845 2007 fr.
1862 1949 1913 2009 53.
1928 1945 1968 2007 D.
1985 1947 2036 2019 36,
2054 1948 2081 2006 l·

245 2056 328 2098 στου
359 2037 580 2120 κληρονόμον·
617 2039 656 2105 τὸ
689 2044 773 2108 αὑτό
811 2052 881 2112 ἐστι
913 2047 978 2114 κάν
1008 2050 1052 2133 μη
1085 2057 1148 2117 έκε·

244 2139 373 2219 λεὺσθη
401 2146 421 2220 ἡ
447 2143 529 2224 γονῇ
558 2147 717 2231 ὑπεξελεῖν
744 2149 788 2217 τά
814 2155 946 2236 ληγάτα
976 2157 1033 2222 καί
1066 2162 1147 2225 ἀπο-

243 2261 530 2326 κντνστῆσνιτ-
873 2263 1101 2343 neenec,
1120 2272 1147 2330 1.

151 2358 154 2365 Δ
191 2369 205 2423 ’-
308 2372 383 2437 Ἐάν
410 2375 604 2465 ληγατενθῇ
631 2401 686 2461 μοι
718 2384 897 2467 ἀλλότριον
923 2399 1063 2473 πρᾶγμα
1089 2392 1146 2457 καί
1241 2391 1274 2454 si
1301 2391 1404 2471 legata
1426 2391 1466 2453 sit
1488 2391 1562 2452 mihi
1584 2411 1631 2453 ree
1654 2391 1755 2453 aliens
1780 2400 1811 2453 et
1832 2391 1987 2453 dominum
2014 2390 2078 2451 eius

243 2476 303 2543 τόν
319 2481 483 2559 δεσπότην
503 2485 610 2549 αὐτοῦ
626 2488 766 2575 γράψας
784 2492 993 2577 κληρονόμον
1012 2497 1147 2580 ἀξιώσω
1175 2500 1319 2579 scriptum
1346 2498 1486 2561 heredem
1513 2518 1659 2578 rogavero
1690 2498 1848 2561 restituere
1874 2497 1929 2560 tibi
1960 2497 2078 2560 heredi·

242 2585 346 2651 αὑτὸν
373 2591 659 2670 ἀποκαταστῆσαί
683 2617 738 2658 σοι
761 2597 822 2676 τὴν
843 2601 1077 2686 κληρονομίαν,
1107 2608 1147 2669 οὐ
1174 2616 1277 2680 tatem,
1300 2627 1360 2668 non
1382 2616 1463 2668 reete
1485 2606 1563 2687 petis
1585 2604 1728 2686 legatum·
1921 2603 1957 2666 fr·
1974 2608 2016 2668 54
2032 2624 2076 2684 Pr·

240 2695 350 2769 καλῶς
373 2697 524 2772 ἀπαιτεῖς
546 2700 706 2781 ληγάτονε
726 2741 767 2750 -
990 2710 1025 2772 fr.
1043 2715 1084 2776 54
1101 2735 1145 2794 pr.

305 2817 380 2883 Ἐἀν
395 2823 413 2884 ό
430 2818 500 2897 υίὸς
519 2833 581 2887 τοῦ
600 2826 769 2910 πάτρονος
787 2830 931 2914 ἐξωτικῷ
947 2830 1008 2897 τόν
1021 2837 1146 2921 κλῆρον
1240 2836 1273 2899 si
1299 2837 1380 2899 filius
1407 2838 1527 2918 patroni
1554 2846 1698 2901 extraneo
1729 2837 1927 2901 hereditatem
1959 2837 2077 2899 restitu-

240 2928 516 3015 ἀποκαταοτῆση,
541 2930 656 3015 [κατὰ]
675 2944 736 2998 τοῦ
750 2937 977 3024 ἀπελευθέρου
991 2945 1146 3024 μένουσιν
1172 2945 1236 3019 erit,
1258 2943 1404 3006 adversus
1425 2943 1567 3006 libertum
1590 2954 1715 3007 manent
1733 2944 1814 3025 apud
1830 2964 1899 3006 eum
1915 2964 2076 3025 opersmm

240 3033 319 3118 παρ’
350 3035 440 3116 αὑτῷ
468 3039 505 3099 αί
533 3049 600 3101 τῶν
632 3040 818 3127 ὑπηρεσιῶν
849 3049 976 3124 ένογαί·
1009 3062 1144 3130 γενικῶς
1172 3051 1383 3132 obligationem
1411 3051 1591 3132 generaliter
1617 3052 1697 3113 enim
1725 3050 1811 3114 heros
1838 3071 1898 3113 non
1921 3050 2078 3131 repellitur
2116 3054 2119 3067 '

238 3134 304 3223 γάρ
336 3143 355 3203 ό
383 3141 589 3227 κληρονόμος
617 3148 678 3210 οὐκ
709 3149 901 3233 ἐκβάλλεται
931 3163 1142 3245 παραγραφῇ
1170 3159 1348 3239 exceptione
1370 3178 1466 3240 neque
1488 3157 1636 3221 liberatur
1657 3179 1696 3220 ex
1711 3158 1820 3235 causis,
1844 3178 1923 3238 quae
1938 3156 1978 3218 ad
1992 3158 2077 3219 resti·

239 3247 314 3311 οὑτε
337 3259 405 3311 τῶν
420 3253 538 3313 αἰτιῶν
553 3252 788 3339 ἐλευθεροῦται
805 3269 872 3321 τῶν
887 3259 930 3342 μὴ
947 3264 1143 3339 ἀνηκουσῶν
1170 3266 1317 3327 tutionem
1340 3284 1401 3327 non
1423 3266 1581 3345 pertinent
1920 3262 1956 3325 fr·
1973 3267 2013 3327 57
2031 3285 2075 3344 pr·

238 3352 321 3438 πρὸς
344 3354 405 3433 τὴν
428 3358 725 3425 ἀποκατάστασιντ
742 3400 785 3411 -
985 3371 1022 3432 fr.
1039 3375 1079 3435 57
1096 3395 1141 3454 pr.

302 3476 376 3543 Ὲάν
399 3481 532 3564 ἀξιώσω
556 3482 617 3561 τῆν
640 3486 819 3573 θυγατέρα
840 3513 905 3573 μου
928 3492 1015 3577 ῥητά
1038 3498 1142 3580 πράγ-
1236 3496 1270 3559 Si
1292 3517 1438 3578 rogavero
1460 3495 1555 3558 filiam
1577 3517 1685 3572 meam,
1712 3497 1802 3560 certis
1828 3497 1919 3559 rebus
1941 3497 2074 3571 retentis,

236 3607 329 3667 ματα
352 3600 642 3674 παρακρατοῦσαν
657 3595 940 3675 ἀποκαταστῆσαι
964 3611 1035 3677 τοῖς
1050 3604 1141 3668 ἀδελ·
1168 3604 1327 3666 restituere
1349 3603 1494 3666 fratribus
1517 3605 1579 3666 suis
1602 3613 1721 3685 partem
1744 3624 1841 3681 suam,
1864 3612 1935 3666 ante
1956 3604 2074 3666 restitu-

237 3702 315 3778 φθῖς
339 3694 473 3770 αὐτοῖς’
496 3695 534 3761 τὸ
559 3698 645 3762 ἴδιον
666 3704 775 3786 μέρος,
799 3702 864 3789 πρὸ
888 3717 946 3783 τῆς
969 3710 1140 3776 ἀποκατα-
1169 3711 1282 3772 tionem
1309 3720 1339 3773 et
1365 3710 1433 3792 ipsa
1464 3712 1495 3771 in
1526 3712 1743 3793 possessionem
1776 3710 1951 3773 hereditatis
1982 3711 2074 3772 mitti·

236 3801 386 3875 στάσεως
413 3801 470 3867 καλ
499 3803 583 3883 αὑτὴ
607 3810 651 3881 είς
680 3807 784 3890 νομὴν
815 3813 1038 3897 κληρονομίας
1066 3823 1139 3901 πέμ
1168 3829 1225 3879 tur.
1271 3818 1391 3880 sivero
1417 3816 1526 3880 fratres
1552 3838 1615 3880 rem
1643 3818 1856 3880 hereditariam
1883 3818 1914 3877 in
1941 3815 2072 3879 solidum

236 3926 345 3970 πεται·
374 3913 401 3972 εἰ
429 3909 463 3972 δὲ
489 3909 546 3973 καλ
571 3912 711 4000 ἀδελφοί
735 3927 874 4001 πρᾶγμα
901 3933 959 3998 τῆς
981 3924 1139 4009 κληρονο-
1168 3925 1359 3988 vendiderint
1386 3924 1435 3988 vel
1464 3924 1678 4006 obligaverint,
1706 3924 1827 3999 deinde,
1853 3923 1936 3987 facta
1962 3924 2005 3986 eis
2027 3943 2072 3985 re·

234 4015 312 4094 μίας
353 4016 387 4098 ἐξ
429 4018 614 4103 όλοκλήρου
655 4024 828 4100 έπιὺλησαν
865 4026 885 4103 i)
925 4029 1139 4115 ένεγὺρασαν,
1167 4032 1335 4107 stitutione,
1364 4032 1560 4094 confirmatur
1586 4041 1617 4094 et
1643 4033 1675 4093 in
1702 4040 1822 4113 purtem
1849 4032 1972 4099 sororis¹
1990 4031 2071 4112 quod

235 4117 384 4206 ὑστερον,
407 4129 579 4205 γενομένης
602 4128 716 4203 αὑτοῖς
740 4142 798 4207 τῆς
820 4135 1139 4219 ἀποκαταστάσεως,
1166 4148 1285 4218 gestum
1307 4148 1361 4201 est
1966 4138 2001 4200 fr·
2019 4140 2070 4201 58·

233 4227 431 4313 βεβαιοῦται
463 4230 520 4295 καί
553 4237 598 4307 είς
629 4231 669 4298 τὸ
701 4240 799 4322 μέρος
831 4251 889 4317 τῆς
921 4243 1067 4330 ἀδελφῆς
1099 4244 1138 4310 τό

234 4336 405 4420 πραγθέν;
423 4374 464 4384 -
1033 4352 1069 4414 fr.
1087 4356 1137 4417 58.

300 4463 448 4547 Γράψας
471 4461 532 4540 τὴν
550 4468 693 4545 γυναῖκά
707 4490 772 4550 μου
786 4472 995 4556 κληρονόμον
1010 4477 1138 4559 ἠξίωσα
1231 4477 1337 4542 Uxore
1360 4499 1429 4542 mea
1447 4478 1562 4541 herede
1584 4478 1705 4558 scripta,
1728 4478 1833 4557 rogavi
1855 4498 1923 4540 eam
1947 4486 1981 4539 ut
1999 4497 2068 4538 cum

232 4567 437 4632 reiecturus
469 4570 573 4648 αὑτὴν
604 4575 886 4655 ἀποκαταστῆσαι
924 4579 984 4646 τὸν
1014 4585 1138 4670 κλῆρόν
1165 4594 1332 4648 moreretur
1352 4587 1525 4647 restitueret
1546 4585 1744 4647 hereditatem
1766 4584 1836 4647 filiis
1859 4585 1933 4646 meis
1951 4583 2001 4647 vel
2015 4586 2069 4644 uni

231 4695 296 4755 μου
318 4684 390 4749 τοῖς
413 4677 495 4751 υἱοῖς
517 4699 581 4759 μου
604 4678 624 4756 ὑ
648 4679 692 4743 rot
716 4683 751 4765 ἐξ
774 4685 886 4749 αὑτῶν
908 4686 928 4764 ῆ
952 4699 1023 4764 τοῖς
1046 4695 1137 4773 έγγό·
1164 4713 1202 4753 ex
1225 4691 1268 4754 eis
1290 4691 1340 4755 vel
1362 4691 1523 4773 nepotibus
1547 4692 1621 4753 meis
1644 4693 1694 4754 cui
1715 4691 1852 4766 voluerit,
1876 4690 1925 4753 vel
1949 4691 2068 4772 agnatis

231 4802 300 4856 νοις
324 4804 388 4864 μου
413 4780 451 4859 λβ
469 4779 561 4865 ᾧτινι
583 4785 741 4875 βουληθῇ
757 4790 777 4868 ἣ
793 4802 864 4867 τοῖς
879 4800 1048 4876 συγγενέσι
1072 4821 1136 4881 μου
1164 4800 1237 4861 meie
1260 4801 1309 4861 cui
1331 4799 1413 4861 velit
1459 4797 1635 4861 electionem
1657 4799 1688 4860 in
1716 4798 1788 4860 solis
1810 4796 1970 4879 nepotibus
1993 4799 2068 4859 meis

231 4883 321 4969 o‘r'trcr
348 4890 452 4953 θέλει·
475 4890 536 4969 τῆν
558 4894 711 4976 ἐπιλογῆν
734 4902 778 4972 είς
799 4901 921 4981 μόνους
944 4900 1022 4978 τοὺς
1045 4908 1194 4986 tyro-,et
1216 4906 1335 4984 agnatis
1358 4907 1386 4967 ei
1407 4906 1486 4979 dedi,
1509 4927 1570 4967 non
1592 4926 1664 4969 vero
1687 4906 1779 4968 etiam
1794 4906 1826 4965 in
1848 4905 1926 4966 filiis.
1971 4905 2068 4968 donec

229 5016 307 5070 νους
333 5018 398 5077 μου
424 4996 481 5061 καί
509 4997 588 5074 τοὺς
621 5015 785 5084 συγγενεῖς
812 5008 897 5094 αὑτῇ
929 5008 1066 5092 δέδωκα,
1096 5015 1136 5076 οὑ
1162 5032 1234 5075 vero
1257 5013 1389 5075 vixerint
1415 5023 1552 5094 nepotes,
1579 5034 1642 5074 non
1668 5020 1768 5093 potest
1795 5012 1948 5093 quendam
1975 5032 2066 5092 agna-

228 5100 293 5181 μίην
314 5102 372 5166 καλ
396 5108 440 5178 είς
463 5101 541 5180 τοὺς
565 5108 700 5183 παῖδας·
728 5112 783 5198 ἐφ’
810 5111 893 5178 ὅσον
920 5115 954 5179 δέ
979 5121 1135 5204 περίεισιν
1162 5128 1262 5180 torum
1285 5118 1407 5200 ehger03
1434 5120 1562 5199 gradum
1585 5120 1666 5181 enim
1690 5120 1722 5180 in
1744 5119 1977 5182 fideicommiseo
1999 5118 2081 5181 fect·

229 5211 262 5271 οἰ
284 5212 423 5291 έγγονοι,
452 5213 493 5275 οὑ
515 5212 659 5279 δὺναταί
684 5240 760 5282 τινα
783 5230 851 5283 τῶν
874 5235 1040 5305 συγγενῶν
1069 5231 1134 5291 ἐπι·
1880 5225 1916 5287 fr·
1933 5229 1984 5288 59·
2002 5232 2018 5303 ὑ
2036 5228 2065 5287 2·

228 5315 403 5396 λέγεσθαι·
440 5316 584 5402 βαθμὸν
619 5319 686 5408 γάρ
718 5329 752 5388 έν
784 5331 832 5409 τῷ
870 5329 1133 5416 φιδεικομμίσσῳ

228 5425 380 5500 έποίηοαε
397 5461 440 5471 -
948 5439 984 5503 fr.
1001 5443 1052 5503 59.
1069 5448 1085 5520 ς
1104 5445 1132 5504 2.

290 5547 323 5613 Ὁ
354 5549 547 5626 κελευσθείς
579 5551 641 5617 ὑπὸ
674 5558 799 5641 ἡμέραν
837 5561 1130 5645 ἀποκαταστῆσαι,
1225 5564 1288 5642 Qui
1311 5565 1343 5626 in
1366 5565 1445 5627 diem
1467 5566 1625 5629 restituere
1646 5566 1746 5628 iussus
1765 5574 1813 5628 est
1827 5566 1967 5647 quamvis
1988 5566 2064 5648 peti·

226 5651 291 5717 κάν
323 5658 493 5744 ἀπαιτήσῃ
526 5658 620 5735 τινάς
658 5673 725 5726 τῶν
753 5678 943 5748 χρεωστῶν,
976 5668 1028 5733 έπλ
1059 5681 1129 5746 τοῖς
1158 5671 1215 5732 erit
1237 5691 1257 5732 a
1279 5672 1461 5751 quibusdam
1483 5671 1679 5748 debitoribus,
1702 5672 1741 5734 de
1761 5673 1867 5735 ceteris
1890 5694 1951 5734 non
1974 5674 2063 5735 susti·

225 5760 354 5835 λοιποῖς
377 5763 416 5826 οὑ
438 5765 624 5830 κινδυνεύει.
943 5776 979 5837 fr.
997 5779 1047 5839 6Ο.
1065 5784 1081 5855 ξ
1100 5784 1128 5841 1.
1156 5786 1209 5838 net
1230 5778 1405 5858 periculum.
1875 5780 1911 5843 fr·
1931 5783 1981 5844 60·
1999 5789 2015 5860 i
2034 5783 2061 5844 Ῑ·

297 5992 305 6021 ¹
323 5991 388 6046 hab.
408 5992 475 6064 Syn.
548 5995 595 6050 ¹1.
616 6000 688 6065 -ῆς,
761 5998 861 6056 'dele
