4978 7018
419 1454 553 1519 LIBER
574 1453 684 1529 XXX,
707 1452 895 1518 TITULUS
918 1453 943 1515 I.
1042 1541 1134 1625 [ἀγ]
1351 1453 1484 1517 LIBER
1506 1453 1615 1531 XXX,
1638 1453 1826 1520 TITULUS
1849 1455 1875 1517 1.

1101 1562 1120 1604 ο
1218 1577 1221 1583 .

85 1652 193 1721 sol-38¹·
231 1651 361 1737 ράστην
384 1648 509 1730 δοῦναι,
532 1650 595 1729 υάγ
617 1650 777 1735 ήπράσις
795 1645 881 1713 ἀλλά
896 1645 936 1711 td
953 1646 1135 1736 σύμφωνον
1162 1659 1326 1731 emptorem
1344 1649 1427 1725 dare,
1450 1670 1511 1712 non
1529 1651 1664 1714 venditio
1678 1651 1733 1714 eed
1746 1661 1870 1732 paetum
1889 1650 2068 1713 infirmatur.

230 1758 429 1843 ἀκυροῦταιτ
446 1793 488 1804 -
706 1757 742 1819 ir.
759 1759 890 1835 3134.
905 1757 946 1819 Ι).
961 1754 1088 1833 ΧΧΝ,
1108 1759 1135 1817 l.
1715 1757 1751 1819 fr.
1767 1760 1818 1820 31.
1835 1764 1852 1834 ἕ
1868 1759 1898 1818 4.
1913 1758 1953 1820 D.
1970 1760 2021 1832 24,
2039 1761 2067 1820 1.

297 1862 337 1928 τὸ
369 1864 454 1928 αὐτό
485 1869 556 1928 ἐστι
582 1862 648 1929 κάν
675 1864 876 1950 συγχωρήσῃ
907 1860 947 1927 τὸ
975 1861 1048 1949 περὶ
1076 1870 1137 1925 τοῦ
1229 1863 1317 1926 Idem
1340 1872 1386 1926 eet
1407 1865 1498 1927 etiam
1521 1867 1548 1927 ei
1562 1864 1710 1927 remiserit
1724 1865 1857 1928 aetionee
1872 1865 1952 1927 oiroe
1966 1863 2067 1947 fugiti-

231 1970 385 2060 φυγάδος
406 1970 427 2049 ή
450 1979 512 2034 τοῦ
534 1969 659 2056 ρεμβοῦ
680 1974 699 2035 δ
727 1971 934 2057 ἀγοραστής·
962 1973 1046 2053 μένει
1069 1968 1135 2053 γὰρ
1164 1993 1237 2034 vum
1260 1971 1309 2036 vei
1330 1990 1467 2034 erronem
1482 1981 1611 2053 emptum
1634 1992 1752 2053 eemper
1771 1972 1851 2035 enim
1872 1971 1968 2034 habet
1989 1971 2068 2034 aedi·

231 2082 317 2158 έγων
347 2077 405 2143 καλ
437 2074 500 2153 τάς
531 2075 661 2165 ἀγοράς
692 2076 749 2142 καλ
781 2076 843 2156 τὴν
869 2076 922 2142 ἐπὶ
948 2081 989 2165 τῇ
1017 2077 1135 2162 πράσει
1164 2080 1249 2143 lioiao
1272 2079 1405 2141 aetionee
1428 2089 1459 2141 et
1480 2100 1520 2142 ex
1537 2080 1662 2143 vendito
1686 2080 1843 2144 notionem.
2005 2082 2068 2156 §5-

232 2187 376 2269 ἀγωγήν.
1024 2185 1136 2262 §bin

297 2290 373 2358 Ἐάν
395 2294 541 2378 ἀμετρον
555 2289 819 2369 καλανδιακδνή
842 2289 1062 2374 γενεθλιακδν
1078 2312 1138 2354 πα·
1232 2293 1267 2357 si
1295 2293 1489 2356 immodicum
1520 2314 1632 2356 munus
1663 2293 1872 2357 calendarium
1903 2292 1953 2356 vel
1984 2300 2070 2355 nata·

234 2401 351 2483 ράσχω
376 2403 416 2487 τῇ
438 2400 573 2481 γυναικί
592 2421 665 2483 μου,
689 2398 798 2484 δωρεά
813 2403 919 2462 ἐστιν·
942 2400 982 2462 οὐ
1003 2396 1067 2480 μὴν
1082 2394 1140 2461 ὲάν
1166 2401 1268 2464 licium
1291 2402 1379 2462 uxori
1401 2420 1488 2462 meae
1510 2400 1628 2476 dedero,
1650 2401 1775 2464 donatio
1797 2410 1856 2474 eot3
1879 2420 1940 2462 non
1955 2419 2027 2462 vero
2045 2400 2071 2461 εἰ

234 2508 400 2593 παράσχω
424 2507 510 2593 αὐτῇ
533 2502 634 2570 άτινα
657 2504 794 2587 δαπανᾷ
816 2504 888 2591 περλ
912 2504 973 2584 τήν
996 2504 1140 2587 κοσμίαν
1167 2508 1334 2589 praebuero
1357 2508 1386 2569 ei
1408 2527 1487 2589 quae
1505 2507 1654 2589 impendit
1671 2516 1707 2571 ut
1720 2527 1753 2569 ee
1771 2507 1926 2570 honeetiue
1941 2514 2070 2569 tueatur.

234 2616 337 2692 αὐτῆς
359 2613 526 2701 φυλακην
542 2648 585 2660 -
1029 2611 1139 2689 §eiu
1934 2596 1937 2603 ‘
2006 2616 2070 2690 §8-

298 2719 332 2786 ‘0
359 2720 601 2807 δωρησάμενος,
634 2720 674 2784 οὐ
701 2718 765 2802 μὴν
794 2718 852 2784 καλ
885 2722 904 2782 d
936 2718 1141 2802 κληρονόμος
1234 2722 1298 2800 Qui
1321 2721 1447 2784 donavit
1468 2741 1529 2783 non
1544 2722 1637 2783 etiam
1658 2720 1744 2783 hereo
1760 2721 1833 2796 eiua,
1856 2730 1957 2802 potest
1971 2721 2071 2803 poeni·

235 2828 349 2909 αὐτοῦ,
381 2826 522 2891 δύναται
554 2826 828 2908 μεταμελεῖσθαι·
866 2829 907 2913 τῇ
945 2826 979 2889 δὲ
1018 2825 1142 2909 ὑστέρα
1168 2829 1292 2891 tentiam
1316 2847 1418 2909 agere;
1446 2828 1641 2910 porteriorem
1664 2838 1766 2891 autem
1792 2829 2007 2909 poenitentiam
2029 2828 2072 2888 in·

235 2934 429 3018 μεταμελείᾳ
443 2935 657 3018 προσέχομεν.
695 2930 781 3007 είκδς
799 2930 866 3019 γάρ
882 2941 943 2997 τοῦ
960 2932 1142 3015 μεταμέλου
1169 2935 1319 3017 opieimue.
1364 2933 1441 2997 forte
1463 2936 1543 2997 enim
1565 2934 1754 3015 poenitentia
1775 2943 1914 2997 eeaeante
1935 2944 2072 2998 mortuus

235 3037 405 3125 μεταστάς
427 3039 640 3117 ἐτελεύτησεν.
686 3041 777 3105 ένθα
800 3039 834 3104 δὲ
858 3039 1023 3103 δείκνυται
1046 3040 1141 3123 μέχρι
1170 3051 1224 3103 eet
1269 3041 1322 3103 ubi
1344 3062 1414 3105 vero
1429 3028 1531 3122 ¹liquet
1546 3049 1617 3103 ante
1632 3051 1760 3103 mortem
1780 3040 1956 3105 donatorem
1970 3042 2073 3125 poeni·

237 3149 386 3224 τελευτῆς
406 3145 646 3229 μεταμεληθεὶς
669 3148 688 3210 d
712 3146 946 3232 δωρησάμενος
960 3143 1018 3209 καλ
1034 3146 1053 3207 d
1069 3146 1143 3221 κλη-
1170 3149 1272 3222 tmaoe,
1294 3158 1325 3210 et
1346 3147 1432 3210 heres
1455 3149 1520 3210 eius
1543 3168 1685 3210 revocare
1706 3157 1815 3230 potest
1856 3150 1975 3212 sivero
1998 3148 2074 3210 nihil

238 3255 381 3340 ρονόμος
404 3254 510 3317 αὐτοῦ
531 3254 782 3318 ἀνακαλεῖσθαι
807 3251 957 3317 δύναται.
995 3256 1021 3315 εί
1046 3249 1080 3315 δὲ
1103 3247 1143 3314 τὸ
1171 3255 1209 3316 de
1231 3256 1418 3336 poenitentia
1439 3264 1555 3318 eertum
1578 3255 1626 3331 eit,
1649 3255 1740 3318 iudex
1763 3256 1934 3336 [tanquam]
1957 3253 2074 3316 indubi-

238 3360 311 3445 περὶ
339 3369 401 3425 τοῦ
422 3362 604 3444 μεταμέλου
626 3363 755 3449 ἀφανές
782 3366 851 3425 ἐστι
874 3357 932 3423 καλ
955 3356 1143 3446 ἀναμφίβο-
1171 3370 1269 3424 tatem
1291 3361 1448 3424 eonfirmat
1462 3360 1663 3432 donationem.
1823 3362 1859 3424 ir.
1876 3365 1927 3425 32.
1944 3367 1960 3438 ξ
1979 3365 2074 3424 2-4.

238 3469 298 3532 λον
319 3477 421 3555 κυροῖ
439 3466 500 3545 τήν
522 3466 652 3554 δωρεάν
674 3469 693 3531 d
717 3467 885 3543 δικαστής.

844 3575 880 3637 fr.
898 3578 948 3636 32.
966 3580 983 3651 ς
1001 3576 1087 3636 2-4
1103 3573 1144 3637 ib.

305 3680 379 3746 Ἐἀν
402 3685 443 3769 τῇ
465 3686 594 3769 μνηστῇ
617 3703 681 3764 μου
703 3685 748 3756 είς
765 3677 886 3767 καιρὸν
908 3682 1019 3764 γάμου
1041 3678 1144 3764 δωρή-
1239 3682 1272 3745 Si
1287 3701 1419 3764 epeneae
1433 3700 1520 3744 meae
1534 3682 1567 3743 in
1588 3692 1708 3764 tempus
1722 3684 1898 3765 nuptiarum
1913 3683 2076 3757 donavero,

240 3811 359 3872 σωμαι,
382 3790 458 3852 τότε
481 3792 624 3874 ίρρωται
648 3786 704 3853 ὅτε
718 3791 812 3874 μέχρι
829 3788 978 3865 τελευτῆς
1000 3809 1065 3870 μου
1087 3797 1145 3864 τῆς
1173 3800 1245 3851 tune
1266 3788 1350 3852 valet
1371 3788 1526 3869 [donatio]‚
1555 3809 1624 3850 oum
1647 3810 1743 3871 usque
1765 3790 1806 3852 ad
1827 3799 1954 3853 mortem
1978 3809 2075 3852 meam

240 3896 344 3972 αὐτῆς
366 3894 520 3977 διαμείνω
544 3897 683 3977 γνώμης.
891 3895 927 3956 fr.
945 3899 995 3958 32.
1013 3901 1029 3972 5
1047 3896 1088 3957 22
1106 3892 1144 3954 ib.
1172 3898 1204 3956 in
1226 3896 1332 3957 eadem
1355 3915 1548 3976 permansero
1570 3894 1736 3960 voluntate
1870 3897 1906 3960 fr.
1922 3899 1974 3959 32.
1990 3903 2007 3974 5
2025 3899 2076 3958 22.

156 4006 204 4062 λδ.
305 3997 413 4078 Ἐἀνή
429 3999 509 4082 γυνή
525 4001 741 4085 δωρησαμένη
756 4023 811 4082 μοι
828 4001 1018 4079 ἀνάσγηται
1029 3999 1148 4063 δοῦναί
1239 4000 1273 4063 Si
1294 4022 1372 4063 uxor
1386 4001 1537 4064 donatura
1554 4002 1628 4063 mihi
1650 4023 1743 4083 passa
1763 4002 1853 4067 firerit
1875 4013 1910 4066 ut
1931 4004 2078 4066 darentur

241 4130 296 4191 μοι
320 4104 409 4172 αὐτά
432 4112 476 4182 τίς
499 4115 624 4192 προῖκα
639 4119 697 4184 τῆς
716 4119 829 4185 κοινῆς
845 4104 1031 4191 θυγατρὸς,
1045 4110 1145 4191 έρρω·
1172 4129 1226 4190 pro
1249 4128 1297 4170 me
1319 4109 1351 4169 in
1373 4109 1475 4171 dotem
1498 4109 1579 4171 filiae
1607 4110 1774 4172 eommunia
1801 4110 1879 4173 talea
1905 4132 1962 4187 ree,
1994 4111 2078 4174 valet

241 4238 297 4279 ται
320 4217 340 4291 ἡ
364 4225 423 4291 τῆς
446 4211 585 4299 προικὸς
608 4214 762 4289 ἐπίδοσις.
994 4214 1030 4276 fr.
1047 4217 1089 4276 34
1105 4213 1144 4275 ib.
1173 4215 1252 4276 dotis
1274 4215 1366 4277 datio.
1973 4217 2008 4278 fr.
2026 4219 2076 4278 24.

154 4328 204 4393 λς’.
305 4318 380 4384 Ἐἀν
407 4322 595 4408 φαίνωνται
624 4320 669 4386 τά
691 4321 902 4406 δωρηθέντα,
924 4319 1145 4384 έκδικοῦνται·
1239 4320 1273 4384 si
1296 4331 1464 4404 appareant
1490 4341 1537 4384 ree
1560 4322 1704 4397 donatae,
1731 4324 1936 4397 vindioantum
1969 4324 1995 4385 ei
2017 4343 2076 4385 non

242 4433 268 4491 εί
292 4427 326 4491 δὲ
349 4425 392 4509 μή
412 4427 641 4508 ἀποδίδονται,
665 4425 704 4492 τὸ
721 4428 850 4504 ἀληθὲς
865 4426 996 4491 δίδοται
1011 4429 1145 4510 τίμημα,
1173 4428 1347 4503 redduntur,
1370 4449 1476 4492 verum
1499 4430 1590 4491 datur
1611 4430 1751 4511 pretium,
1773 4450 1845 4491 nam
1865 4450 1989 4492 oausam
2011 4451 2078 4511 poe·

243 4532 350 4611 ἐπειδὴ
374 4532 435 4611 τήν
458 4536 571 4598 αἰτίαν
593 4545 652 4611 τῆς
671 4544 773 4616 νομῆς
795 4536 815 4610 ῆ
836 4531 945 4618 δωρεά
967 4535 1146 4619 πάρεσγεν·
1175 4538 1314 4598 σοιείοιιίι
1337 4535 1461 4598 donatio
1483 4537 1625 4618 praebuit
1647 4546 1677 4599 et
1699 4546 1826 4599 cavetur
1847 4538 2013 4618 poeeeeoori
2040 4536 2079 4598 de

242 4639 300 4705 καλ
328 4641 548 4728 ἀσφαλίζεται
576 4637 637 4704 τὸν
663 4643 765 4723 νομέα
793 4638 866 4726 περὶ
889 4641 1081 4718 έκνικήσεως
1103 4647 1147 4716 είς
1174 4642 1321 4706 evietione
1342 4643 1374 4703 in
1397 4643 1547 4724 simplum.
1923 4645 1959 4706 ir.
1976 4648 2017 4707 36
2033 4665 2078 4726 pr.

243 4744 283 4811 τὸ
306 4747 446 4812 άπλοῦνε
464 4786 505 4795 -
935 4748 972 4810 ir.
988 4752 1030 4811 36
1046 4771 1091 4832 pr.
1106 4750 1147 4812 ib.

310 4852 502 4941 Ἀλλότριον
525 4853 703 4919 δακτύλιον
725 4853 943 4939 ἐδωρησάμην
965 4858 1006 4942 τῇ
1020 4860 1149 4943 μνηστῇ
1242 4856 1386 4918 Alienum
1413 4856 1539 4918 anulum
1566 4857 1679 4919 donavi
1705 4877 1835 4938 sponsae
1862 4877 1932 4919 mea
1958 4866 2080 4939 etpost

244 4983 308 5043 μου
335 4960 391 5025 καλ
419 4958 502 5044 μετά
529 4958 589 5025 τὸν
615 4962 724 5043 γάμον
756 4957 834 5044 έμδν
865 4961 939 5024 ἀντ’
970 4962 1076 5026 αὐτοῦ
1102 4963 1148 5026 δέ·
1175 4964 1299 5044 nuptiae
1314 4983 1415 5025 meum
1430 4985 1486 5044 pro
1501 4963 1552 5025 illo
1561 4962 1644 5026 dedi:
1659 4962 1744 5027 valet
1752 4963 1882 5026 donatio.
1914 4963 2038 5041 frete
2052 4966 2079 5026 1.

245 5067 347 5149 δωκα,
370 5071 513 5153 ἔρρωται
537 5070 557 5144 ἡ
581 5067 698 5154 δωρεά.
917 5070 954 5131 fr.
971 5072 1022 5132 36.
1039 5077 1055 5148 5
1074 5074 1090 5133 1
1109 5070 1148 5132 ib.
2078 5105 2080 5109 >

162 5184 208 5247 λζ.
311 5171 385 5239 'Edu
401 5176 421 5251 ή
437 5173 517 5257 γυνή
534 5173 634 5238 δόλον
649 5175 770 5261 ποιήσῃ
786 5180 830 5248 είς
845 5171 885 5239 τὸ
901 5174 944 5258 μὴ
958 5176 1148 5262 φαίνεσθαι
1244 5175 1278 5240 Si
1301 5176 1408 5240 mulier
1425 5177 1529 5240 dolum
1552 5177 1659 5240 feeerit
1673 5177 1833 5258 quominus
1848 5188 2017 5260 appareant
2031 5197 2080 5240 ree

246 5278 291 5345 τά
313 5282 515 5367 δωρηθέντα
530 5282 625 5369 αὐτῇ,
647 5282 798 5363 ἀνάγεται
822 5286 863 5368 τῇ
886 5281 959 5366 περὶ
978 5291 1041 5346 τοῦ
1055 5305 1150 5369 παρι-
1177 5284 1310 5346 donatae
1333 5284 1399 5360 eibi,
1422 5286 1601 5347 eonvenitur
1623 5283 1664 5345 ad
1686 5283 1889 5346 exhibendum
1910 5285 2028 5347 aetione
2050 5293 2081 5347 ot

246 5397 334 5451 στάν
356 5386 445 5451 atra
468 5389 583 5474 ἀγωγῇ
605 5386 663 5451 καλ
678 5391 725 5469 τῷ
741 5389 908 5470 ἀκουὶλίφ,
930 5386 988 5452 καλ
1003 5389 1151 5471 μάλιστα
1178 5391 1305 5470 exlege
1328 5391 1454 5472 aquilia:
1477 5401 1509 5461 et
1530 5391 1663 5452 maxime
1685 5391 1711 5452 ei
1732 5400 1803 5471 poet
1821 5391 1983 5454 divortium
2006 5391 2081 5453 haee

246 5492 305 5558 έάν
322 5491 405 5575 μετά
428 5491 468 5557 τὸ
491 5492 660 5575 διαζύγιον
682 5503 784 5559 τοῦτο
808 5492 961 5579 ήμαρτεν.
999 5497 1034 5559 fr.
1052 5501 1092 5561 37
1109 5497 1150 5560 ib.
1179 5498 1309 5560 admisit
1976 5498 2013 5561 fr.
2029 5502 2080 5561 37.

170 5614 208 5684 μ’.
319 5598 370 5666 Τά
393 5605 441 5682 τῷ
464 5599 562 5685 ἀνδρί
585 5599 679 5685 παρά
701 5612 760 5679 τῆς
781 5599 937 5683 γυναικὸς
959 5602 1152 5689 δωρούμενα
1244 5604 1307 5667 Rea
1339 5605 1405 5668 viro
1438 5604 1477 5666 ab
1509 5624 1605 5666 uxore
1631 5604 1762 5666 donatae
1789 5603 1829 5665 ad
1859 5604 2081 5685 procurandam

247 5705 304 5771 διιλ
331 5704 371 5771 τὸ
400 5716 510 5785 τυχεῖν
538 5704 642 5772 αὐτὸν
669 5708 766 5791 ἀξίας
796 5711 940 5794 έρρωται
967 5712 1062 5795 μέχρι
1090 5718 1152 5774 τοῦ
1178 5711 1223 5773 illi
1246 5711 1426 5792 dignitatem
1449 5712 1554 5775 valent
1576 5731 1672 5791 neque
1694 5709 1734 5772 ad
1754 5720 1972 5792 competentem
1988 5731 2081 5792 quau-

248 5822 507 5900 προχωροῦντος
529 5813 665 5880 ποσοῦ.1
999 5815 1035 5878 fr.
1051 5820 1094 5879 40
1110 5817 1149 5879 ib.
1177 5819 1305 5880 titatem.
1977 5816 2014 5880 fr.
2029 5816 2081 5880 40.

322 6026 332 6057 ¹
350 6023 438 6121 hpbet
455 6025 514 6097 Syn
