4978 7018
582 473 744 541 INDEX
765 471 865 541 CUM
886 473 985 543 Duo
1007 473 1224 544 1v¹u0ist
1268 472 1423 543 LIBER
1445 472 1598 542 xuvm
1620 473 1857 542 LVIII-LX.
2094 478 2132 541 11

179 677 200 712 ι.
214 659 265 712 ιθ.
369 651 468 719 κοινοί
491 654 564 737 περί
587 654 797 741 ὲλευθεριωνε
1299 655 1472 720 eommunia
1493 654 1532 718 de
1553 656 1848 720 manumissionibus.
2172 668 2191 720 t.
2206 669 2247 720 le.

180 784 202 818 1·
215 765 265 819 νά.
370 760 443 847 περί
466 762 647 848 ἐλευθέρου
674 761 840 838 δοθέντος
862 762 942 847 ὑπὲρ
966 761 1088 827 δούλου
1114 762 1206 826 δικά-
1299 763 1338 826 de
1360 763 1454 827 libero
1476 763 1548 825 dato
1570 784 1625 844 pro
1648 784 1743 829 servo.
2173 775 2191 826 t.
2204 774 2247 826 21.

302 868 449 932 σασθαι.

166 969 199 1024 ολ
214 973 265 1022 14¹.
325 976 332 989 '
356 1015 362 1029 ,

152 969 216 1120 st·
229 1066 265 1131 d·
302 973 354 1042 (hb
369 972 592 1150 deffluere*
615 1067 652 1129 ui
674 1064 819 1129 δουλεῖαι
842 1065 1058 1130 άπόλλυνταιε
1075 1103 1117 1117 ·-
1300 1066 1451 1146 quomodo
1473 1066 1635 1132 servitutes
1657 1067 1844 1130 amittantur.
2174 1077 2192 1127 t.
2205 1077 2231 1127 ε.

173 1243 175 1246 ’
198 1246 221 1280 1·
235 1226 264 1290 ζ’·
368 1184 391 1290 ίτ
415 1225 564 1300 δουλείας
586 1223 645 1290 καί
666 1221 802 1300 όδατοςε
819 1262 861 1273 -
1299 1226 1338 1289 de
1360 1226 1504 1291 servitute
1526 1237 1557 1290 et
1578 1247 1668 1309 aqua
2174 1237 2193 1286 t.
2206 1236 2231 1288 t.

194 1406 217 1440 τ·
231 1386 263 1454 π’·
367 1344 390 1450 π
413 1387 526 1451 τόπων
547 1386 605 1450 καί
628 1385 785 1472 παρόδων
800 1385 968 1468 δημοσίων
989 1384 1046 1450 καί
1062 1385 1207 1451 άπαλαύ-
1299 1386 1338 1448 de
1360 1385 1434 1449 loeis
1456 1395 1488 1449 et
1508 1386 1666 1450 itineribus
1688 1386 1819 1470 publiois
1845 1395 1876 1450 et
1903 1407 1960 1450 usu
1982 1407 2085 1450 eorum
2107 1394 2139 1448 et
2175 1398 2193 1449 t.
2206 1398 2231 1449 e.

301 1514 386 1556 στων
408 1493 520 1557 αὐτῶν
542 1492 600 1558 καί
622 1495 846 1567 άνανεοίσεωςε
864 1530 906 1540 -
1233 1491 1404 1554 refeotione.

187 1673 209 1706 τ·
222 1654 263 1707 θ’·
367 1612 390 1717 π
414 1649 504 1739 ὅρων
527 1652 706 1717 ίθυντόωνι
725 1690 765 1700 -
1299 1652 1338 1716 de
1359 1652 1470 1715 finibus
1492 1653 1643 1733 regundis.
2175 1664 2193 1715 t.
2207 1665 2232 1714 9.

200 1833 222 1867 t·
235 1812 263 1867 ι’·
368 1772 391 1877 π
422 1816 522 1899 ἔργον
552 1818 627 1903 νόου
657 1813 881 1899 παραγγελίας
911 1815 1064 1876 τουτέστι
1094 1834 1206 1876 καινο-
1299 1813 1338 1874 de
1369 1814 1441 1876 novi
1467 1814 1566 1895 operis
1593 1814 1782 1877 nuntiatione
1808 1824 1840 1876 st
1866 1814 1904 1877 de
1935 1812 2138 1886 indemnitate,
2175 1825 2193 1875 ε.
2208 1823 2249 1874 10.

1235 1919 1272 1980 de
1298 1940 1361 2000 qua
1387 1940 1494 1984 cavere
1520 1920 1610 1984 debet
1635 1922 1662 1984 is
1689 1922 1739 1984 eui
1764 1921 1938 1984 nuntiatum
1964 1928 2011 1982 est
2036 1918 2139 2000 siqui

301 1974 420 2048 τομίας
450 1973 508 2037 καί
540 1933 563 2038 {c
600 1981 661 2038 τοῦ
697 1974 837 2056 ἀζήμιον
873 1973 1113 2061 φυλάττεσθαι
1146 1970 1207 2036 τὸν
1232 2026 1394 2090 nuntiavit

301 2080 603 2163 καινοτομούμενον
625 2078 719 2166 παρά
741 2089 803 2145 τοῦ
823 2088 1118 2163 καινοτομοῦντοςε
1134 2117 1176 2127 -

196 2260 218 2294 1·
231 2238 267 2310 ‘d‘
369 2200 513 2326 πόργων
522 2239 756 2324 δημοσίωνιιαί
771 2240 983 2321 λογοθεσιῶν
996 2241 1108 2304 αὐτῶν
1116 2199 1206 2304 satir
1300 2240 1338 2302 de
1360 2239 1500 2321 operibus
1522 2240 1652 2322 publicis
1679 2251 1711 2305 et
1731 2241 1899 2305 rationibus
1921 2261 2026 2303 eorum
2047 2249 2079 2302 et
2100 2240 2139 2303 de
2174 2252 2192 2302 t.
2207 2252 2248 2302 12.

303 2345 481 2432 προσόδων
503 2347 641 2412 πόλεων
658 2384 701 2395 -
1234 2344 1379 2408 reditibus
1401 2346 1569 2409 civitatum

190 2474 213 2508 1·
225 2454 267 2508 ν’·
369 2454 412 2535 μή
436 2477 469 2517 τι
492 2458 526 2517 όν
548 2455 641 2536 τόπῷ
664 2455 740 2539 ἱερῷ
762 2456 906 2534 γένηται.
1300 2473 1339 2513 ne
1361 2452 1435 2533 quid
1457 2452 1490 2515 in
1511 2452 1578 2516 loeo
1600 2473 1687 2517 ssoro
1709 2453 1772 2517 dat
2175 2464 2250 2516 tlt.

187 2634 209 2667 τ·
223 2614 268 2678 td·
371 2573 394 2678 π
423 2621 485 2678 τοῦ
514 2614 557 2696 μή
581 2637 614 2678 τι
639 2611 692 2679 ἐπί
719 2615 861 2696 ποταμῷ
888 2611 1035 2695 δημοσίῳ
1063 2610 1083 2689 λ
1109 2616 1144 2677 όν
1167 2616 1207 2699 τῇ
1300 2611 1350 2673 Ne
1372 2612 1445 2692 quid
1467 2612 1500 2675 iu
1521 2613 1646 2676 flumine
1667 2613 1789 2695 pubiioo
1811 2614 1916 2695 ripaue
1936 2614 2002 2677 eius
2026 2613 2081 2676 fist
2103 2623 2138 2676 ut
2175 2623 2194 2675 t.
2209 2625 2250 2675 lo.

304 2720 410 2784 αὐτοῦ
432 2720 527 2807 ὄχθη
550 2724 684 2802 γίνηται
699 2722 755 2783 ἵνα
765 2727 882 2803 χεῖρον
896 2718 1050 2805 πλευσθῇ
1072 2717 1208 2805 δρεόση
1234 2717 1320 2797 peius
1357 2718 1518 2800 navigetur
1555 2728 1610 2782 sut
1645 2720 1722 2782 fluat
1758 2740 1850 2801 quam
1887 2721 1985 2801 priore
2023 2730 2139 2783 aestate

304 2823 394 2911 παρὸ
417 2831 465 2909 τῷ
488 2829 610 2912 πρώτῳ
634 2828 728 2913 δόρει
751 2829 872 2912 ἕρρεενι
890 2862 932 2873 -
1233 2824 1363 2887 fluxerit

200 2954 222 2988 1·
234 2935 267 2998 ιζ·
370 2936 415 3007 είς
437 2931 478 2998 τὸ
499 2942 684 3012 κατασχεῖν
705 2934 821 3016 νομὴνε
837 2970 880 2982 -
1302 2930 1341 2994 de
1362 2931 1520 2995 mmenda
1541 2934 1737 3015 possessione
2177 2945 2196 2996 t.
2210 2944 2251 2994 ιτ.

180 3114 202 3149 t·
215 3095 267 3148 ιδ’·
372 3052 395 3158 b
422 3094 656 3179 καθημερινοῦ
686 3090 809 3167 ὕδατος
840 3091 897 3157 καί
926 3092 1068 3178 deposed
1097 3090 1155 3156 καί
1187 3051 1210 3156 π
1304 3090 1342 3153 de
1362 3092 1531 3155 oottidiana
1553 3112 1634 3174 aqua
1655 3102 1686 3156 et
1708 3094 1825 3156 aestiva
1846 3104 1878 3157 et
1898 3094 1936 3156 de
1958 3095 2039 3158 rivis.
2177 3105 2195 3155 t.
2210 3104 2251 3154 19.

305 3199 463 3283 ῥείθρων.

200 3327 221 3361 1·
234 3307 267 3359 ¹(-
372 3308 413 3371 τό
435 3305 496 3391 βία
519 3306 539 3384 ἢ
562 3307 692 3390 λάθρα.
1305 3306 1336 3368 vi
1358 3313 1413 3368 sut
1434 3304 1521 3368 olam.
2178 3319 2196 3368 t.
2210 3317 2252 3368 νο.

182 3467 268 3522 esest
373 3488 396 3531 π
412 3467 654 3552 συγγωρὴσεως
669 3465 725 3530 καί
736 3465 974 3551 παρακλήσεως
989 3463 1045 3529 καί
1060 3462 1213 3550 βαλάνου
1305 3465 1343 3527 δε
1365 3467 1558 3528 oonoessione
1580 3475 1611 3529 et
1632 3467 1768 3547 precario
1790 3476 1821 3530 et
1842 3466 1953 3550 glande
1975 3468 2110 3549 legenda
2179 3479 2197 3528 t.
2210 3478 2252 3527 21.

306 3573 449 3655 ἐκλογῆς.

651 3696 784 3751 stetten
803 3696 866 3751 Νθ’.
1587 3694 1703 3751 LIBER
1719 3695 1795 3750 LIX.

199 3823 270 3876 ια’·
375 3782 399 3886 π
421 3823 602 3905 μνημάτων
623 3822 681 3886 καί
705 3822 855 3898 δαπάνης
878 3831 946 3885 τῶν
967 3830 1100 3906 νεκρῶν.
1306 3819 1345 3882 de
1367 3821 1569 3884 monumentis
1591 3830 1623 3883 et
1643 3821 1785 3884 funerum
1806 3833 1939 3906 sumptu

202 3982 270 4055 τό.
375 3941 483 4045 brot
505 3979 565 4045 τόν
591 3980 710 4068 νεκρὸν
736 3982 879 4064 εἰσάγων
904 3979 962 4045 καί
990 3982 1104 4069 τάφον
1126 3985 1213 4045 οίκο-
1307 3979 1346 4041 de
1368 3988 1486 4042 mortuo
1508 3980 1664 4044 inferendo
1686 3991 1718 4044 et
1738 3981 1877 4064 eeprdoro
1900 3982 2094 4046 aedificando.
2191 4029 2198 4043 .
2230 4028 2236 4042 .

309 4087 431 4165 δομεῐνε
449 4125 490 4136 -
1399 4094 1402 4099 ’

202 4269 224 4303 r.
236 4250 271 4323 ν·
377 4208 399 4311 {r
423 4259 535 4335 ταφῆς
556 4247 614 4312 καί
639 4248 888 4329 δαπανημάτων
906 4247 1053 4324 κηδιιῶν.
1307 4245 1345 4306 de
1368 4244 1523 4327 sepultura
1544 4255 1575 4310 et
1596 4248 1740 4329 impensis
1761 4248 1909 4311 funemm.

667 4424 798 4479 ΒΙΒΛΙΟΝ
816 4424 857 4478 Ξ’.
1595 4421 1711 4479 LIBER
1729 4423 1789 4479 Lx.

204 4573 225 4606 τ.
238 4553 273 4606 α’.
377 4510 638 4636 πγρηματικων
665 4561 788 4614 ποινων
814 4549 871 4614 καί
900 4559 1137 4636 συκοφαντιῶν
1157 4546 1215 4611 καί
1308 4547 1346 4610 de
1368 4547 1474 4628 poenis
1496 4549 1677 4629 pesuniariis
1698 4549 1903 4613 etesiumniis
1918 4552 2016 4632 etqui
2032 4550 2143 4613 calum
2191 4597 2197 4610 .
2230 4596 2236 4609 .

310 4659 395 4731 τίνες
415 4668 483 4721 τῶν
503 4667 727 4744 συκοφαντῶν
747 4664 969 4741 τιμωροῦνται
990 4655 1047 4720 καί
1062 4657 1147 4730 τίνες
1162 4657 1215 4719 ob:
1243 4653 1375 4716 uiatores
1397 4654 1563 4736 puniantur
1584 4666 1616 4718 et
1637 4657 1690 4737 qui
1712 4677 1782 4718 non

203 4786 225 4820 τ.
239 4765 272 4837 ῥ’.
376 4760 451 4827 Ἐάν
473 4763 683 4847 τετράποδον
705 4765 824 4845 ζημίαν
846 4774 983 4840 ποιησαι
1006 4762 1150 4844 λέγηται.
1181 4845 1184 4849 ,
1309 4760 1343 4823 si
1365 4760 1538 4843 quadrupes
1561 4762 1707 4825 damnum
1729 4762 1836 4826 feoisse
1858 4764 1984 4826 diostur.
2180 4774 2198 4825 t.
2212 4774 2237 4823 2.

203 4946 225 4981 τ·
238 4926 273 4999 qs·
376 4883 399 4988 ίτ
423 4925 527 5005 νόμον
549 4932 611 4988 τοῦ
632 4923 805 4988 άκονῑλίον
826 4882 850 4987 ἑ
873 4923 997 5005 ζημίας·
1308 4921 1347 4984 de
1368 4920 1435 5002 tego
1457 4921 1573 5002 aquilis
1593 4922 1632 4984 de
1654 4922 1773 5043 dsmpo.
2180 4934 2237 4983 ts.

205 5106 227 5139 τ.
241 5084 273 5140 δ’.
377 5042 554 5147 iratres
576 5080 665 5158 όςτις
687 5084 801 5147 τίποτε
823 5086 923 5161 λκγέει
947 5080 967 5159 ἣ
990 5083 1151 5167 είςρίπτει.
1309 5081 1347 5143 de
1369 5080 1414 5157 iis,
1437 5081 1489 5162 qui
1512 5081 1628 5161 aliquid
1649 5082 1809 5145 effrindunt
1830 5092 1885 5145 aut
1906 5084 2045 5146 deiciunt
2099 5112 2101 5115 ·
2141 5112 2146 5119 ·
2181 5095 2198 5145 ι.
2212 5093 2237 5142 4.

208 5267 231 5301 τ.
244 5246 274 5300 s‘.
379 5203 560 5325 πάγωγων
574 5254 642 5307 τῶν
656 5246 856 5324 κινουμένων
871 5243 969 5320 ἡνίκα
983 5241 1095 5306 δοῦλοι
1111 5242 1216 5324 άμοιρ-
1309 5240 1347 5303 δε
1370 5241 1539 5303 actionibus
1566 5243 1656 5303 motis
1684 5262 1753 5304 eum
1777 5245 1856 5307 servi
1878 5244 1931 5324 qui
1953 5242 2146 5325 deliquerunt
2182 5255 2200 5305 t.
2214 5256 2238 5305 o.

312 5350 425 5424 τόνττς
447 5350 641 5414 ἑκδίδωνται
666 5348 686 5427 ἣ
709 5348 910 5434 τετράποδα.
1244 5347 1396 5410 deduntur
1417 5357 1472 5410 aut
1494 5347 1712 5430 quadrupedes.

204 5534 227 5568 τ.
239 5514 274 5579 ζ.
379 5469 402 5574 π
426 5508 548 5573 δούλου
570 5509 846 5597 ὑποφθαρόντοςε
863 5545 905 5556 -
1310 5508 1348 5570 de
1370 5529 1457 5571 servo
1479 5517 1628 5590 corrupto.
2182 5520 2199 5571 t.
2213 5520 2238 5570 ό.

210 5694 232 5728 2.
246 5674 277 5737 r.
379 5629 588 5757 λφηιεω
611 5668 752 5733 oetam:
768 5706 811 5717 -
1311 5666 1349 5731 ee
1372 5667 1467 5732 servo
1490 5666 1634 5749 ugron
2182 5679 2200 5728 ι.
2214 5678 2239 5730 ι.

199 5854 221 5888 ι.
234 5834 276 5891 θ’.
383 5850 406 5893 π
430 5836 492 5892 τοῦ
513 5825 572 5892 δάν
593 5826 762 5914 μητρητης
785 5825 936 5893 πλαστὸν
958 5828 1086 5913 τρόπον
1107 5829 1189 5912 einp.
1311 5827 1336 5888 ei
1359 5847 1478 5889 mensor
1498 5826 1608 5890 falsum
1632 5828 1754 5890 modum
1777 5829 1894 5893 dixerit

215 6015 236 6049 ι.
250 5996 276 6049 ι’.
380 5947 403 6051 π
426 5989 636 6066 ἀπαιτήσεως
657 5988 857 6070 κλοπιμαιόυ
879 5989 1083 6074 πράγματος.
1311 5986 1349 6048 de
1369 5988 1513 6068 petitione
1534 5988 1577 6050 rei
1598 5984 1737 6051 furtivae

1915 6096 1951 6146 2⁸
