4842 7018
419 446 482 522 110
988 457 1168 527 CAPITA
1190 457 1340 527 LEGIS
1361 458 1672 529 RHODIORUM.

337 694 377 748 ιε’.
481 650 672 777 τλέμπόρου
695 692 713 770 λ)
736 693 898 778 ἐπιβάτου
920 692 940 771 ἣ
963 692 1083 757 δούλου
1111 694 1316 777 παρατεθὲν·
1409 695 1447 757 de
1476 704 1642 757 mercatore
1673 693 1722 757 vel
1749 703 1870 757 vectore
1901 692 1950 756 vel
1987 714 2071 756 servo
2101 695 2220 777 deposito
2248 708 2277 757 15.

413 819 472 872 τος
493 797 552 862 καὶ
573 803 608 863 ἐν
630 801 717 886 ἀκτῇ
739 802 989 882 ἀπομοίυαντος,
1017 809 1077 864 τοῦ
1100 802 1217 865 πλοίου
1236 804 1317 867 ἀπο·
1343 811 1434 884 atque
1463 803 1495 863 in
1526 802 1615 864 litore
1645 809 1833 875 remanente,
1871 820 1941 862 cnm
1972 802 2058 863 navis
2090 801 2222 881 aufugerit

413 906 581 990 φυγόντος
600 905 643 968 δι’
668 905 840 992 ἐπήρειαν1
864 906 883 984 i>
905 906 1123 993 καταδρομὴν
1145 907 1284 995 ληστῶν.
1342 917 1466 991 propter
1487 908 1662 971 seditionem
1685 907 1736 969 vel
1758 907 1911 971 latronum
1932 907 2090 971 incursum

332 1068 375 1132 td·
480 1067 705 1150 exorativum
727 1069 923 1132 ἐπιπουτίων
949 1067 1259 1133 ἐκδαυσισθλντωυ.’
1410 1070 1448 1130 de
1470 1068 1606 1150 poenniis
1628 1068 1750 1130 nautico
1772 1067 1867 1130 fenori
1888 1067 1975 1130 dana
2250 1079 2278 1128 re.

337 1227 375 1289 ιί·
481 1185 502 1289 λι
532 1228 676 1311 χρυσίου
703 1225 761 1292 καλ
788 1229 951 1314 ἀργυρίου
977 1226 1028 1291 ἐπί
1060 1228 1316 1314 κερδοκοιυωυίμ
1409 1229 1447 1290 de
1479 1249 1554 1290 auro
1585 1238 1771 1310 argentoque
1802 1227 1842 1289 ad
1873 1225 1950 1289 lueri
1982 1228 2147 1290 societatem
2171 1250 2223 1290 mu·
2250 1237 2279 1286 lv.

409 1331 643 1418 ypocritarum.
1342 1336 1444 1398 tuatis.

333 1494 376 1560 α’·
480 1452 503 1557 π
530 1502 592 1557 τοῦ
610 1495 771 1576 γρημάτα
796 1494 1069 1577 ἐκδαυοισαμλυου
1093 1494 1144 1560 ἐπλ
1167 1497 1316 1580 προθοσ-
1409 1495 1447 1557 ds
1469 1516 1504 1557 so
1526 1495 1579 1577 qni
1601 1496 1632 1557 in
1655 1495 1735 1558 diem
1756 1495 1917 1577 pecuniam
1940 1503 2046 1557 mutuo
2064 1496 2182 1576 sumpsit
2199 1508 2223 1558 et
2250 1502 2278 1553 lt.

414 1601 474 1680 μίμ
496 1597 553 1664 καὶ
577 1600 863 1680 ἀποδημήσαντος.
1343 1622 1468 1684 peregre
1488 1603 1641 1684 profectus
1663 1611 1717 1664 est
2217 1602 2221 1608 ’

325 1761 375 1814 ιδ’·
480 1720 591 1823 τλτοῡ
617 1759 871 1843 ναυλωσαμένου
900 1762 1016 1826 πλοίου
1046 1761 1103 1825 καλ
1131 1763 1317 1848 ἀρραβῶνα
1410 1763 1449 1826 de
1470 1784 1505 1825 eo
1528 1763 1580 1844 qui
1603 1783 1711 1825 navem
1734 1761 1881 1824 conduxit
1902 1762 2084 1844 arrhamque
2104 1762 2183 1825 dedit
2251 1768 2279 1815 la.

414 1865 605 1940 δεδωκότος.

345 2029 377 2082 ¹!-
481 1986 504 2090 ιλ
530 2034 593 2089 τοῦ
618 2027 874 2109 νιιυλωσαμένου
905 2028 1021 2093 πλοίου
1050 2028 1108 2092 καί
1139 2032 1317 2118 ἐγγράφως
1411 2028 1449 2090 de
1481 2049 1517 2091 eo
1548 2031 1601 2110 qni
1628 2049 1737 2092 navem
1763 2028 1909 2091 conduxit
1935 2038 1966 2091 et
1993 2029 2044 2091 vel
2070 2029 2100 2090 in
2126 2030 2225 2111 scriptis
2250 2033 2279 2082 λλ-

415 2132 702 2219 συμφωνήσαντος
724 2134 744 2211 ἣ
766 2134 824 2198 καί
847 2137 1013 2222 ἀγράφως
1035 2137 1222 2221 ὁρίσαντος.
1344 2137 1495 2199 contraxit
1516 2135 1566 2199 vel
1588 2136 1653 2198 sine
1675 2136 1825 2217 scriptura
1845 2138 2074 2199 oonventionem
2095 2135 2167 2196 iecit

327 2296 377 2349 ια’.
481 2252 504 2356 λι
532 2292 592 2356 δίο
619 2306 787 2358 κοινωνῶν
819 2296 1012 2381 ναυκλήρων
1044 2295 1196 2373 ἀλλήλοις
1228 2300 1316 2362 ἀντι·
1410 2296 1449 2357 de
1486 2296 1606 2358 duobus
1643 2296 1797 2375 magistris
1836 2296 1926 2359 sociis
1962 2295 2092 2358 invicem
2126 2304 2225 2356 contra·
2251 2297 2279 2348 ²1·

413 2398 584 2480 λεγόντων.
1344 2402 1521 2465 dicentibus.

327 2559 377 2633 κθ·
480 2519 503 2625 ιλ
526 2560 673 2644 ἐμπόρου
688 2557 748 2624 τδυ
762 2563 867 2644 γόμου
887 2560 966 2627 ὅλον
986 2571 1047 2628 τοῦ
1062 2563 1179 2629 πλοίου
1196 2565 1317 2628 υαυλω
1410 2562 1449 2624 de
1470 2571 1635 2627 mercatore
1656 2564 1708 2645 qui
1730 2570 1829 2626 totum
1850 2583 1927 2625 onus
1950 2561 2042 2624 navis
2063 2561 2201 2625 conduxit
2251 2563 2278 2613 λλ

414 2669 566 2748 σαμέυου.

327 2831 377 2902 ιν.
480 2787 503 2890 λι
526 2828 713 2913 ναυκλήρου
735 2827 821 2914 [καί]
845 2832 990 2916 ἐμπόρου
1018 2828 1090 2915 πυρί
1113 2832 1218 2912 γόμου
1241 2852 1316 2913 συγ·
1409 2830 1448 2892 de
1463 2822 1620 2911 ¹magistro
1647 2838 1679 2892 et
1704 2838 1870 2892 mercatore
1898 2830 1951 2911 qui
1977 2829 2018 2891 de
2044 2848 2131 2891 onere
2155 2827 2227 2891 navis
2252 2830 2280 2879 λλ

413 2938 649 3021 γραφαμλνων.
1343 2938 1577 3000 instrumentum
1599 2937 1733 3000 fecerint

328 3095 377 3151 κδ’.
480 3054 503 3158 λι
535 3095 722 3181 ναυκλήρου
753 3093 810 3159 καλ
842 3099 988 3179 ἐμπόρου
1024 3101 1316 3183 συγγραφαμένων
1409 3098 1448 3160 de
1471 3098 1614 3178 magistro
1633 3106 1664 3159 et
1681 3105 1849 3159 mercatore
1862 3096 1917 3177 qni
1930 3095 2158 3157 munumentum
2172 3114 2227 3154 oon·
2252 3095 2280 3144 λλ

412 3199 469 3264 καλ
497 3200 541 3266 τά
567 3208 601 3265 ἐν
628 3199 839 3283 ημηυυαῦλσι3
865 3200 1017 3267 δοθέντα
1038 3202 1095 3267 καί
1118 3204 1316 3286 μεταμίλους
1343 3204 1469 3267 facerint
1500 3214 1603 3286 atque,
1636 3203 1760 3266 dimidio
1791 3204 1884 3266 naulo
1911 3202 2027 3278 soluto,
2059 3201 2227 3266 voluntatem

287 3356 293 3362 -
412 3312 598 3391 γινομένων.
1343 3320 1468 3374 mutent.

329 3471 375 3526 υί.
479 3428 670 3555 ἀέμπόρου
693 3467 776 3554 πρὸς
799 3464 843 3533 τά
865 3471 1022 3557 ἐγγραφα
1041 3471 1315 3557 ὑπιρπροθοσμη·
1409 3470 1447 3534 ds
1483 3480 1650 3534 mercatore
1686 3470 1767 3533 diem
1797 3471 1829 3532 in
1861 3469 1980 3551 scriptis
2019 3476 2162 3532 statutum
2188 3486 2228 3528 er·
2253 3467 2281 3516 2⁵·

413 3596 545 3649 σαυτος.
1344 3577 1475 3641 cedente

325 3739 376 3804 ud·
480 3695 639 3800 λιπλοίου
652 3736 968 3818 κλασματισθέντος
984 3748 1052 3800 τῶν
1067 3748 1198 3801 ναυτῶν
1212 3744 1315 3802 ἐκκοι-
1409 3738 1447 3800 de
1469 3758 1549 3800 nave
1570 3737 1676 3812 fracta,
1699 3737 1800 3799 nautis
1823 3737 1896 3800 foris
1918 3736 2110 3798 cubantibus.
2254 3733 2282 3782 δ’

412 3841 568 3906 τοάντων.

263 3935 311 4002 sd·
325 3940 375 4069 λλ
480 3962 643 4067 ππλοιόυ
664 4004 980 4085 κλασματισθέυτος
996 4008 1040 4078 είς
1055 4005 1160 4086 γόμον
1175 4007 1316 4090 ἀποργο-
1409 4005 1447 4066 de
1473 4025 1552 4067 nave
1579 4004 1677 4067 fracta
1703 4025 1816 4067 meroes
1843 4003 1973 4069 vehente
2000 4002 2171 4066 mercatoris
2190 3996 2229 4061 vei
2254 3997 2282 4048 λλ

412 4112 512 4191 μόνου
533 4111 681 4195 ἐμπόρου
703 4109 723 4186 λη
745 4113 929 4184 κοινωνιάς.
1343 4112 1505 4174 societatis.

327 4272 376 4340 κη’·
480 4229 644 4334 ππλοίου
665 4270 981 4352 κλασματισθέυτος
996 4270 1030 4354 ἐξ
1046 4272 1156 4345 αίτίας
1172 4273 1317 4357 ἐμπόρου
1409 4273 1447 4334 de
1469 4292 1548 4335 nave
1569 4271 1668 4333 fracta
1689 4271 1862 4334 mercatoris
1884 4271 1997 4335 sociive
2020 4270 2120 4351 culpa.
2254 4263 2283 4313 ih

414 4375 627 4453 λκοιυωνοῦ.

320 4540 377 4595 κδ’.
481 4497 503 4599 λι
527 4537 644 4601 πλοίου
666 4536 981 4617 κλασμιιτισθέυτος
1004 4535 1068 4621 πρὸ
1092 4548 1150 4614 τῆς
1169 4538 1317 4622 προθεσ-
1411 4539 1448 4599 de
1479 4558 1558 4600 nave
1588 4537 1686 4600 fracta
1713 4547 1783 4601 ante
1809 4537 1860 4601 vel
1886 4545 1956 4618 post
1987 4537 2069 4600 diem
2099 4536 2231 4617 scriptus
2256 4529 2285 4580 ²⁹·

413 4644 491 4726 μίας
513 4653 580 4706 των
602 4644 782 4731 ἐγγράφων
804 4643 824 4720 η
846 4642 930 4725 μέτά
952 4642 1012 4720 τὴν
1035 4644 1257 4727 προθεσμίαν.
1345 4645 1602 4725 comprehensum.

346 4808 377 4861 λ’.
482 4763 505 4867 λι
528 4803 646 4867 πλοίου
668 4807 925 4889 πιφορτωμέυου
948 4802 1169 4878 διαλυθέντος
1192 4813 1253 4868 τοῦ
1267 4809 1317 4886 ἐμ-
1377 4830 1386 4855 0
1411 4804 1450 4866 de
1472 4824 1551 4867 nave
1573 4814 1700 4867 onerata
1721 4823 1800 4885 quae
1820 4803 1920 4865 fracta
1941 4804 1989 4878 sit,
2011 4824 2082 4866 cum
2100 4807 2231 4864 mercator
2257 4795 2286 4847 ii

415 4912 522 4992 πόρου
546 4910 719 4984 σωθέντος
738 4911 881 4995 χρυσίου
904 4914 1148 4996 ἐπιφερομένου.
1345 4931 1454 4972 aurum
1476 4910 1575 4973 ferens
1597 4911 1700 4974 salvus
1724 4912 1764 4973 eit
1784 4910 1892 4972 factus.

328 5074 378 5126 λα’.
482 5030 504 5133 λι
532 5069 649 5134 πλοίου
676 5071 853 5144 παθόντος
879 5069 937 5134 καλ
964 5073 1063 5153 μέρος
1090 5080 1152 5135 τοῦ
1173 5073 1318 5158 φορτίου
1412 5071 1450 5132 de
1476 5091 1556 5133 nave
1582 5070 1730 5133 iacturam
1756 5090 1863 5152 passa,
1895 5090 1963 5131 oum
1992 5091 2069 5132 onus
2095 5090 2133 5132 ex
2157 5072 2233 5148 parto
2259 5063 2288 5113 ⁸¹·

414 5178 597 5251 σωθέντος.
1345 5185 1499 5240 servatum
1521 5178 1568 5239 sit

329 5339 377 5412 λβ.
482 5297 504 5400 λι
528 5338 645 5402 πλοίου
672 5337 906 5411 ναυλωθέντος
933 5337 952 5415 λ)
980 5338 1138 5418 κοινωνία
1161 5337 1317 5412 πλέοντος
1411 5337 1449 5399 de
1471 5357 1549 5400 nave
1570 5336 1720 5399 conducta
1742 5336 1792 5399 vel
1815 5336 1855 5399 ob
1878 5338 2052 5399 societatem
2074 5333 2232 5414 navigante
2260 5328 2290 5377 ⁸²·

414 5443 471 5508 καί
495 5450 529 5509 ἐν
551 5448 598 5525 τῷ
621 5445 804 5528 ἐμπορίζειυ
825 5444 1148 5527 κλασμοιτισθέντος.
1345 5443 1519 5524 quaedum
1541 5443 1582 5505 ad
1603 5451 1725 5525 portum
1747 5444 1885 5525 pervenit
1905 5443 2003 5505 fracta
2025 5444 2073 5505 eit

329 5608 379 5681 λμ.
482 5564 646 5668 λπλοίου
660 5601 744 5686 μετά
758 5602 820 5682 την
837 5603 976 5690 ἐκβολὴν
990 5605 1315 5687 κλασματισθίυτος.
1411 5605 1450 5667 de
1471 5624 1550 5667 nave
1572 5614 1642 5685 post
1663 5605 1777 5665 iactum
1800 5603 1907 5666 fracta
2261 5594 2291 5644 λδ

329 5766 377 5822 λό’.
481 5724 649 5828 ίτπλοίου
674 5764 797 5849 βέστην
823 5765 1016 5847 κομίζοντος
1043 5763 1100 5828 καί
1128 5762 1195 5829 ἀπὸ
1219 5764 1318 5845 ζάλης
1412 5764 1450 5826 de
1471 5784 1550 5827 nave
1572 5773 1685 5827 vestem
1708 5765 1836 5827 vehente
1858 5773 1890 5826 et
1907 5763 1945 5826 ob
1969 5770 2175 5844 tempestatem
2191 5753 2233 5819 vel
2260 5752 2291 5804 34.

415 5870 434 5947 i)
458 5872 594 5945 ἀντλίας
615 5871 744 5957 βλάβης
767 5882 834 5935 τῶν
856 5872 1008 5958 φορτίων
1026 5875 1204 5953 γινομένης.
1346 5872 1494 5933 sentinam
1517 5871 1627 5932 damno
1650 5871 1738 5933 facto.

488 6010 559 6066 ιδιὰ
577 6012 731 6086 ποιράτοιυν
748 6012 792 6068 οδ.
865 6010 1020 6067 ’ίνδσποκ
1034 6013 1094 6067 ccvh
1167 6012 1237 6068 'its
1254 6012 1315 6067 cod.
