<?xml version="1.0" encoding="UTF-8"?>
<!DOCTYPE html PUBLIC "-//W3C//DTD XHTML 1.0 Transitional//EN"
    "http://www.w3.org/TR/xhtml1/DTD/xhtml1-transitional.dtd">
<html xmlns="http://www.w3.org/1999/xhtml" xml:lang="en" lang="en">
 <head>
  <title>
</title>
<meta http-equiv="Content-Type" content="text/html;charset=utf-8" />
  <meta name='ocr-system' content='tesseract 3.04.00' />
  <meta name='ocr-capabilities' content='ocr_page ocr_carea ocr_par ocr_line ocrx_word'/>
</head>
<body>
  <div class='ocr_page' id='page_1' title='image "./supplementumedi00linggoog/supplementumedi00linggoog_0430.png"; bbox 0 0 4842 7018; ppageno 0'>
   <div class='ocr_carea' id='block_1_1' title="bbox 427 426 1585 495">
    <p class='ocr_par' dir='ltr' id='par_1_1' title="bbox 427 426 1585 495">
     <span class='ocr_line' id='line_1_1' title="bbox 427 426 1585 495; baseline -0.003 0"><span class='ocrx_word' id='word_1_1' title='bbox 427 433 468 495; x_wconf 82' lang='grc'><strong>64</strong></span> <span class='ocrx_word' id='word_1_2' title='bbox 1104 428 1259 494; x_wconf 82' lang='lat' dir='ltr'>LIBER</span> <span class='ocrx_word' id='word_1_3' title='bbox 1280 426 1403 493; x_wconf 87' lang='lat' dir='ltr'><strong>XLHI.</strong></span> <span class='ocrx_word' id='word_1_4' title='bbox 1448 426 1537 493; x_wconf 80' lang='lat' dir='ltr'><strong>TIT.</strong></span> <span class='ocrx_word' id='word_1_5' title='bbox 1560 426 1585 491; x_wconf 89' lang='lat' dir='ltr'>L</span> 
     </span>
    </p>
   </div>
   <div class='ocr_carea' id='block_1_2' title="bbox 269 607 2370 5825">
    <p class='ocr_par' dir='ltr' id='par_1_2' title="bbox 372 607 2257 1121">
     <span class='ocr_line' id='line_1_2' title="bbox 486 607 2257 694; baseline 0.001 -21"><span class='ocrx_word' id='word_1_6' title='bbox 486 609 556 686; x_wconf 85' lang='grc' dir='ltr'>Ἴση</span> <span class='ocrx_word' id='word_1_7' title='bbox 579 607 670 674; x_wconf 75' lang='grc' dir='ltr'><strong><em>ἐστίν</em></strong></span> <span class='ocrx_word' id='word_1_8' title='bbox 688 612 707 686; x_wconf 88' lang='grc' dir='ltr'><strong><em>ή</em></strong></span> <span class='ocrx_word' id='word_1_9' title='bbox 726 612 924 694; x_wconf 74' lang='grc' dir='ltr'><strong><em>ἐπερώτησις</em></strong></span> <span class='ocrx_word' id='word_1_10' title='bbox 944 609 1011 675; x_wconf 85' lang='grc' dir='ltr'><strong><em>τόδ</em></strong></span> <span class='ocrx_word' id='word_1_11' title='bbox 1029 616 1128 674; x_wconf 74' lang='grc' dir='ltr'><strong><em>εἰπεῖν</em></strong></span> <span class='ocrx_word' id='word_1_12' title='bbox 1151 608 1214 674; x_wconf 84' lang='grc' dir='ltr'>ὅτε</span> <span class='ocrx_word' id='word_1_13' title='bbox 1233 607 1344 691; x_wconf 68' lang='grc' dir='ltr'><strong><em>ἀπο-λ</em></strong></span> <span class='ocrx_word' id='word_1_14' title='bbox 1422 607 1568 689; x_wconf 74' lang='lat' dir='ltr'><strong>Aequalis</strong></span> <span class='ocrx_word' id='word_1_15' title='bbox 1583 609 1793 689; x_wconf 85' lang='lat' dir='ltr'>eststipuletio</span> <span class='ocrx_word' id='word_1_16' title='bbox 1804 607 2026 692; x_wconf 86' lang='lat' dir='ltr'>[eive]dioetur</span> <span class='ocrx_word' id='word_1_17' title='bbox 2039 630 2118 671; x_wconf 89' lang='lat' dir='ltr'>oum</span> <span class='ocrx_word' id='word_1_18' title='bbox 2134 611 2257 674; x_wconf 44' lang='lat' dir='ltr'>morien</span> 
     </span>
     <span class='ocr_line' id='line_1_3' title="bbox 428 696 2251 804; baseline 0.001 -25"><span class='ocrx_word' id='word_1_19' title='bbox 428 718 534 803; x_wconf 79' lang='grc' dir='ltr'><strong><em>θοίνη</em></strong></span> <span class='ocrx_word' id='word_1_20' title='bbox 558 716 615 780; x_wconf 82' lang='grc' dir='ltr'>καὶ</span> <span class='ocrx_word' id='word_1_21' title='bbox 639 713 705 780; x_wconf 88' lang='grc' dir='ltr'>ἐάν</span> <span class='ocrx_word' id='word_1_22' title='bbox 728 717 928 804; x_wconf 78' lang='grc' dir='ltr'>ἀποθάνῃ.</span> <span class='ocrx_word' id='word_1_23' title='bbox 1143 718 1179 779; x_wconf 88' lang='grc'>6.</span> <span class='ocrx_word' id='word_1_24' title='bbox 1196 721 1248 780; x_wconf 84' lang='grc'>45.</span> <span class='ocrx_word' id='word_1_25' title='bbox 1265 725 1281 795; x_wconf 86' lang='lat'><strong>5</strong></span> <span class='ocrx_word' id='word_1_26' title='bbox 1300 696 1416 779; x_wconf 87' lang='lat' dir='ltr'>3.ltur</span> <span class='ocrx_word' id='word_1_27' title='bbox 1437 714 1528 799; x_wconf 87' lang='lat' dir='ltr'>[sive]</span> <span class='ocrx_word' id='word_1_28' title='bbox 1552 725 1584 777; x_wconf 92' lang='lat' dir='ltr'>et</span> <span class='ocrx_word' id='word_1_29' title='bbox 1605 717 1635 777; x_wconf 94' lang='lat' dir='ltr'>si</span> <span class='ocrx_word' id='word_1_30' title='bbox 1657 717 1838 778; x_wconf 89' lang='lat' dir='ltr'>morietur.</span> <span class='ocrx_word' id='word_1_31' title='bbox 2073 715 2110 777; x_wconf 86' lang='lat' dir='ltr'>fr.</span> <span class='ocrx_word' id='word_1_32' title='bbox 2127 719 2179 778; x_wconf 99' lang='grc'>45.</span> <span class='ocrx_word' id='word_1_33' title='bbox 2195 724 2210 794; x_wconf 91' lang='lat'><strong>5</strong></span> <span class='ocrx_word' id='word_1_34' title='bbox 2226 723 2251 781; x_wconf 85' lang='lat'>3.</span> 
     </span>
     <span class='ocr_line' id='line_1_4' title="bbox 372 822 2250 907; baseline -0.001 -21"><span class='ocrx_word' id='word_1_35' title='bbox 372 830 388 885; x_wconf 87' lang='lat'>¹.</span> <span class='ocrx_word' id='word_1_36' title='bbox 490 822 564 888; x_wconf 85' lang='grc' dir='ltr'>Ἐἀν</span> <span class='ocrx_word' id='word_1_37' title='bbox 586 824 763 907; x_wconf 90' lang='grc' dir='ltr'><strong><em>ἀλλότριον</em></strong></span> <span class='ocrx_word' id='word_1_38' title='bbox 786 823 905 888; x_wconf 87' lang='grc' dir='ltr'><strong><em>δοῦλον</em></strong></span> <span class='ocrx_word' id='word_1_39' title='bbox 922 824 1118 905; x_wconf 80' lang='grc' dir='ltr'><em>ὁμολογήσω</em></span> <span class='ocrx_word' id='word_1_40' title='bbox 1138 823 1252 888; x_wconf 88' lang='grc' dir='ltr'><strong><em>δοῦναι</em></strong></span> <span class='ocrx_word' id='word_1_41' title='bbox 1271 824 1328 888; x_wconf 84' lang='grc' dir='ltr'>καλ</span> <span class='ocrx_word' id='word_1_42' title='bbox 1422 823 1456 886; x_wconf 84' lang='lat' dir='ltr'>si</span> <span class='ocrx_word' id='word_1_43' title='bbox 1488 823 1620 885; x_wconf 89' lang='lat' dir='ltr'>elieuum</span> <span class='ocrx_word' id='word_1_44' title='bbox 1649 843 1768 886; x_wconf 85' lang='lat' dir='ltr'>servum</span> <span class='ocrx_word' id='word_1_45' title='bbox 1795 825 1959 903; x_wconf 77' lang='lat' dir='ltr'>promisero</span> <span class='ocrx_word' id='word_1_46' title='bbox 1986 823 2059 886; x_wconf 84' lang='lat' dir='ltr'>dere</span> <span class='ocrx_word' id='word_1_47' title='bbox 2091 831 2124 886; x_wconf 92' lang='lat' dir='ltr'>et</span> <span class='ocrx_word' id='word_1_48' title='bbox 2154 845 2250 885; x_wconf 83' lang='lat' dir='ltr'>munu-</span> 
     </span>
     <span class='ocr_line' id='line_1_5' title="bbox 426 929 2250 1017; baseline -0.001 -23"><span class='ocrx_word' id='word_1_49' title='bbox 426 931 655 1017; x_wconf 80' lang='grc' dir='ltr'><strong><em>ἐλευθερωθῇ,</em></strong></span> <span class='ocrx_word' id='word_1_50' title='bbox 683 932 744 993; x_wconf 81' lang='grc' dir='ltr'>οὐκ</span> <span class='ocrx_word' id='word_1_51' title='bbox 776 934 939 1013; x_wconf 77' lang='grc' dir='ltr'><strong><em>ἐνέχομαι·</em></strong></span> <span class='ocrx_word' id='word_1_52' title='bbox 977 933 1076 1013; x_wconf 87' lang='grc' dir='ltr'><strong><em>ἀρκεῖ</em></strong></span> <span class='ocrx_word' id='word_1_53' title='bbox 1103 933 1168 1015; x_wconf 76' lang='grc' dir='ltr'>γάρ</span> <span class='ocrx_word' id='word_1_54' title='bbox 1200 953 1255 1013; x_wconf 91' lang='grc' dir='ltr'><strong><em>μοι</em></strong></span> <span class='ocrx_word' id='word_1_55' title='bbox 1288 929 1328 996; x_wconf 84' lang='grc' dir='ltr'><strong><em>τὸ</em></strong></span> <span class='ocrx_word' id='word_1_56' title='bbox 1356 930 1465 992; x_wconf 90' lang='lat' dir='ltr'>missus</span> <span class='ocrx_word' id='word_1_57' title='bbox 1492 930 1595 1004; x_wconf 76' lang='lat' dir='ltr'>fuerit,</span> <span class='ocrx_word' id='word_1_58' title='bbox 1623 950 1684 991; x_wconf 91' lang='lat' dir='ltr'>non</span> <span class='ocrx_word' id='word_1_59' title='bbox 1710 930 1842 992; x_wconf 89' lang='lat' dir='ltr'>tenebor.</span> <span class='ocrx_word' id='word_1_60' title='bbox 1883 929 1996 992; x_wconf 87' lang='lat' dir='ltr'>suffieit</span> <span class='ocrx_word' id='word_1_61' title='bbox 2022 930 2103 992; x_wconf 92' lang='lat' dir='ltr'>enim</span> <span class='ocrx_word' id='word_1_62' title='bbox 2126 950 2175 992; x_wconf 91' lang='lat' dir='ltr'>me</span> <span class='ocrx_word' id='word_1_63' title='bbox 2195 930 2250 993; x_wconf 89' lang='lat' dir='ltr'>doli</span> 
     </span>
     <span class='ocr_line' id='line_1_6' title="bbox 425 1036 2250 1121; baseline -0.001 -21"><span class='ocrx_word' id='word_1_64' title='bbox 425 1037 647 1114; x_wconf 75' lang='grc' dir='ltr'><em>ἀπηλλάχθαι</em></span> <span class='ocrx_word' id='word_1_65' title='bbox 672 1036 771 1101; x_wconf 80' lang='grc' dir='ltr'><em>δόλου</em></span> <span class='ocrx_word' id='word_1_66' title='bbox 793 1036 850 1100; x_wconf 84' lang='grc' dir='ltr'>καλ</span> <span class='ocrx_word' id='word_1_67' title='bbox 874 1037 1061 1121; x_wconf 75' lang='grc' dir='ltr'><strong><em>ῥαθυμίαςι</em></strong></span> <span class='ocrx_word' id='word_1_68' title='bbox 1080 1074 1120 1086; x_wconf 94' lang='grc'><strong>-</strong></span> <span class='ocrx_word' id='word_1_69' title='bbox 1224 1040 1260 1102; x_wconf 87' lang='grc'>6.</span> <span class='ocrx_word' id='word_1_70' title='bbox 1277 1043 1327 1101; x_wconf 82' lang='grc'>51.</span> <span class='ocrx_word' id='word_1_71' title='bbox 1355 1046 1386 1099; x_wconf 92' lang='lat' dir='ltr'>et</span> <span class='ocrx_word' id='word_1_72' title='bbox 1408 1037 1516 1118; x_wconf 87' lang='lat' dir='ltr'>oulpee</span> <span class='ocrx_word' id='word_1_73' title='bbox 1538 1057 1603 1100; x_wconf 92' lang='lat' dir='ltr'>esse</span> <span class='ocrx_word' id='word_1_74' title='bbox 1620 1047 1782 1118; x_wconf 81' lang='lat' dir='ltr'>expertem.</span> <span class='ocrx_word' id='word_1_75' title='bbox 2155 1036 2190 1100; x_wconf 87' lang='lat' dir='ltr'>fr.</span> <span class='ocrx_word' id='word_1_76' title='bbox 2205 1041 2250 1100; x_wconf 86' lang='grc'>51.</span> 
     </span>
    </p>

    <p class='ocr_par' dir='ltr' id='par_1_3' title="bbox 423 1140 2251 1444">
     <span class='ocr_line' id='line_1_7' title="bbox 489 1140 2250 1228; baseline 0.001 -22"><span class='ocrx_word' id='word_1_77' title='bbox 489 1141 564 1207; x_wconf 81' lang='grc' dir='ltr'>Ἐὰν</span> <span class='ocrx_word' id='word_1_78' title='bbox 590 1141 650 1207; x_wconf 87' lang='grc' dir='ltr'><strong><em>τὸν</em></strong></span> <span class='ocrx_word' id='word_1_79' title='bbox 677 1141 781 1208; x_wconf 83' lang='grc' dir='ltr'><strong><em>αὐτὸν</em></strong></span> <span class='ocrx_word' id='word_1_80' title='bbox 809 1143 928 1207; x_wconf 88' lang='grc' dir='ltr'><strong><em>δοῦλον</em></strong></span> <span class='ocrx_word' id='word_1_81' title='bbox 956 1140 998 1208; x_wconf 80' lang='grc' dir='ltr'>σὺ</span> <span class='ocrx_word' id='word_1_82' title='bbox 1023 1145 1082 1227; x_wconf 82' lang='grc' dir='ltr'>μὲν</span> <span class='ocrx_word' id='word_1_83' title='bbox 1105 1144 1210 1228; x_wconf 76' lang='grc' dir='ltr'><strong><em>χωρὶς</em></strong></span> <span class='ocrx_word' id='word_1_84' title='bbox 1237 1145 1327 1228; x_wconf 90' lang='grc' dir='ltr'><strong><em>αίρή-</em></strong></span> <span class='ocrx_word' id='word_1_85' title='bbox 1422 1142 1456 1205; x_wconf 82' lang='lat' dir='ltr'>Si</span> <span class='ocrx_word' id='word_1_86' title='bbox 1478 1144 1605 1206; x_wconf 89' lang='lat' dir='ltr'>eundem</span> <span class='ocrx_word' id='word_1_87' title='bbox 1628 1164 1747 1207; x_wconf 80' lang='lat' dir='ltr'>servum</span> <span class='ocrx_word' id='word_1_88' title='bbox 1769 1152 1804 1206; x_wconf 92' lang='lat' dir='ltr'>tu</span> <span class='ocrx_word' id='word_1_89' title='bbox 1824 1144 1889 1206; x_wconf 88' lang='lat' dir='ltr'>siue</span> <span class='ocrx_word' id='word_1_90' title='bbox 1903 1144 2078 1206; x_wconf 88' lang='lat' dir='ltr'>ooudieione</span> <span class='ocrx_word' id='word_1_91' title='bbox 2092 1143 2173 1206; x_wconf 87' lang='lat' dir='ltr'>elius</span> <span class='ocrx_word' id='word_1_92' title='bbox 2187 1165 2250 1208; x_wconf 79' lang='lat' dir='ltr'>vero</span> 
     </span>
     <span class='ocr_line' id='line_1_8' title="bbox 425 1248 2251 1337; baseline 0.001 -24"><span class='ocrx_word' id='word_1_93' title='bbox 425 1273 520 1331; x_wconf 88' lang='grc' dir='ltr'><strong><em>σεως,</em></strong></span> <span class='ocrx_word' id='word_1_94' title='bbox 549 1250 649 1325; x_wconf 90' lang='grc' dir='ltr'><strong><em>ἀλλος</em></strong></span> <span class='ocrx_word' id='word_1_95' title='bbox 671 1249 705 1314; x_wconf 81' lang='grc' dir='ltr'>δὲ</span> <span class='ocrx_word' id='word_1_96' title='bbox 733 1248 797 1314; x_wconf 83' lang='grc' dir='ltr'>ὑπὸ</span> <span class='ocrx_word' id='word_1_97' title='bbox 820 1253 948 1333; x_wconf 82' lang='grc' dir='ltr'><strong><em>αἵρεσιν</em></strong></span> <span class='ocrx_word' id='word_1_98' title='bbox 970 1251 1159 1337; x_wconf 77' lang='grc' dir='ltr'><em>ὁμολογήσῃ</em></span> <span class='ocrx_word' id='word_1_99' title='bbox 1186 1274 1242 1333; x_wconf 93' lang='grc' dir='ltr'><strong><em>μοι</em></strong></span> <span class='ocrx_word' id='word_1_100' title='bbox 1270 1251 1326 1315; x_wconf 82' lang='grc' dir='ltr'>καλ</span> <span class='ocrx_word' id='word_1_101' title='bbox 1355 1251 1412 1311; x_wconf 91' lang='lat' dir='ltr'>sub</span> <span class='ocrx_word' id='word_1_102' title='bbox 1444 1250 1650 1313; x_wconf 88' lang='lat' dir='ltr'>eondioionem</span> <span class='ocrx_word' id='word_1_103' title='bbox 1682 1251 1852 1331; x_wconf 76' lang='lat' dir='ltr'>promiserit</span> <span class='ocrx_word' id='word_1_104' title='bbox 1882 1251 1957 1312; x_wconf 91' lang='lat' dir='ltr'>mihi</span> <span class='ocrx_word' id='word_1_105' title='bbox 1990 1250 2089 1334; x_wconf 87' lang='lat' dir='ltr'>[dere]</span> <span class='ocrx_word' id='word_1_106' title='bbox 2124 1259 2156 1313; x_wconf 87' lang='lat' dir='ltr'>et</span> <span class='ocrx_word' id='word_1_107' title='bbox 2189 1262 2251 1332; x_wconf 91' lang='lat' dir='ltr'>post</span> 
     </span>
     <span class='ocr_line' id='line_1_9' title="bbox 423 1355 2249 1444; baseline -0.001 -22"><span class='ocrx_word' id='word_1_108' title='bbox 423 1355 506 1440; x_wconf 85' lang='grc' dir='ltr'>μετά</span> <span class='ocrx_word' id='word_1_109' title='bbox 538 1355 577 1421; x_wconf 85' lang='grc' dir='ltr'><strong><em>τὸ</em></strong></span> <span class='ocrx_word' id='word_1_110' title='bbox 610 1359 750 1434; x_wconf 78' lang='grc' dir='ltr'><strong><em>ποιῆσαί</em></strong></span> <span class='ocrx_word' id='word_1_111' title='bbox 779 1379 816 1421; x_wconf 90' lang='grc' dir='ltr'>σε</span> <span class='ocrx_word' id='word_1_112' title='bbox 852 1357 1034 1439; x_wconf 74' lang='grc' dir='ltr'><strong><em>ὑπέρθεσιν</em></strong></span> <span class='ocrx_word' id='word_1_113' title='bbox 1066 1359 1228 1444; x_wconf 77' lang='grc' dir='ltr'><strong><em>ἀποθάνῃ</em></strong></span> <span class='ocrx_word' id='word_1_114' title='bbox 1262 1357 1326 1441; x_wconf 86' lang='grc' dir='ltr'>πρὸ</span> <span class='ocrx_word' id='word_1_115' title='bbox 1354 1377 1470 1419; x_wconf 86' lang='lat' dir='ltr'>morem</span> <span class='ocrx_word' id='word_1_116' title='bbox 1497 1367 1568 1420; x_wconf 88' lang='lat' dir='ltr'>ete</span> <span class='ocrx_word' id='word_1_117' title='bbox 1590 1356 1704 1420; x_wconf 84' lang='lat' dir='ltr'>feetem</span> <span class='ocrx_word' id='word_1_118' title='bbox 1732 1357 1784 1441; x_wconf 87' lang='lat' dir='ltr'>[is]</span> <span class='ocrx_word' id='word_1_119' title='bbox 1811 1366 1948 1419; x_wconf 88' lang='lat' dir='ltr'>mortuus</span> <span class='ocrx_word' id='word_1_120' title='bbox 1974 1357 2065 1421; x_wconf 80' lang='lat' dir='ltr'>fuerit</span> <span class='ocrx_word' id='word_1_121' title='bbox 2092 1367 2249 1439; x_wconf 75' lang='lat' dir='ltr'>antequem</span> 
     </span>
    </p>

    <p class='ocr_par' dir='ltr' id='par_1_4' title="bbox 310 1462 2250 1871">
     <span class='ocr_line' id='line_1_10' title="bbox 310 1462 2248 1551; baseline -0.001 -23"><span class='ocrx_word' id='word_1_122' title='bbox 310 1479 312 1484; x_wconf 85' lang='grc'><strong>’</strong></span> <span class='ocrx_word' id='word_1_123' title='bbox 423 1464 588 1550; x_wconf 76' lang='grc' dir='ltr'><strong><em>ἐκβάσεως</em></strong></span> <span class='ocrx_word' id='word_1_124' title='bbox 612 1476 669 1542; x_wconf 81' lang='grc' dir='ltr'><strong><em>τῆς</em></strong></span> <span class='ocrx_word' id='word_1_125' title='bbox 692 1467 856 1548; x_wconf 78' lang='grc' dir='ltr'><strong><em>αἱρέσεως,</em></strong></span> <span class='ocrx_word' id='word_1_126' title='bbox 880 1462 922 1528; x_wconf 79' lang='grc' dir='ltr'>σὺ</span> <span class='ocrx_word' id='word_1_127' title='bbox 944 1467 1045 1547; x_wconf 84' lang='grc' dir='ltr'><strong><em>μόνος</em></strong></span> <span class='ocrx_word' id='word_1_128' title='bbox 1067 1470 1173 1551; x_wconf 79' lang='grc' dir='ltr'><strong><em>ἐνίχῃ·</em></strong></span> <span class='ocrx_word' id='word_1_129' title='bbox 1202 1467 1241 1529; x_wconf 83' lang='grc' dir='ltr'>οὐ</span> <span class='ocrx_word' id='word_1_130' title='bbox 1263 1465 1327 1547; x_wconf 86' lang='grc' dir='ltr'>μήν</span> <span class='ocrx_word' id='word_1_131' title='bbox 1354 1463 1490 1526; x_wconf 87' lang='lat' dir='ltr'>oondioio</span> <span class='ocrx_word' id='word_1_132' title='bbox 1513 1464 1663 1536; x_wconf 77' lang='lat' dir='ltr'>existeret,</span> <span class='ocrx_word' id='word_1_133' title='bbox 1686 1472 1720 1526; x_wconf 92' lang='lat' dir='ltr'>tu</span> <span class='ocrx_word' id='word_1_134' title='bbox 1743 1463 1826 1526; x_wconf 91' lang='lat' dir='ltr'>solus</span> <span class='ocrx_word' id='word_1_135' title='bbox 1849 1465 1966 1539; x_wconf 87' lang='lat' dir='ltr'>teneris,</span> <span class='ocrx_word' id='word_1_136' title='bbox 1993 1485 2056 1527; x_wconf 91' lang='lat' dir='ltr'>non</span> <span class='ocrx_word' id='word_1_137' title='bbox 2074 1485 2148 1528; x_wconf 82' lang='lat' dir='ltr'>vero</span> <span class='ocrx_word' id='word_1_138' title='bbox 2170 1465 2248 1539; x_wconf 87' lang='lat' dir='ltr'>elius,</span> 
     </span>
     <span class='ocr_line' id='line_1_11' title="bbox 422 1570 2250 1655; baseline -0.001 -20"><span class='ocrx_word' id='word_1_139' title='bbox 422 1574 441 1635; x_wconf 84' lang='grc' dir='ltr'><strong><em>ὀ</em></strong></span> <span class='ocrx_word' id='word_1_140' title='bbox 466 1571 579 1652; x_wconf 87' lang='grc' dir='ltr'><strong><em>ἀλλος,</em></strong></span> <span class='ocrx_word' id='word_1_141' title='bbox 610 1570 685 1635; x_wconf 82' lang='grc' dir='ltr'><strong><em>οὐδὲ</em></strong></span> <span class='ocrx_word' id='word_1_142' title='bbox 715 1582 773 1648; x_wconf 79' lang='grc' dir='ltr'><strong><em>τῆς</em></strong></span> <span class='ocrx_word' id='word_1_143' title='bbox 803 1574 959 1655; x_wconf 81' lang='grc' dir='ltr'><strong><em>αἱρέσεως</em></strong></span> <span class='ocrx_word' id='word_1_144' title='bbox 983 1572 1144 1655; x_wconf 76' lang='grc' dir='ltr'>ἐξιούσης·</span> <span class='ocrx_word' id='word_1_145' title='bbox 1175 1577 1202 1636; x_wconf 87' lang='grc' dir='ltr'>εί</span> <span class='ocrx_word' id='word_1_146' title='bbox 1225 1574 1259 1637; x_wconf 90' lang='grc' dir='ltr'><strong><em>δέ</em></strong></span> <span class='ocrx_word' id='word_1_147' title='bbox 1282 1572 1325 1654; x_wconf 87' lang='grc' dir='ltr'>μή</span> <span class='ocrx_word' id='word_1_148' title='bbox 1354 1591 1393 1632; x_wconf 90' lang='lat' dir='ltr'>ne</span> <span class='ocrx_word' id='word_1_149' title='bbox 1420 1570 1597 1633; x_wconf 87' lang='lat' dir='ltr'>oondioioue</span> <span class='ocrx_word' id='word_1_150' title='bbox 1625 1570 1746 1652; x_wconf 88' lang='lat' dir='ltr'>quidem</span> <span class='ocrx_word' id='word_1_151' title='bbox 1768 1571 1924 1633; x_wconf 80' lang='lat' dir='ltr'>existente</span> <span class='ocrx_word' id='word_1_152' title='bbox 1971 1571 2100 1634; x_wconf 75' lang='lat' dir='ltr'>sivero</span> <span class='ocrx_word' id='word_1_153' title='bbox 2123 1593 2183 1633; x_wconf 90' lang='lat' dir='ltr'>non</span> <span class='ocrx_word' id='word_1_154' title='bbox 2208 1584 2250 1634; x_wconf 86' lang='lat' dir='ltr'>est</span> 
     </span>
     <span class='ocr_line' id='line_1_12' title="bbox 422 1676 2248 1760; baseline -0.001 -18"><span class='ocrx_word' id='word_1_155' title='bbox 422 1679 604 1759; x_wconf 77' lang='grc' dir='ltr'><strong><em>ἀπέθανεν,</em></strong></span> <span class='ocrx_word' id='word_1_156' title='bbox 621 1677 692 1742; x_wconf 81' lang='grc' dir='ltr'><strong><em>ἀλλ’</em></strong></span> <span class='ocrx_word' id='word_1_157' title='bbox 709 1679 850 1755; x_wconf 89' lang='grc' dir='ltr'><strong><em>ἐποίησα</em></strong></span> <span class='ocrx_word' id='word_1_158' title='bbox 868 1676 1008 1759; x_wconf 79' lang='grc' dir='ltr'><strong><em>ἀποχήν,</em></strong></span> <span class='ocrx_word' id='word_1_159' title='bbox 1029 1683 1171 1757; x_wconf 76' lang='grc' dir='ltr'><strong><em>ἐνέχεται</em></strong></span> <span class='ocrx_word' id='word_1_160' title='bbox 1188 1682 1207 1744; x_wconf 87' lang='grc' dir='ltr'><strong><em>ὁ</em></strong></span> <span class='ocrx_word' id='word_1_161' title='bbox 1226 1680 1326 1754; x_wconf 85' lang='grc' dir='ltr'><strong><em>ἀλλος</em></strong></span> <span class='ocrx_word' id='word_1_162' title='bbox 1354 1687 1497 1753; x_wconf 89' lang='lat' dir='ltr'>mortuus,</span> <span class='ocrx_word' id='word_1_163' title='bbox 1519 1677 1574 1740; x_wconf 88' lang='lat' dir='ltr'>sed</span> <span class='ocrx_word' id='word_1_164' title='bbox 1589 1687 1749 1760; x_wconf 87' lang='lat' dir='ltr'>eooeptum</span> <span class='ocrx_word' id='word_1_165' title='bbox 1767 1678 1833 1753; x_wconf 80' lang='lat' dir='ltr'>feci,</span> <span class='ocrx_word' id='word_1_166' title='bbox 1856 1687 1977 1741; x_wconf 87' lang='lat' dir='ltr'>tenetur</span> <span class='ocrx_word' id='word_1_167' title='bbox 1996 1679 2076 1740; x_wconf 89' lang='lat' dir='ltr'>elius</span> <span class='ocrx_word' id='word_1_168' title='bbox 2095 1686 2248 1760; x_wconf 82' lang='lat' dir='ltr'>postquem</span> 
     </span>
     <span class='ocr_line' id='line_1_13' title="bbox 423 1783 2248 1871; baseline 0 -21"><span class='ocrx_word' id='word_1_169' title='bbox 423 1783 506 1868; x_wconf 78' lang='lat' dir='ltr'>perol</span> <span class='ocrx_word' id='word_1_170' title='bbox 529 1785 589 1864; x_wconf 86' lang='grc' dir='ltr'><strong><em>τήν</em></strong></span> <span class='ocrx_word' id='word_1_171' title='bbox 611 1784 749 1871; x_wconf 79' lang='grc' dir='ltr'><strong><em>ἐκβασιν</em></strong></span> <span class='ocrx_word' id='word_1_172' title='bbox 772 1796 830 1861; x_wconf 81' lang='grc' dir='ltr'><strong><em>τῆς</em></strong></span> <span class='ocrx_word' id='word_1_173' title='bbox 853 1787 1017 1867; x_wconf 81' lang='grc' dir='ltr'><strong><em>αίρέσεως.</em></strong></span> <span class='ocrx_word' id='word_1_174' title='bbox 1143 1787 1179 1851; x_wconf 92' lang='grc'>6.</span> <span class='ocrx_word' id='word_1_175' title='bbox 1195 1791 1246 1850; x_wconf 87' lang='grc'>56.</span> <span class='ocrx_word' id='word_1_176' title='bbox 1262 1794 1278 1864; x_wconf 86' lang='lat'><strong>5</strong></span> <span class='ocrx_word' id='word_1_177' title='bbox 1296 1791 1324 1850; x_wconf 88' lang='lat'>8.</span> <span class='ocrx_word' id='word_1_178' title='bbox 1353 1785 1502 1847; x_wconf 83' lang='lat' dir='ltr'>exstiterit</span> <span class='ocrx_word' id='word_1_179' title='bbox 1524 1784 1667 1847; x_wconf 86' lang='lat' dir='ltr'>oondioio.</span> <span class='ocrx_word' id='word_1_180' title='bbox 2071 1785 2109 1848; x_wconf 91' lang='grc'>6.</span> <span class='ocrx_word' id='word_1_181' title='bbox 2126 1790 2177 1849; x_wconf 88' lang='grc'>56.</span> <span class='ocrx_word' id='word_1_182' title='bbox 2193 1794 2208 1864; x_wconf 91' lang='lat'><strong>5</strong></span> <span class='ocrx_word' id='word_1_183' title='bbox 2223 1791 2248 1850; x_wconf 85' lang='lat'>8.</span> 
     </span>
    </p>

    <p class='ocr_par' dir='ltr' id='par_1_5' title="bbox 340 1889 2248 1978">
     <span class='ocr_line' id='line_1_14' title="bbox 340 1889 2248 1978; baseline 0.002 -27"><span class='ocrx_word' id='word_1_184' title='bbox 340 1896 385 1951; x_wconf 81' lang='grc' dir='ltr'><strong><em>ιε’.</em></strong></span> <span class='ocrx_word' id='word_1_185' title='bbox 480 1889 554 1957; x_wconf 84' lang='grc' dir='ltr'>Ὅτε</span> <span class='ocrx_word' id='word_1_186' title='bbox 585 1894 788 1975; x_wconf 88' lang='grc' dir='ltr'><strong><em>ἐπερωτηθῶ</em></strong></span> <span class='ocrx_word' id='word_1_187' title='bbox 820 1892 930 1955; x_wconf 84' lang='grc' dir='ltr'><strong><em>ἐλαιον</em></strong></span> <span class='ocrx_word' id='word_1_188' title='bbox 963 1892 1024 1957; x_wconf 82' lang='grc' dir='ltr'>ὑπὸ</span> <span class='ocrx_word' id='word_1_189' title='bbox 1057 1896 1178 1978; x_wconf 83' lang='grc' dir='ltr'><strong><em>ήμέραν</em></strong></span> <span class='ocrx_word' id='word_1_190' title='bbox 1210 1893 1229 1971; x_wconf 73' lang='lat' dir='ltr'>l)</span> <span class='ocrx_word' id='word_1_191' title='bbox 1261 1892 1324 1958; x_wconf 83' lang='grc' dir='ltr'>ὑπὸ</span> <span class='ocrx_word' id='word_1_192' title='bbox 1420 1892 1498 1954; x_wconf 86' lang='lat' dir='ltr'>Cum</span> <span class='ocrx_word' id='word_1_193' title='bbox 1520 1892 1685 1974; x_wconf 89' lang='lat' dir='ltr'>promisero</span> <span class='ocrx_word' id='word_1_194' title='bbox 1714 1892 1814 1955; x_wconf 87' lang='lat' dir='ltr'>oleum</span> <span class='ocrx_word' id='word_1_195' title='bbox 1841 1893 1873 1954; x_wconf 92' lang='lat' dir='ltr'>in</span> <span class='ocrx_word' id='word_1_196' title='bbox 1900 1892 1980 1954; x_wconf 90' lang='lat' dir='ltr'>diem</span> <span class='ocrx_word' id='word_1_197' title='bbox 2003 1892 2053 1955; x_wconf 86' lang='lat' dir='ltr'>vel</span> <span class='ocrx_word' id='word_1_198' title='bbox 2075 1893 2135 1955; x_wconf 91' lang='lat' dir='ltr'>sub</span> <span class='ocrx_word' id='word_1_199' title='bbox 2158 1894 2248 1955; x_wconf 90' lang='lat' dir='ltr'>eondi-</span> 
     </span>
    </p>

    <p class='ocr_par' dir='ltr' id='par_1_6' title="bbox 422 1996 2248 2083">
     <span class='ocr_line' id='line_1_15' title="bbox 422 1996 2248 2083; baseline 0.001 -21"><span class='ocrx_word' id='word_1_200' title='bbox 422 1998 558 2082; x_wconf 81' lang='grc' dir='ltr'><strong><em>αἵρεσιν,</em></strong></span> <span class='ocrx_word' id='word_1_201' title='bbox 582 2008 644 2063; x_wconf 93' lang='grc' dir='ltr'><strong><em>τοῦ</em></strong></span> <span class='ocrx_word' id='word_1_202' title='bbox 655 2000 783 2083; x_wconf 80' lang='grc' dir='ltr'><strong><em>χρόνον</em></strong></span> <span class='ocrx_word' id='word_1_203' title='bbox 797 1999 884 2063; x_wconf 81' lang='grc' dir='ltr'><strong><em>καθ’</em></strong></span> <span class='ocrx_word' id='word_1_204' title='bbox 903 1996 942 2062; x_wconf 87' lang='grc' dir='ltr'>ὃν</span> <span class='ocrx_word' id='word_1_205' title='bbox 960 2002 1093 2083; x_wconf 79' lang='grc' dir='ltr'><strong><em>ἁρμόζει</em></strong></span> <span class='ocrx_word' id='word_1_206' title='bbox 1110 2004 1130 2077; x_wconf 88' lang='grc' dir='ltr'><strong><em>ή</em></strong></span> <span class='ocrx_word' id='word_1_207' title='bbox 1146 2003 1325 2078; x_wconf 74' lang='grc' dir='ltr'><strong><em>ἀπαίτησις</em></strong></span> <span class='ocrx_word' id='word_1_208' title='bbox 1353 1999 1477 2073; x_wconf 88' lang='lat' dir='ltr'>oionem,</span> <span class='ocrx_word' id='word_1_209' title='bbox 1501 1997 1590 2081; x_wconf 91' lang='lat' dir='ltr'>[eius]</span> <span class='ocrx_word' id='word_1_210' title='bbox 1615 1999 1768 2080; x_wconf 85' lang='lat' dir='ltr'>temporis,</span> <span class='ocrx_word' id='word_1_211' title='bbox 1791 2020 1851 2080; x_wconf 93' lang='lat' dir='ltr'>quo</span> <span class='ocrx_word' id='word_1_212' title='bbox 1869 2000 2012 2081; x_wconf 92' lang='lat' dir='ltr'>oompetit</span> <span class='ocrx_word' id='word_1_213' title='bbox 2033 2000 2151 2081; x_wconf 83' lang='lat' dir='ltr'>petitio,</span> <span class='ocrx_word' id='word_1_214' title='bbox 2169 2003 2248 2063; x_wconf 84' lang='lat' dir='ltr'>uesti-</span> 
     </span>
    </p>

    <p class='ocr_par' dir='ltr' id='par_1_7' title="bbox 422 2104 2246 2188">
     <span class='ocr_line' id='line_1_16' title="bbox 422 2104 2246 2188; baseline 0.002 -19"><span class='ocrx_word' id='word_1_215' title='bbox 422 2104 483 2184; x_wconf 81' lang='grc' dir='ltr'><strong><em>τήν</em></strong></span> <span class='ocrx_word' id='word_1_216' title='bbox 507 2106 697 2187; x_wconf 79' lang='grc' dir='ltr'><strong><em>διατίμησιν</em></strong></span> <span class='ocrx_word' id='word_1_217' title='bbox 721 2105 846 2188; x_wconf 91' lang='grc' dir='ltr'><strong><em>δίδωμι.</em></strong></span> <span class='ocrx_word' id='word_1_218' title='bbox 1220 2110 1256 2172; x_wconf 78' lang='lat' dir='ltr'>fr.</span> <span class='ocrx_word' id='word_1_219' title='bbox 1273 2115 1324 2174; x_wconf 83' lang='lat'>59.</span> <span class='ocrx_word' id='word_1_220' title='bbox 1353 2105 1515 2167; x_wconf 70' lang='lat' dir='ltr'>mationem</span> <span class='ocrx_word' id='word_1_221' title='bbox 1539 2105 1627 2166; x_wconf 66' lang='lat' dir='ltr'>(labo.</span> <span class='ocrx_word' id='word_1_222' title='bbox 2153 2107 2188 2169; x_wconf 85' lang='lat' dir='ltr'>fr.</span> <span class='ocrx_word' id='word_1_223' title='bbox 2203 2111 2246 2169; x_wconf 82' lang='lat'>59.</span> 
     </span>
    </p>

    <p class='ocr_par' dir='ltr' id='par_1_8' title="bbox 332 2209 2246 2299">
     <span class='ocr_line' id='line_1_17' title="bbox 332 2209 2246 2299; baseline -0.002 -19"><span class='ocrx_word' id='word_1_224' title='bbox 332 2216 384 2280; x_wconf 58' lang='grc' dir='ltr'>ἐξ·</span> <span class='ocrx_word' id='word_1_225' title='bbox 485 2211 518 2277; x_wconf 90' lang='grc' dir='ltr'>Ὁ</span> <span class='ocrx_word' id='word_1_226' title='bbox 540 2209 650 2290; x_wconf 86' lang='grc' dir='ltr'><strong><em>ήττων</em></strong></span> <span class='ocrx_word' id='word_1_227' title='bbox 672 2223 739 2275; x_wconf 90' lang='grc' dir='ltr'><strong><em>τῶν</em></strong></span> <span class='ocrx_word' id='word_1_228' title='bbox 762 2216 863 2276; x_wconf 80' lang='grc' dir='ltr'><strong><em>εἴκοσι</em></strong></span> <span class='ocrx_word' id='word_1_229' title='bbox 888 2218 971 2276; x_wconf 82' lang='grc' dir='ltr'><strong><em>ἐτῶν</em></strong></span> <span class='ocrx_word' id='word_1_230' title='bbox 993 2214 1033 2277; x_wconf 88' lang='grc' dir='ltr'>οὐ</span> <span class='ocrx_word' id='word_1_231' title='bbox 1050 2214 1159 2287; x_wconf 89' lang='grc' dir='ltr'><strong><em>καλῶς</em></strong></span> <span class='ocrx_word' id='word_1_232' title='bbox 1177 2219 1325 2299; x_wconf 80' lang='grc' dir='ltr'><strong><em>ἐπερωτᾷ</em></strong></span> <span class='ocrx_word' id='word_1_233' title='bbox 1417 2212 1520 2274; x_wconf 88' lang='lat' dir='ltr'>Minor</span> <span class='ocrx_word' id='word_1_234' title='bbox 1550 2212 1658 2291; x_wconf 83' lang='lat' dir='ltr'>viginti</span> <span class='ocrx_word' id='word_1_235' title='bbox 1689 2232 1837 2275; x_wconf 91' lang='lat' dir='ltr'>ennorum</span> <span class='ocrx_word' id='word_1_236' title='bbox 1874 2233 1934 2275; x_wconf 89' lang='lat' dir='ltr'>non</span> <span class='ocrx_word' id='word_1_237' title='bbox 1971 2224 2052 2276; x_wconf 90' lang='lat' dir='ltr'>reete</span> <span class='ocrx_word' id='word_1_238' title='bbox 2090 2214 2246 2295; x_wconf 82' lang='lat' dir='ltr'>interroget</span> 
     </span>
    </p>

    <p class='ocr_par' dir='ltr' id='par_1_9' title="bbox 269 2317 2246 2403">
     <span class='ocr_line' id='line_1_18' title="bbox 269 2317 2246 2403; baseline 0.004 -28"><span class='ocrx_word' id='word_1_239' title='bbox 269 2322 315 2390; x_wconf 80' lang='lat' dir='ltr'>sot.</span> <span class='ocrx_word' id='word_1_240' title='bbox 329 2327 383 2377; x_wconf 73' lang='grc' dir='ltr'>ου’.</span> <span class='ocrx_word' id='word_1_241' title='bbox 421 2317 481 2382; x_wconf 85' lang='grc' dir='ltr'><strong><em>τὸν</em></strong></span> <span class='ocrx_word' id='word_1_242' title='bbox 496 2318 581 2382; x_wconf 82' lang='grc' dir='ltr'><strong><em>ίδιον</em></strong></span> <span class='ocrx_word' id='word_1_243' title='bbox 592 2321 766 2403; x_wconf 78' lang='grc' dir='ltr'><strong><em>χρεώστην</em></strong></span> <span class='ocrx_word' id='word_1_244' title='bbox 781 2319 1003 2401; x_wconf 75' lang='grc' dir='ltr'>ἐλευθερῶσαι</span> <span class='ocrx_word' id='word_1_245' title='bbox 1020 2319 1138 2385; x_wconf 88' lang='grc' dir='ltr'><strong><em>δοῦλον</em></strong></span> <span class='ocrx_word' id='word_1_246' title='bbox 1153 2322 1265 2385; x_wconf 82' lang='grc' dir='ltr'><strong><em>αὐτοῦ.</em></strong></span> <span class='ocrx_word' id='word_1_247' title='bbox 1304 2325 1323 2386; x_wconf 82' lang='grc' dir='ltr'>ὁ</span> <span class='ocrx_word' id='word_1_248' title='bbox 1351 2339 1440 2381; x_wconf 92' lang='lat' dir='ltr'>suum</span> <span class='ocrx_word' id='word_1_249' title='bbox 1463 2319 1626 2383; x_wconf 84' lang='lat' dir='ltr'>debitorem</span> <span class='ocrx_word' id='word_1_250' title='bbox 1649 2329 1684 2382; x_wconf 94' lang='lat' dir='ltr'>ut</span> <span class='ocrx_word' id='word_1_251' title='bbox 1702 2320 1897 2381; x_wconf 78' lang='lat' dir='ltr'>manumittet</span> <span class='ocrx_word' id='word_1_252' title='bbox 1915 2339 2035 2383; x_wconf 89' lang='lat' dir='ltr'>servum</span> <span class='ocrx_word' id='word_1_253' title='bbox 2055 2342 2156 2383; x_wconf 91' lang='lat' dir='ltr'>suum.</span> <span class='ocrx_word' id='word_1_254' title='bbox 2192 2322 2246 2399; x_wconf 75' lang='lat' dir='ltr'>Qui</span> 
     </span>
    </p>

    <p class='ocr_par' dir='ltr' id='par_1_10' title="bbox 420 2424 2246 2508">
     <span class='ocr_line' id='line_1_19' title="bbox 420 2424 2246 2508; baseline 0.001 -20"><span class='ocrx_word' id='word_1_255' title='bbox 420 2429 530 2508; x_wconf 70' lang='grc' dir='ltr'><strong><em>μέντοι</em></strong></span> <span class='ocrx_word' id='word_1_256' title='bbox 547 2424 594 2489; x_wconf 79' lang='grc' dir='ltr'>ὢν</span> <span class='ocrx_word' id='word_1_257' title='bbox 608 2430 712 2490; x_wconf 77' lang='grc' dir='ltr'><strong><em>εἴκοσι</em></strong></span> <span class='ocrx_word' id='word_1_258' title='bbox 728 2430 811 2490; x_wconf 85' lang='grc' dir='ltr'><strong><em>ἐτῶν</em></strong></span> <span class='ocrx_word' id='word_1_259' title='bbox 827 2425 1034 2490; x_wconf 74' lang='grc' dir='ltr'><strong><em>δύναταιτ-</em></strong></span> <span class='ocrx_word' id='word_1_260' title='bbox 1076 2427 1112 2490; x_wconf 81' lang='lat' dir='ltr'>fr.</span> <span class='ocrx_word' id='word_1_261' title='bbox 1123 2433 1173 2492; x_wconf 87' lang='lat'>66.</span> <span class='ocrx_word' id='word_1_262' title='bbox 1183 2430 1283 2505; x_wconf 65' lang='lat' dir='ltr'>Due,</span> <span class='ocrx_word' id='word_1_263' title='bbox 1296 2434 1323 2493; x_wconf 86' lang='lat'>1.</span> <span class='ocrx_word' id='word_1_264' title='bbox 1351 2446 1423 2489; x_wconf 88' lang='lat' dir='ltr'>vero</span> <span class='ocrx_word' id='word_1_265' title='bbox 1437 2425 1545 2507; x_wconf 84' lang='lat' dir='ltr'>viginti</span> <span class='ocrx_word' id='word_1_266' title='bbox 1560 2447 1707 2489; x_wconf 90' lang='lat' dir='ltr'>ennorum</span> <span class='ocrx_word' id='word_1_267' title='bbox 1723 2437 1770 2489; x_wconf 89' lang='lat' dir='ltr'>eet</span> <span class='ocrx_word' id='word_1_268' title='bbox 1783 2436 1891 2507; x_wconf 85' lang='lat' dir='ltr'>potest</span> <span class='ocrx_word' id='word_1_269' title='bbox 1980 2427 2016 2489; x_wconf 84' lang='lat' dir='ltr'>fr.</span> <span class='ocrx_word' id='word_1_270' title='bbox 2033 2432 2085 2491; x_wconf 87' lang='grc'>66.</span> <span class='ocrx_word' id='word_1_271' title='bbox 2101 2429 2143 2491; x_wconf 94' lang='lat' dir='ltr'>D.</span> <span class='ocrx_word' id='word_1_272' title='bbox 2159 2430 2208 2502; x_wconf 89' lang='grc'>45,</span> <span class='ocrx_word' id='word_1_273' title='bbox 2224 2433 2246 2489; x_wconf 92' lang='grc'>1.</span> 
     </span>
    </p>

    <p class='ocr_par' dir='ltr' id='par_1_11' title="bbox 335 2533 2245 2620">
     <span class='ocr_line' id='line_1_20' title="bbox 335 2533 2245 2620; baseline 0.002 -25"><span class='ocrx_word' id='word_1_274' title='bbox 335 2533 383 2590; x_wconf 69' lang='grc' dir='ltr'>οδ.</span> <span class='ocrx_word' id='word_1_275' title='bbox 492 2533 567 2595; x_wconf 84' lang='grc' dir='ltr'>Τῶν</span> <span class='ocrx_word' id='word_1_276' title='bbox 589 2533 818 2617; x_wconf 87' lang='grc' dir='ltr'><strong><em>ἐπερωτήσεων</em></strong></span> <span class='ocrx_word' id='word_1_277' title='bbox 841 2535 878 2597; x_wconf 82' lang='grc' dir='ltr'>αἱ</span> <span class='ocrx_word' id='word_1_278' title='bbox 899 2537 957 2615; x_wconf 85' lang='grc' dir='ltr'><strong><em>μίν</em></strong></span> <span class='ocrx_word' id='word_1_279' title='bbox 980 2537 1040 2597; x_wconf 79' lang='grc' dir='ltr'><strong><em>εἰσι</em></strong></span> <span class='ocrx_word' id='word_1_280' title='bbox 1060 2535 1213 2620; x_wconf 77' lang='grc' dir='ltr'><strong><em>φανεραί,</em></strong></span> <span class='ocrx_word' id='word_1_281' title='bbox 1238 2539 1275 2601; x_wconf 88' lang='grc' dir='ltr'><strong><em>αί</em></strong></span> <span class='ocrx_word' id='word_1_282' title='bbox 1289 2537 1323 2600; x_wconf 87' lang='grc' dir='ltr'><strong><em>δέ</em></strong></span> <span class='ocrx_word' id='word_1_283' title='bbox 1418 2533 1656 2614; x_wconf 83' lang='lat' dir='ltr'>Stipuletionum</span> <span class='ocrx_word' id='word_1_284' title='bbox 1685 2535 1833 2614; x_wconf 88' lang='lat' dir='ltr'>queedem</span> <span class='ocrx_word' id='word_1_285' title='bbox 1861 2543 1934 2596; x_wconf 93' lang='lat' dir='ltr'>sunt</span> <span class='ocrx_word' id='word_1_286' title='bbox 1960 2544 2072 2611; x_wconf 84' lang='lat' dir='ltr'>oertee,</span> <span class='ocrx_word' id='word_1_287' title='bbox 2106 2535 2245 2616; x_wconf 73' lang='lat' dir='ltr'>quaedem</span> 
     </span>
    </p>

    <p class='ocr_par' dir='ltr' id='par_1_12' title="bbox 420 2639 2246 2731">
     <span class='ocr_line' id='line_1_21' title="bbox 420 2639 2246 2731; baseline 0.001 -29"><span class='ocrx_word' id='word_1_288' title='bbox 420 2641 570 2724; x_wconf 80' lang='grc' dir='ltr'>ἀφανεῖς.</span> <span class='ocrx_word' id='word_1_289' title='bbox 609 2641 756 2725; x_wconf 91' lang='grc' dir='ltr'><strong><em>φανεραί</em></strong></span> <span class='ocrx_word' id='word_1_290' title='bbox 776 2644 858 2703; x_wconf 73' lang='grc' dir='ltr'><strong><em>εἰσιν</em></strong></span> <span class='ocrx_word' id='word_1_291' title='bbox 881 2643 917 2704; x_wconf 77' lang='grc' dir='ltr'><strong><em>αι’</em></strong></span> <span class='ocrx_word' id='word_1_292' title='bbox 939 2641 1090 2724; x_wconf 78' lang='grc' dir='ltr'><strong><em>ἐξαύτῦς</em></strong></span> <span class='ocrx_word' id='word_1_293' title='bbox 1106 2653 1164 2719; x_wconf 82' lang='grc' dir='ltr'><strong><em>τῆς</em></strong></span> <span class='ocrx_word' id='word_1_294' title='bbox 1179 2645 1323 2731; x_wconf 85' lang='grc' dir='ltr'><strong><em>ἐκφωνή-</em></strong></span> <span class='ocrx_word' id='word_1_295' title='bbox 1350 2640 1490 2702; x_wconf 85' lang='lat' dir='ltr'>ineertee.</span> <span class='ocrx_word' id='word_1_296' title='bbox 1535 2639 1644 2703; x_wconf 80' lang='lat' dir='ltr'>Certae</span> <span class='ocrx_word' id='word_1_297' title='bbox 1666 2650 1738 2702; x_wconf 91' lang='lat' dir='ltr'>eunt</span> <span class='ocrx_word' id='word_1_298' title='bbox 1760 2661 1839 2722; x_wconf 81' lang='lat' dir='ltr'>ques</span> <span class='ocrx_word' id='word_1_299' title='bbox 1861 2661 1900 2704; x_wconf 86' lang='lat' dir='ltr'>ex</span> <span class='ocrx_word' id='word_1_300' title='bbox 1921 2643 1989 2723; x_wconf 86' lang='lat' dir='ltr'>ipse</span> <span class='ocrx_word' id='word_1_301' title='bbox 2009 2643 2246 2723; x_wconf 74' lang='lat' dir='ltr'>pronuntiatione</span> 
     </span>
    </p>

    <p class='ocr_par' dir='ltr' id='par_1_13' title="bbox 420 2746 2246 2833">
     <span class='ocr_line' id='line_1_22' title="bbox 420 2746 2246 2833; baseline 0.001 -24"><span class='ocrx_word' id='word_1_302' title='bbox 420 2767 502 2820; x_wconf 90' lang='grc' dir='ltr'><strong><em>σεως</em></strong></span> <span class='ocrx_word' id='word_1_303' title='bbox 525 2749 660 2824; x_wconf 78' lang='grc' dir='ltr'><strong><em>ἔχουσαι</em></strong></span> <span class='ocrx_word' id='word_1_304' title='bbox 684 2746 784 2824; x_wconf 78' lang='grc' dir='ltr'><strong><em>δῆλον</em></strong></span> <span class='ocrx_word' id='word_1_305' title='bbox 806 2747 862 2811; x_wconf 82' lang='grc' dir='ltr'>καλ</span> <span class='ocrx_word' id='word_1_306' title='bbox 879 2748 914 2810; x_wconf 92' lang='grc' dir='ltr'>τί</span> <span class='ocrx_word' id='word_1_307' title='bbox 934 2746 990 2811; x_wconf 82' lang='grc' dir='ltr'>καλ</span> <span class='ocrx_word' id='word_1_308' title='bbox 1014 2757 1110 2811; x_wconf 89' lang='grc' dir='ltr'><strong><em>ποῖον</em></strong></span> <span class='ocrx_word' id='word_1_309' title='bbox 1132 2748 1189 2812; x_wconf 83' lang='grc' dir='ltr'>καλ</span> <span class='ocrx_word' id='word_1_310' title='bbox 1208 2751 1322 2830; x_wconf 88' lang='grc' dir='ltr'><strong><em>πόσον,</em></strong></span> <span class='ocrx_word' id='word_1_311' title='bbox 1351 2747 1544 2810; x_wconf 80' lang='lat' dir='ltr'>menifestum</span> <span class='ocrx_word' id='word_1_312' title='bbox 1562 2746 1677 2809; x_wconf 89' lang='lat' dir='ltr'>hebent</span> <span class='ocrx_word' id='word_1_313' title='bbox 1691 2755 1722 2809; x_wconf 91' lang='lat' dir='ltr'>et</span> <span class='ocrx_word' id='word_1_314' title='bbox 1736 2747 1809 2828; x_wconf 88' lang='lat' dir='ltr'>quid</span> <span class='ocrx_word' id='word_1_315' title='bbox 1827 2758 1859 2809; x_wconf 91' lang='lat' dir='ltr'>et</span> <span class='ocrx_word' id='word_1_316' title='bbox 1874 2748 1964 2828; x_wconf 87' lang='lat' dir='ltr'>quele</span> <span class='ocrx_word' id='word_1_317' title='bbox 1979 2758 2010 2812; x_wconf 90' lang='lat' dir='ltr'>et</span> <span class='ocrx_word' id='word_1_318' title='bbox 2024 2759 2175 2830; x_wconf 89' lang='lat' dir='ltr'>quentum</span> <span class='ocrx_word' id='word_1_319' title='bbox 2191 2750 2246 2833; x_wconf 81' lang='lat' dir='ltr'>[de</span> 
     </span>
    </p>

    <p class='ocr_par' dir='ltr' id='par_1_14' title="bbox 420 2851 2246 2939">
     <span class='ocr_line' id='line_1_23' title="bbox 420 2851 2246 2939; baseline 0.002 -24"><span class='ocrx_word' id='word_1_320' title='bbox 420 2855 464 2926; x_wconf 85' lang='grc' dir='ltr'>ὡς</span> <span class='ocrx_word' id='word_1_321' title='bbox 487 2853 677 2935; x_wconf 84' lang='grc' dir='ltr'><strong><em>νομίσματα</em></strong></span> <span class='ocrx_word' id='word_1_322' title='bbox 703 2853 783 2918; x_wconf 79' lang='grc' dir='ltr'><strong><em>δέκα</em></strong></span> <span class='ocrx_word' id='word_1_323' title='bbox 809 2852 866 2917; x_wconf 77' lang='grc' dir='ltr'>καὶ</span> <span class='ocrx_word' id='word_1_324' title='bbox 894 2851 1000 2939; x_wconf 84' lang='grc' dir='ltr'><strong><em>ἀγρὸν</em></strong></span> <span class='ocrx_word' id='word_1_325' title='bbox 1026 2854 1244 2939; x_wconf 88' lang='grc' dir='ltr'><strong><em>κορνηλιανδν</em></strong></span> <span class='ocrx_word' id='word_1_326' title='bbox 1265 2856 1322 2921; x_wconf 79' lang='grc' dir='ltr'>καὶ</span> <span class='ocrx_word' id='word_1_327' title='bbox 1350 2853 1471 2937; x_wconf 86' lang='lat' dir='ltr'>beetur]</span> <span class='ocrx_word' id='word_1_328' title='bbox 1477 2878 1485 2927; x_wconf 88' lang='lat'>;</span> <span class='ocrx_word' id='word_1_329' title='bbox 1508 2853 1602 2916; x_wconf 87' lang='lat' dir='ltr'>veluti</span> <span class='ocrx_word' id='word_1_330' title='bbox 1624 2854 1713 2917; x_wconf 89' lang='lat' dir='ltr'>solidi</span> <span class='ocrx_word' id='word_1_331' title='bbox 1736 2854 1847 2929; x_wconf 91' lang='lat' dir='ltr'>deoem‚</span> <span class='ocrx_word' id='word_1_332' title='bbox 1870 2865 1902 2917; x_wconf 92' lang='lat' dir='ltr'>et</span> <span class='ocrx_word' id='word_1_333' title='bbox 1923 2875 1995 2937; x_wconf 81' lang='lat' dir='ltr'>eger</span> <span class='ocrx_word' id='word_1_334' title='bbox 2011 2857 2201 2919; x_wconf 89' lang='lat' dir='ltr'>oomelienus</span> <span class='ocrx_word' id='word_1_335' title='bbox 2220 2868 2246 2918; x_wconf 90' lang='lat' dir='ltr'>et</span> 
     </span>
    </p>

    <p class='ocr_par' dir='ltr' id='par_1_15' title="bbox 420 2959 2245 3049">
     <span class='ocr_line' id='line_1_24' title="bbox 420 2959 2245 3049; baseline 0.002 -26"><span class='ocrx_word' id='word_1_336' title='bbox 420 2959 539 3023; x_wconf 92' lang='grc' dir='ltr'><strong><em>δοῦλον</em></strong></span> <span class='ocrx_word' id='word_1_337' title='bbox 577 2960 715 3042; x_wconf 81' lang='grc' dir='ltr'>πέτρου1</span> <span class='ocrx_word' id='word_1_338' title='bbox 746 2959 803 3024; x_wconf 82' lang='grc' dir='ltr'>καλ</span> <span class='ocrx_word' id='word_1_339' title='bbox 836 2961 932 3026; x_wconf 91' lang='grc' dir='ltr'><strong><em>σίτου</em></strong></span> <span class='ocrx_word' id='word_1_340' title='bbox 964 2965 1113 3049; x_wconf 89' lang='grc' dir='ltr'><strong><em>ἀφρικοῦ</em></strong></span> <span class='ocrx_word' id='word_1_341' title='bbox 1143 2965 1323 3028; x_wconf 82' lang='grc' dir='ltr'>καλλίστου</span> <span class='ocrx_word' id='word_1_342' title='bbox 1350 2980 1454 3022; x_wconf 85' lang='lat' dir='ltr'>servus</span> <span class='ocrx_word' id='word_1_343' title='bbox 1469 2961 1579 3022; x_wconf 90' lang='lat' dir='ltr'>Petrus</span> <span class='ocrx_word' id='word_1_344' title='bbox 1599 2970 1630 3023; x_wconf 88' lang='lat' dir='ltr'>et</span> <span class='ocrx_word' id='word_1_345' title='bbox 1644 2961 1736 3023; x_wconf 90' lang='lat' dir='ltr'>tritioi</span> <span class='ocrx_word' id='word_1_346' title='bbox 1756 2961 1883 3024; x_wconf 84' lang='lat' dir='ltr'>efrioeni</span> <span class='ocrx_word' id='word_1_347' title='bbox 1902 2963 2008 3043; x_wconf 88' lang='lat' dir='ltr'>optimi</span> <span class='ocrx_word' id='word_1_348' title='bbox 2023 2964 2119 3025; x_wconf 88' lang='lat' dir='ltr'>modii</span> <span class='ocrx_word' id='word_1_349' title='bbox 2135 2974 2245 3026; x_wconf 86' lang='lat' dir='ltr'>eentum</span> 
     </span>
    </p>

    <p class='ocr_par' dir='ltr' id='par_1_16' title="bbox 419 3065 2244 3153">
     <span class='ocr_line' id='line_1_25' title="bbox 419 3065 2244 3153; baseline 0.002 -24"><span class='ocrx_word' id='word_1_350' title='bbox 419 3065 554 3149; x_wconf 90' lang='grc' dir='ltr'><strong><em>μοδιόυς</em></strong></span> <span class='ocrx_word' id='word_1_351' title='bbox 585 3071 706 3131; x_wconf 82' lang='grc' dir='ltr'><strong><em>ἐκατον</em></strong></span> <span class='ocrx_word' id='word_1_352' title='bbox 742 3065 799 3131; x_wconf 85' lang='grc' dir='ltr'>καλ</span> <span class='ocrx_word' id='word_1_353' title='bbox 838 3066 930 3132; x_wconf 82' lang='grc' dir='ltr'><strong><em>οἴνου</em></strong></span> <span class='ocrx_word' id='word_1_354' title='bbox 966 3071 1144 3151; x_wconf 86' lang='grc' dir='ltr'><strong><em>καμπιίνον</em></strong></span> <span class='ocrx_word' id='word_1_355' title='bbox 1181 3072 1323 3153; x_wconf 81' lang='grc' dir='ltr'><strong><em>ἀρίστου</em></strong></span> <span class='ocrx_word' id='word_1_356' title='bbox 1350 3068 1466 3130; x_wconf 88' lang='lat' dir='ltr'>etvini</span> <span class='ocrx_word' id='word_1_357' title='bbox 1488 3068 1629 3149; x_wconf 89' lang='lat' dir='ltr'>oempeni</span> <span class='ocrx_word' id='word_1_358' title='bbox 1652 3068 1758 3149; x_wconf 91' lang='lat' dir='ltr'>optimi</span> <span class='ocrx_word' id='word_1_359' title='bbox 1780 3069 1943 3149; x_wconf 87' lang='lat' dir='ltr'>emphoree</span> <span class='ocrx_word' id='word_1_360' title='bbox 1965 3078 2095 3132; x_wconf 87' lang='lat' dir='ltr'>eentum</span> <span class='ocrx_word' id='word_1_361' title='bbox 2151 3071 2186 3132; x_wconf 91' lang='grc'>6.</span> <span class='ocrx_word' id='word_1_362' title='bbox 2202 3073 2244 3132; x_wconf 87' lang='grc'>74.</span> 
     </span>
    </p>

    <p class='ocr_par' dir='ltr' id='par_1_17' title="bbox 418 3174 1321 3257">
     <span class='ocr_line' id='line_1_26' title="bbox 418 3174 1321 3257; baseline 0.004 -20"><span class='ocrx_word' id='word_1_363' title='bbox 418 3174 582 3257; x_wconf 88' lang='grc' dir='ltr'><strong><em>κεράμους</em></strong></span> <span class='ocrx_word' id='word_1_364' title='bbox 604 3178 732 3237; x_wconf 77' lang='grc' dir='ltr'><strong><em>ἕκατον.</em></strong></span> <span class='ocrx_word' id='word_1_365' title='bbox 1218 3178 1253 3240; x_wconf 87' lang='grc'>6.</span> <span class='ocrx_word' id='word_1_366' title='bbox 1272 3183 1321 3242; x_wconf 90' lang='grc'>74.</span> 
     </span>
    </p>

    <p class='ocr_par' dir='ltr' id='par_1_18' title="bbox 366 3279 2244 3370">
     <span class='ocr_line' id='line_1_27' title="bbox 366 3279 2244 3370; baseline 0 -25"><span class='ocrx_word' id='word_1_367' title='bbox 366 3282 382 3338; x_wconf 85' lang='lat'>¹·</span> <span class='ocrx_word' id='word_1_368' title='bbox 485 3280 536 3345; x_wconf 88' lang='grc' dir='ltr'><strong><em>Αί</em></strong></span> <span class='ocrx_word' id='word_1_369' title='bbox 558 3281 592 3344; x_wconf 84' lang='grc' dir='ltr'><strong><em>δέ</em></strong></span> <span class='ocrx_word' id='word_1_370' title='bbox 614 3279 657 3363; x_wconf 87' lang='grc' dir='ltr'>μή</span> <span class='ocrx_word' id='word_1_371' title='bbox 681 3290 833 3346; x_wconf 87' lang='grc' dir='ltr'><strong><em>τοιαῦται</em></strong></span> <span class='ocrx_word' id='word_1_372' title='bbox 858 3284 998 3370; x_wconf 76' lang='grc' dir='ltr'><strong><em>ἀφανεῖς</em></strong></span> <span class='ocrx_word' id='word_1_373' title='bbox 1024 3282 1106 3347; x_wconf 79' lang='grc' dir='ltr'><strong><em>είσέν</em></strong></span> <span class='ocrx_word' id='word_1_374' title='bbox 1132 3283 1189 3348; x_wconf 82' lang='grc' dir='ltr'>καλ</span> <span class='ocrx_word' id='word_1_375' title='bbox 1213 3288 1232 3348; x_wconf 85' lang='grc' dir='ltr'>ὁ</span> <span class='ocrx_word' id='word_1_376' title='bbox 1256 3290 1322 3349; x_wconf 82' lang='grc' dir='ltr'><strong><em>ἐπε·</em></strong></span> <span class='ocrx_word' id='word_1_377' title='bbox 1415 3281 1505 3359; x_wconf 75' lang='lat' dir='ltr'>Ques</span> <span class='ocrx_word' id='word_1_378' title='bbox 1527 3302 1588 3344; x_wconf 88' lang='lat' dir='ltr'>nou</span> <span class='ocrx_word' id='word_1_379' title='bbox 1610 3291 1682 3344; x_wconf 91' lang='lat' dir='ltr'>sunt</span> <span class='ocrx_word' id='word_1_380' title='bbox 1703 3282 1865 3358; x_wconf 86' lang='lat' dir='ltr'>eiusmodi,</span> <span class='ocrx_word' id='word_1_381' title='bbox 1893 3282 2025 3345; x_wconf 88' lang='lat' dir='ltr'>ineertee</span> <span class='ocrx_word' id='word_1_382' title='bbox 2053 3294 2128 3347; x_wconf 90' lang='lat' dir='ltr'>sunt</span> <span class='ocrx_word' id='word_1_383' title='bbox 2151 3286 2244 3366; x_wconf 90' lang='lat' dir='ltr'>etqui</span> 
     </span>
    </p>

    <p class='ocr_par' dir='ltr' id='par_1_19' title="bbox 418 3388 2370 3584">
     <span class='ocr_line' id='line_1_28' title="bbox 419 3388 2244 3475; baseline 0.002 -25"><span class='ocrx_word' id='word_1_384' title='bbox 419 3399 535 3471; x_wconf 89' lang='grc' dir='ltr'><strong><em>ρωτῶν</em></strong></span> <span class='ocrx_word' id='word_1_385' title='bbox 565 3389 662 3451; x_wconf 89' lang='grc' dir='ltr'><strong><em>σίτου</em></strong></span> <span class='ocrx_word' id='word_1_386' title='bbox 691 3388 797 3453; x_wconf 90' lang='grc' dir='ltr'><strong><em>καλοῦ</em></strong></span> <span class='ocrx_word' id='word_1_387' title='bbox 825 3391 941 3475; x_wconf 80' lang='grc' dir='ltr'><strong><em>ἀφροῦ</em></strong></span> <span class='ocrx_word' id='word_1_388' title='bbox 971 3390 990 3467; x_wconf 66' lang='lat' dir='ltr'>l)</span> <span class='ocrx_word' id='word_1_389' title='bbox 1021 3394 1113 3454; x_wconf 80' lang='grc' dir='ltr'><strong><em>οἴνου</em></strong></span> <span class='ocrx_word' id='word_1_390' title='bbox 1144 3393 1322 3474; x_wconf 88' lang='grc' dir='ltr'><strong><em>καμπνίνου</em></strong></span> <span class='ocrx_word' id='word_1_391' title='bbox 1349 3388 1513 3470; x_wconf 86' lang='lat' dir='ltr'>stipuletur</span> <span class='ocrx_word' id='word_1_392' title='bbox 1538 3389 1681 3451; x_wconf 87' lang='lat' dir='ltr'>frumeuti</span> <span class='ocrx_word' id='word_1_393' title='bbox 1704 3388 1830 3451; x_wconf 83' lang='lat' dir='ltr'>efrioeni</span> <span class='ocrx_word' id='word_1_394' title='bbox 1853 3388 1925 3451; x_wconf 90' lang='lat' dir='ltr'>boni</span> <span class='ocrx_word' id='word_1_395' title='bbox 1948 3390 1997 3452; x_wconf 88' lang='lat' dir='ltr'>vel</span> <span class='ocrx_word' id='word_1_396' title='bbox 2026 3392 2170 3472; x_wconf 87' lang='lat' dir='ltr'>eempeni</span> <span class='ocrx_word' id='word_1_397' title='bbox 2190 3392 2244 3453; x_wconf 85' lang='lat' dir='ltr'>vini</span> 
     </span>
     <span class='ocr_line' id='line_1_29' title="bbox 418 3494 2370 3584; baseline 0.001 -25"><span class='ocrx_word' id='word_1_398' title='bbox 418 3500 538 3559; x_wconf 83' lang='grc' dir='ltr'><strong><em>ἐκατον</em></strong></span> <span class='ocrx_word' id='word_1_399' title='bbox 560 3495 723 3577; x_wconf 85' lang='grc' dir='ltr'><strong><em>κεράμονς</em></strong></span> <span class='ocrx_word' id='word_1_400' title='bbox 738 3494 867 3572; x_wconf 78' lang='grc' dir='ltr'><strong><em>ἀδήλως</em></strong></span> <span class='ocrx_word' id='word_1_401' title='bbox 890 3497 991 3577; x_wconf 74' lang='grc' dir='ltr'><strong><em>ήμουν</em></strong></span> <span class='ocrx_word' id='word_1_402' title='bbox 1010 3499 1151 3584; x_wconf 81' lang='grc' dir='ltr'><strong><em>ἀφανῶς</em></strong></span> <span class='ocrx_word' id='word_1_403' title='bbox 1174 3503 1323 3581; x_wconf 79' lang='grc' dir='ltr'><strong><em>ἐπερωτᾷ</em></strong></span> <span class='ocrx_word' id='word_1_404' title='bbox 1348 3505 1467 3558; x_wconf 89' lang='lat' dir='ltr'>eentum</span> <span class='ocrx_word' id='word_1_405' title='bbox 1494 3496 1657 3577; x_wconf 89' lang='lat' dir='ltr'>emphores</span> <span class='ocrx_word' id='word_1_406' title='bbox 1683 3496 1808 3569; x_wconf 82' lang='lat' dir='ltr'>inoerte,</span> <span class='ocrx_word' id='word_1_407' title='bbox 1837 3496 1894 3557; x_wconf 88' lang='lat' dir='ltr'>hoo</span> <span class='ocrx_word' id='word_1_408' title='bbox 1921 3506 1968 3558; x_wconf 89' lang='lat' dir='ltr'>est</span> <span class='ocrx_word' id='word_1_409' title='bbox 1994 3518 2055 3558; x_wconf 90' lang='lat' dir='ltr'>nou</span> <span class='ocrx_word' id='word_1_410' title='bbox 2083 3498 2242 3572; x_wconf 80' lang='lat' dir='ltr'>manifeste,</span> <span class='ocrx_word' id='word_1_411' title='bbox 2369 3528 2370 3567; x_wconf 56' lang='grc' dir='ltr'><strong>ς</strong></span> 
     </span>
    </p>

    <p class='ocr_par' dir='ltr' id='par_1_20' title="bbox 418 3600 2242 3687">
     <span class='ocr_line' id='line_1_30' title="bbox 418 3600 2242 3687; baseline -0.001 -21"><span class='ocrx_word' id='word_1_412' title='bbox 418 3600 525 3678; x_wconf 84' lang='grc' dir='ltr'><strong><em>ἐπειδή</em></strong></span> <span class='ocrx_word' id='word_1_413' title='bbox 548 3604 569 3679; x_wconf 86' lang='grc' dir='ltr'><strong><em>ή</em></strong></span> <span class='ocrx_word' id='word_1_414' title='bbox 592 3602 729 3678; x_wconf 88' lang='grc' dir='ltr'><strong><em>ποιότης</em></strong></span> <span class='ocrx_word' id='word_1_415' title='bbox 751 3604 939 3687; x_wconf 78' lang='grc' dir='ltr'><strong><em>ἀπορεῖταιε</em></strong></span> <span class='ocrx_word' id='word_1_416' title='bbox 960 3641 1001 3651; x_wconf 91' lang='grc'><strong>-</strong></span> <span class='ocrx_word' id='word_1_417' title='bbox 1026 3606 1033 3617; x_wconf 87' lang='grc'>’</span> <span class='ocrx_word' id='word_1_418' title='bbox 1165 3606 1201 3667; x_wconf 89' lang='grc'>6.</span> <span class='ocrx_word' id='word_1_419' title='bbox 1220 3607 1260 3670; x_wconf 91' lang='grc'>75</span> <span class='ocrx_word' id='word_1_420' title='bbox 1275 3626 1320 3687; x_wconf 85' lang='lat' dir='ltr'>pr.</span> <span class='ocrx_word' id='word_1_421' title='bbox 1348 3602 1523 3684; x_wconf 85' lang='lat' dir='ltr'>stipuletur,</span> <span class='ocrx_word' id='word_1_422' title='bbox 1539 3603 1681 3683; x_wconf 86' lang='lat' dir='ltr'>quonism</span> <span class='ocrx_word' id='word_1_423' title='bbox 1698 3603 1830 3683; x_wconf 87' lang='lat' dir='ltr'>quelites</span> <span class='ocrx_word' id='word_1_424' title='bbox 1846 3603 1877 3663; x_wconf 89' lang='lat' dir='ltr'>iu</span> <span class='ocrx_word' id='word_1_425' title='bbox 1893 3602 1985 3666; x_wconf 94' lang='lat' dir='ltr'>dubio</span> <span class='ocrx_word' id='word_1_426' title='bbox 2005 3614 2061 3666; x_wconf 85' lang='lat' dir='ltr'>est</span> <span class='ocrx_word' id='word_1_427' title='bbox 2107 3606 2145 3666; x_wconf 86' lang='lat' dir='ltr'>fr.</span> <span class='ocrx_word' id='word_1_428' title='bbox 2157 3608 2242 3686; x_wconf 80' lang='grc' dir='ltr'><strong>75ρι.</strong></span> 
     </span>
    </p>

    <p class='ocr_par' dir='ltr' id='par_1_21' title="bbox 417 3707 2243 3899">
     <span class='ocr_line' id='line_1_31' title="bbox 481 3707 2243 3796; baseline -0.002 -23"><span class='ocrx_word' id='word_1_429' title='bbox 481 3707 514 3773; x_wconf 89' lang='grc' dir='ltr'>Ὁ</span> <span class='ocrx_word' id='word_1_430' title='bbox 538 3707 571 3771; x_wconf 81' lang='grc' dir='ltr'><strong><em>δέ</em></strong></span> <span class='ocrx_word' id='word_1_431' title='bbox 591 3713 762 3793; x_wconf 88' lang='grc' dir='ltr'><strong><em>ἐπερωτῶν</em></strong></span> <span class='ocrx_word' id='word_1_432' title='bbox 780 3709 961 3774; x_wconf 88' lang='grc' dir='ltr'><strong><em>κοίλλιστον</em></strong></span> <span class='ocrx_word' id='word_1_433' title='bbox 983 3720 1138 3796; x_wconf 85' lang='grc' dir='ltr'><strong><em>φανερῶς</em></strong></span> <span class='ocrx_word' id='word_1_434' title='bbox 1159 3716 1320 3792; x_wconf 80' lang='grc' dir='ltr'><strong><em>ἐπερωτᾷ·</em></strong></span> <span class='ocrx_word' id='word_1_435' title='bbox 1414 3709 1477 3788; x_wconf 75' lang='lat' dir='ltr'>Qui</span> <span class='ocrx_word' id='word_1_436' title='bbox 1500 3730 1571 3771; x_wconf 91' lang='lat' dir='ltr'>vero</span> <span class='ocrx_word' id='word_1_437' title='bbox 1593 3710 1757 3790; x_wconf 89' lang='lat' dir='ltr'>stipuletur</span> <span class='ocrx_word' id='word_1_438' title='bbox 1779 3709 1927 3790; x_wconf 91' lang='lat' dir='ltr'>optimum</span> <span class='ocrx_word' id='word_1_439' title='bbox 1950 3720 2064 3772; x_wconf 87' lang='lat' dir='ltr'>eertum</span> <span class='ocrx_word' id='word_1_440' title='bbox 2087 3711 2243 3793; x_wconf 87' lang='lat' dir='ltr'>stipuletur</span> 
     </span>
     <span class='ocr_line' id='line_1_32' title="bbox 417 3811 2241 3899; baseline 0.001 -22"><span class='ocrx_word' id='word_1_441' title='bbox 417 3819 519 3878; x_wconf 88' lang='grc' dir='ltr'><strong><em>ἐκεῖνο</em></strong></span> <span class='ocrx_word' id='word_1_442' title='bbox 529 3811 595 3899; x_wconf 76' lang='grc' dir='ltr'>γὰρ</span> <span class='ocrx_word' id='word_1_443' title='bbox 602 3813 702 3895; x_wconf 86' lang='grc' dir='ltr'><strong><em>δηλοῖ,</em></strong></span> <span class='ocrx_word' id='word_1_444' title='bbox 710 3811 840 3890; x_wconf 75' lang='grc' dir='ltr'><strong><em>οὔτινος</em></strong></span> <span class='ocrx_word' id='word_1_445' title='bbox 850 3818 910 3880; x_wconf 87' lang='grc' dir='ltr'>οὐκ</span> <span class='ocrx_word' id='word_1_446' title='bbox 920 3816 989 3880; x_wconf 78' lang='grc' dir='ltr'><strong><em>ἐστὶ</em></strong></span> <span class='ocrx_word' id='word_1_447' title='bbox 999 3827 1158 3899; x_wconf 91' lang='grc' dir='ltr'><strong><em>κρεῖττον.</em></strong></span> <span class='ocrx_word' id='word_1_448' title='bbox 1166 3818 1320 3895; x_wconf 61' lang='grc'><strong>67582.</strong></span> <span class='ocrx_word' id='word_1_449' title='bbox 1348 3817 1424 3878; x_wconf 91' lang='lat' dir='ltr'>illud</span> <span class='ocrx_word' id='word_1_450' title='bbox 1440 3816 1520 3878; x_wconf 90' lang='lat' dir='ltr'>enim</span> <span class='ocrx_word' id='word_1_451' title='bbox 1537 3816 1696 3895; x_wconf 81' lang='lat' dir='ltr'>significet,</span> <span class='ocrx_word' id='word_1_452' title='bbox 1713 3837 1773 3896; x_wconf 94' lang='lat' dir='ltr'>quo</span> <span class='ocrx_word' id='word_1_453' title='bbox 1788 3837 1848 3879; x_wconf 89' lang='lat' dir='ltr'>non</span> <span class='ocrx_word' id='word_1_454' title='bbox 1864 3825 1910 3878; x_wconf 87' lang='lat' dir='ltr'>est</span> <span class='ocrx_word' id='word_1_455' title='bbox 1925 3817 2041 3879; x_wconf 90' lang='lat' dir='ltr'>melius.</span> <span class='ocrx_word' id='word_1_456' title='bbox 2078 3818 2115 3880; x_wconf 94' lang='grc'>6.</span> <span class='ocrx_word' id='word_1_457' title='bbox 2129 3822 2177 3880; x_wconf 91' lang='grc'><strong>75.</strong></span> <span class='ocrx_word' id='word_1_458' title='bbox 2193 3821 2241 3895; x_wconf 88' lang='lat'>52.</span> 
     </span>
    </p>

    <p class='ocr_par' dir='ltr' id='par_1_22' title="bbox 418 3920 2242 4114">
     <span class='ocr_line' id='line_1_33' title="bbox 488 3920 2242 4010; baseline 0.002 -25"><span class='ocrx_word' id='word_1_459' title='bbox 488 3920 535 3985; x_wconf 75' lang='lat' dir='ltr'>oe</span> <span class='ocrx_word' id='word_1_460' title='bbox 562 3925 769 4004; x_wconf 79' lang='grc' dir='ltr'><strong><em>περιέχονται</em></strong></span> <span class='ocrx_word' id='word_1_461' title='bbox 793 3927 834 4010; x_wconf 81' lang='grc' dir='ltr'><strong><em>τῇ</em></strong></span> <span class='ocrx_word' id='word_1_462' title='bbox 857 3925 1050 4005; x_wconf 79' lang='grc' dir='ltr'><strong><em>ἐπερωτήσει</em></strong></span> <span class='ocrx_word' id='word_1_463' title='bbox 1076 3933 1137 3988; x_wconf 94' lang='grc' dir='ltr'><strong><em>τοῦ</em></strong></span> <span class='ocrx_word' id='word_1_464' title='bbox 1159 3926 1267 4007; x_wconf 80' lang='grc' dir='ltr'><strong><em>ἀγροῦ</em></strong></span> <span class='ocrx_word' id='word_1_465' title='bbox 1288 3927 1321 3988; x_wconf 89' lang='grc' dir='ltr'><strong><em>οί</em></strong></span> <span class='ocrx_word' id='word_1_466' title='bbox 1414 3922 1617 4004; x_wconf 82' lang='lat' dir='ltr'>Stipuletioue</span> <span class='ocrx_word' id='word_1_467' title='bbox 1639 3923 1726 3985; x_wconf 87' lang='lat' dir='ltr'>fundi</span> <span class='ocrx_word' id='word_1_468' title='bbox 1748 3943 1809 3984; x_wconf 93' lang='lat' dir='ltr'>non</span> <span class='ocrx_word' id='word_1_469' title='bbox 1832 3924 2025 3986; x_wconf 89' lang='lat' dir='ltr'>eontinentur</span> <span class='ocrx_word' id='word_1_470' title='bbox 2046 3924 2164 3988; x_wconf 87' lang='lat' dir='ltr'>fruetus</span> <span class='ocrx_word' id='word_1_471' title='bbox 2178 3934 2242 3987; x_wconf 84' lang='lat' dir='ltr'>tem·</span> 
     </span>
     <span class='ocr_line' id='line_1_34' title="bbox 418 4029 2241 4114; baseline -0.001 -24"><span class='ocrx_word' id='word_1_472' title='bbox 418 4029 510 4102; x_wconf 83' lang='grc' dir='ltr'><strong><em>ὄντες</em></strong></span> <span class='ocrx_word' id='word_1_473' title='bbox 534 4032 637 4109; x_wconf 80' lang='grc' dir='ltr'><strong><em>ἐντῷ</em></strong></span> <span class='ocrx_word' id='word_1_474' title='bbox 660 4033 767 4113; x_wconf 79' lang='grc' dir='ltr'><strong><em>καιρῷ</em></strong></span> <span class='ocrx_word' id='word_1_475' title='bbox 790 4041 848 4106; x_wconf 78' lang='grc' dir='ltr'><strong><em>τῆς</em></strong></span> <span class='ocrx_word' id='word_1_476' title='bbox 870 4032 1098 4112; x_wconf 82' lang='grc' dir='ltr'><strong><em>ἐπερωτήσεως</em></strong></span> <span class='ocrx_word' id='word_1_477' title='bbox 1120 4031 1253 4114; x_wconf 89' lang='grc' dir='ltr'><strong><em>καρποί.</em></strong></span> <span class='ocrx_word' id='word_1_478' title='bbox 1347 4050 1419 4110; x_wconf 93' lang='lat' dir='ltr'>pore</span> <span class='ocrx_word' id='word_1_479' title='bbox 1441 4030 1646 4112; x_wconf 81' lang='lat' dir='ltr'>stipulationis</span> <span class='ocrx_word' id='word_1_480' title='bbox 1668 4039 1831 4092; x_wconf 79' lang='lat' dir='ltr'>exstantes.</span> <span class='ocrx_word' id='word_1_481' title='bbox 2065 4030 2101 4093; x_wconf 82' lang='lat' dir='ltr'>fr.</span> <span class='ocrx_word' id='word_1_482' title='bbox 2122 4035 2171 4094; x_wconf 87' lang='grc'><strong>78.</strong></span> <span class='ocrx_word' id='word_1_483' title='bbox 2187 4037 2201 4107; x_wconf 97' lang='lat'><strong>5</strong></span> <span class='ocrx_word' id='word_1_484' title='bbox 2219 4034 2241 4090; x_wconf 92' lang='grc'>1.</span> 
     </span>
    </p>

    <p class='ocr_par' dir='ltr' id='par_1_23' title="bbox 1135 4138 1319 4216">
     <span class='ocr_line' id='line_1_35' title="bbox 1135 4138 1319 4216; baseline 0.005 -16"><span class='ocrx_word' id='word_1_485' title='bbox 1135 4138 1171 4201; x_wconf 88' lang='grc'>6.</span> <span class='ocrx_word' id='word_1_486' title='bbox 1189 4142 1272 4216; x_wconf 70' lang='grc'><strong>786</strong></span> <span class='ocrx_word' id='word_1_487' title='bbox 1293 4142 1319 4201; x_wconf 92' lang='grc'>1.</span> 
     </span>
    </p>

    <p class='ocr_par' dir='ltr' id='par_1_24' title="bbox 416 4240 2240 4751">
     <span class='ocr_line' id='line_1_36' title="bbox 488 4240 2240 4327; baseline 0.001 -21"><span class='ocrx_word' id='word_1_488' title='bbox 488 4240 570 4306; x_wconf 77' lang='grc' dir='ltr'><strong><em>Οὔτε</em></strong></span> <span class='ocrx_word' id='word_1_489' title='bbox 597 4241 685 4326; x_wconf 80' lang='grc' dir='ltr'><strong><em>ἱερὸν</em></strong></span> <span class='ocrx_word' id='word_1_490' title='bbox 712 4244 788 4307; x_wconf 78' lang='grc' dir='ltr'><strong><em>οὔτε</em></strong></span> <span class='ocrx_word' id='word_1_491' title='bbox 815 4245 970 4325; x_wconf 84' lang='grc' dir='ltr'><strong><em>μνημείου</em></strong></span> <span class='ocrx_word' id='word_1_492' title='bbox 1002 4254 1140 4327; x_wconf 79' lang='grc' dir='ltr'><strong><em>πρῦγμα</em></strong></span> <span class='ocrx_word' id='word_1_493' title='bbox 1172 4247 1247 4309; x_wconf 83' lang='grc' dir='ltr'><strong><em>οὔτε</em></strong></span> <span class='ocrx_word' id='word_1_494' title='bbox 1279 4243 1319 4309; x_wconf 89' lang='grc' dir='ltr'><strong><em>τδ</em></strong></span> <span class='ocrx_word' id='word_1_495' title='bbox 1413 4244 1523 4325; x_wconf 89' lang='lat' dir='ltr'>Neque</span> <span class='ocrx_word' id='word_1_496' title='bbox 1544 4265 1606 4307; x_wconf 90' lang='lat' dir='ltr'>rem</span> <span class='ocrx_word' id='word_1_497' title='bbox 1629 4264 1747 4307; x_wconf 85' lang='lat' dir='ltr'>seerem</span> <span class='ocrx_word' id='word_1_498' title='bbox 1765 4265 1864 4326; x_wconf 89' lang='lat' dir='ltr'>neque</span> <span class='ocrx_word' id='word_1_499' title='bbox 1878 4244 2049 4324; x_wconf 78' lang='lat' dir='ltr'>religiosum</span> <span class='ocrx_word' id='word_1_500' title='bbox 2065 4266 2164 4326; x_wconf 88' lang='lat' dir='ltr'>neque</span> <span class='ocrx_word' id='word_1_501' title='bbox 2184 4265 2240 4327; x_wconf 84' lang='lat' dir='ltr'>per·</span> 
     </span>
     <span class='ocr_line' id='line_1_37' title="bbox 417 4348 2240 4437; baseline 0 -27"><span class='ocrx_word' id='word_1_502' title='bbox 417 4348 570 4425; x_wconf 89' lang='grc' dir='ltr'><strong><em>διηνεκῶς</em></strong></span> <span class='ocrx_word' id='word_1_503' title='bbox 594 4353 634 4434; x_wconf 83' lang='grc' dir='ltr'><strong><em>τῇ</em></strong></span> <span class='ocrx_word' id='word_1_504' title='bbox 650 4349 794 4432; x_wconf 82' lang='grc' dir='ltr'><strong><em>δημοσία</em></strong></span> <span class='ocrx_word' id='word_1_505' title='bbox 809 4350 925 4433; x_wconf 80' lang='grc' dir='ltr'><strong><em>χρήσει</em></strong></span> <span class='ocrx_word' id='word_1_506' title='bbox 942 4353 1138 4437; x_wconf 73' lang='grc' dir='ltr'><strong><em>ἀφορισθέν</em></strong></span> <span class='ocrx_word' id='word_1_507' title='bbox 1153 4357 1320 4435; x_wconf 80' lang='grc' dir='ltr'><strong><em>ἐπερωτῶν</em></strong></span> <span class='ocrx_word' id='word_1_508' title='bbox 1346 4361 1438 4433; x_wconf 91' lang='lat' dir='ltr'>petuo</span> <span class='ocrx_word' id='word_1_509' title='bbox 1469 4351 1592 4433; x_wconf 90' lang='lat' dir='ltr'>publioo</span> <span class='ocrx_word' id='word_1_510' title='bbox 1624 4352 1692 4413; x_wconf 88' lang='lat' dir='ltr'>usui</span> <span class='ocrx_word' id='word_1_511' title='bbox 1724 4350 1937 4414; x_wconf 87' lang='lat' dir='ltr'>inservientem</span> <span class='ocrx_word' id='word_1_512' title='bbox 1976 4350 2070 4435; x_wconf 88' lang='lat' dir='ltr'>[deri]</span> <span class='ocrx_word' id='word_1_513' title='bbox 2109 4349 2240 4434; x_wconf 89' lang='lat' dir='ltr'>stipuleri</span> 
     </span>
     <span class='ocr_line' id='line_1_38' title="bbox 416 4453 2240 4542; baseline -0.001 -24"><span class='ocrx_word' id='word_1_514' title='bbox 416 4454 557 4537; x_wconf 82' lang='grc' dir='ltr'><strong><em>δύναμαι</em></strong></span> <span class='ocrx_word' id='word_1_515' title='bbox 586 4457 661 4519; x_wconf 81' lang='grc' dir='ltr'><strong><em>οὔτε</em></strong></span> <span class='ocrx_word' id='word_1_516' title='bbox 687 4453 748 4520; x_wconf 83' lang='grc' dir='ltr'><strong><em>τὸν</em></strong></span> <span class='ocrx_word' id='word_1_517' title='bbox 774 4456 951 4541; x_wconf 85' lang='grc' dir='ltr'><strong><em>ἐλεύθερον</em></strong></span> <span class='ocrx_word' id='word_1_518' title='bbox 973 4460 1173 4542; x_wconf 80' lang='grc' dir='ltr'><strong><em>ἄνθρωπον,</em></strong></span> <span class='ocrx_word' id='word_1_519' title='bbox 1200 4457 1265 4523; x_wconf 81' lang='grc' dir='ltr'>κᾶν</span> <span class='ocrx_word' id='word_1_520' title='bbox 1292 4465 1318 4523; x_wconf 88' lang='grc' dir='ltr'>εί</span> <span class='ocrx_word' id='word_1_521' title='bbox 1346 4479 1470 4539; x_wconf 86' lang='lat' dir='ltr'>possum</span> <span class='ocrx_word' id='word_1_522' title='bbox 1501 4478 1599 4538; x_wconf 91' lang='lat' dir='ltr'>neque</span> <span class='ocrx_word' id='word_1_523' title='bbox 1630 4457 1757 4520; x_wconf 91' lang='lat' dir='ltr'>liberum</span> <span class='ocrx_word' id='word_1_524' title='bbox 1788 4458 1950 4533; x_wconf 84' lang='lat' dir='ltr'>hominem,</span> <span class='ocrx_word' id='word_1_525' title='bbox 1982 4458 2123 4539; x_wconf 86' lang='lat' dir='ltr'>quemvis</span> <span class='ocrx_word' id='word_1_526' title='bbox 2155 4458 2240 4540; x_wconf 86' lang='lat' dir='ltr'>possit</span> 
     </span>
     <span class='ocr_line' id='line_1_39' title="bbox 417 4560 2239 4649; baseline 0.001 -25"><span class='ocrx_word' id='word_1_527' title='bbox 417 4560 554 4625; x_wconf 78' lang='grc' dir='ltr'><strong><em>δύναται</em></strong></span> <span class='ocrx_word' id='word_1_528' title='bbox 580 4561 697 4636; x_wconf 88' lang='grc' dir='ltr'><strong><em>δοῦλος</em></strong></span> <span class='ocrx_word' id='word_1_529' title='bbox 720 4566 739 4625; x_wconf 88' lang='grc' dir='ltr'>ὁ</span> <span class='ocrx_word' id='word_1_530' title='bbox 758 4563 933 4646; x_wconf 84' lang='grc' dir='ltr'><strong><em>ἐλεύθερος</em></strong></span> <span class='ocrx_word' id='word_1_531' title='bbox 948 4566 1106 4645; x_wconf 76' lang='grc' dir='ltr'><strong><em>γενέσθαι</em></strong></span> <span class='ocrx_word' id='word_1_532' title='bbox 1124 4564 1180 4630; x_wconf 80' lang='grc' dir='ltr'><strong><em>καί</em></strong></span> <span class='ocrx_word' id='word_1_533' title='bbox 1197 4568 1216 4630; x_wconf 87' lang='grc' dir='ltr'><strong><em>δ</em></strong></span> <span class='ocrx_word' id='word_1_534' title='bbox 1232 4564 1318 4649; x_wconf 85' lang='grc' dir='ltr'><strong><em>ίερδς</em></strong></span> <span class='ocrx_word' id='word_1_535' title='bbox 1346 4564 1421 4626; x_wconf 92' lang='lat' dir='ltr'>liber</span> <span class='ocrx_word' id='word_1_536' title='bbox 1443 4585 1548 4627; x_wconf 87' lang='lat' dir='ltr'>servus</span> <span class='ocrx_word' id='word_1_537' title='bbox 1571 4564 1634 4626; x_wconf 89' lang='lat' dir='ltr'>fieri</span> <span class='ocrx_word' id='word_1_538' title='bbox 1656 4573 1687 4627; x_wconf 88' lang='lat' dir='ltr'>et</span> <span class='ocrx_word' id='word_1_539' title='bbox 1708 4584 1756 4627; x_wconf 90' lang='lat' dir='ltr'>res</span> <span class='ocrx_word' id='word_1_540' title='bbox 1779 4585 1867 4627; x_wconf 85' lang='lat' dir='ltr'>seere</span> <span class='ocrx_word' id='word_1_541' title='bbox 1888 4565 1939 4627; x_wconf 83' lang='lat' dir='ltr'>vel</span> <span class='ocrx_word' id='word_1_542' title='bbox 1964 4564 2089 4646; x_wconf 89' lang='lat' dir='ltr'>publiee</span> <span class='ocrx_word' id='word_1_543' title='bbox 2118 4566 2239 4647; x_wconf 78' lang='lat' dir='ltr'>privetu</span> 
     </span>
     <span class='ocr_line' id='line_1_40' title="bbox 416 4667 2239 4751; baseline 0 -19"><span class='ocrx_word' id='word_1_544' title='bbox 416 4667 436 4745; x_wconf 82' lang='grc' dir='ltr'><strong><em>ή</em></strong></span> <span class='ocrx_word' id='word_1_545' title='bbox 460 4671 478 4732; x_wconf 84' lang='grc' dir='ltr'><strong><em>ὁ</em></strong></span> <span class='ocrx_word' id='word_1_546' title='bbox 503 4669 660 4751; x_wconf 86' lang='grc' dir='ltr'><strong><em>δημόσιος</em></strong></span> <span class='ocrx_word' id='word_1_547' title='bbox 683 4668 877 4745; x_wconf 69' lang='lat' dir='ltr'>lrlrortmoe.²</span> <span class='ocrx_word' id='word_1_548' title='bbox 1132 4673 1168 4735; x_wconf 88' lang='grc'>6.</span> <span class='ocrx_word' id='word_1_549' title='bbox 1187 4676 1237 4735; x_wconf 87' lang='grc'>82.</span> <span class='ocrx_word' id='word_1_550' title='bbox 1255 4681 1270 4751; x_wconf 91' lang='lat'><strong>5</strong></span> <span class='ocrx_word' id='word_1_551' title='bbox 1289 4679 1317 4735; x_wconf 82' lang='grc'>5.</span> <span class='ocrx_word' id='word_1_552' title='bbox 2064 4672 2101 4735; x_wconf 91' lang='grc'>6.</span> <span class='ocrx_word' id='word_1_553' title='bbox 2118 4675 2239 4748; x_wconf 83' lang='lat'><strong>8255.</strong></span> 
     </span>
    </p>

    <p class='ocr_par' dir='ltr' id='par_1_25' title="bbox 415 4773 2239 5183">
     <span class='ocr_line' id='line_1_41' title="bbox 480 4773 2239 4863; baseline 0.003 -25"><span class='ocrx_word' id='word_1_554' title='bbox 480 4773 554 4839; x_wconf 71' lang='lat' dir='ltr'>&#39;Eois</span> <span class='ocrx_word' id='word_1_555' title='bbox 576 4774 637 4839; x_wconf 87' lang='grc' dir='ltr'><strong><em>τὸν</em></strong></span> <span class='ocrx_word' id='word_1_556' title='bbox 656 4776 717 4854; x_wconf 90' lang='grc' dir='ltr'>ήδη</span> <span class='ocrx_word' id='word_1_557' title='bbox 737 4778 964 4841; x_wconf 88' lang='grc' dir='ltr'><strong><em>ἀποθανόντα</em></strong></span> <span class='ocrx_word' id='word_1_558' title='bbox 982 4778 1100 4842; x_wconf 88' lang='grc' dir='ltr'><strong><em>δοῦλον</em></strong></span> <span class='ocrx_word' id='word_1_559' title='bbox 1123 4780 1317 4863; x_wconf 88' lang='grc' dir='ltr'><strong><em>ἐπερωτήσω</em></strong></span> <span class='ocrx_word' id='word_1_560' title='bbox 1412 4778 1446 4841; x_wconf 82' lang='lat' dir='ltr'>si</span> <span class='ocrx_word' id='word_1_561' title='bbox 1468 4779 1530 4840; x_wconf 92' lang='lat' dir='ltr'>iem</span> <span class='ocrx_word' id='word_1_562' title='bbox 1552 4778 1728 4841; x_wconf 83' lang='lat' dir='ltr'>defunctum</span> <span class='ocrx_word' id='word_1_563' title='bbox 1752 4799 1872 4842; x_wconf 80' lang='lat' dir='ltr'>servum</span> <span class='ocrx_word' id='word_1_564' title='bbox 1894 4778 2058 4860; x_wconf 82' lang='lat' dir='ltr'>stipulatus</span> <span class='ocrx_word' id='word_1_565' title='bbox 2073 4779 2158 4843; x_wconf 85' lang='lat' dir='ltr'>fuero</span> <span class='ocrx_word' id='word_1_566' title='bbox 2173 4778 2239 4842; x_wconf 86' lang='lat' dir='ltr'>eooi-</span> 
     </span>
     <span class='ocr_line' id='line_1_42' title="bbox 415 4880 2238 4969; baseline 0.002 -25"><span class='ocrx_word' id='word_1_567' title='bbox 415 4882 529 4966; x_wconf 81' lang='grc' dir='ltr'><strong><em>λαβεῖν</em></strong></span> <span class='ocrx_word' id='word_1_568' title='bbox 555 4880 623 4946; x_wconf 85' lang='grc' dir='ltr'>ἀπὸ</span> <span class='ocrx_word' id='word_1_569' title='bbox 652 4892 713 4946; x_wconf 85' lang='grc' dir='ltr'><strong><em>τοῦ</em></strong></span> <span class='ocrx_word' id='word_1_570' title='bbox 734 4884 875 4947; x_wconf 83' lang='grc' dir='ltr'><strong><em>κλέπτου</em></strong></span> <span class='ocrx_word' id='word_1_571' title='bbox 898 4884 917 4961; x_wconf 87' lang='grc' dir='ltr'><strong><em>ή</em></strong></span> <span class='ocrx_word' id='word_1_572' title='bbox 941 4894 1001 4949; x_wconf 88' lang='grc' dir='ltr'><strong><em>τοῦ</em></strong></span> <span class='ocrx_word' id='word_1_573' title='bbox 1025 4886 1205 4969; x_wconf 80' lang='grc' dir='ltr'><strong><em>ὑπέρθεσιν</em></strong></span> <span class='ocrx_word' id='word_1_574' title='bbox 1228 4887 1318 4963; x_wconf 90' lang='grc' dir='ltr'><strong><em>ποιή-</em></strong></span> <span class='ocrx_word' id='word_1_575' title='bbox 1345 4906 1415 4966; x_wconf 88' lang='lat' dir='ltr'>pere</span> <span class='ocrx_word' id='word_1_576' title='bbox 1437 4906 1456 4946; x_wconf 91' lang='lat' dir='ltr'>e</span> <span class='ocrx_word' id='word_1_577' title='bbox 1478 4885 1545 4948; x_wconf 83' lang='lat' dir='ltr'>fure</span> <span class='ocrx_word' id='word_1_578' title='bbox 1567 4886 1616 4948; x_wconf 87' lang='lat' dir='ltr'>vel</span> <span class='ocrx_word' id='word_1_579' title='bbox 1639 4885 1679 4947; x_wconf 91' lang='lat' dir='ltr'>eb</span> <span class='ocrx_word' id='word_1_580' title='bbox 1705 4906 1740 4948; x_wconf 91' lang='lat' dir='ltr'>eo</span> <span class='ocrx_word' id='word_1_581' title='bbox 1764 4887 1817 4966; x_wconf 93' lang='lat' dir='ltr'>qui</span> <span class='ocrx_word' id='word_1_582' title='bbox 1845 4906 1959 4948; x_wconf 88' lang='lat' dir='ltr'>morem</span> <span class='ocrx_word' id='word_1_583' title='bbox 1986 4886 2064 4962; x_wconf 67' lang='lat' dir='ltr'>feeit,</span> <span class='ocrx_word' id='word_1_584' title='bbox 2093 4888 2176 4950; x_wconf 83' lang='lat' dir='ltr'>velet</span> <span class='ocrx_word' id='word_1_585' title='bbox 2195 4885 2238 4947; x_wconf 88' lang='lat' dir='ltr'>sti·</span> 
     </span>
     <span class='ocr_line' id='line_1_43' title="bbox 416 4992 2237 5076; baseline 0.001 -24"><span class='ocrx_word' id='word_1_586' title='bbox 416 5011 548 5069; x_wconf 81' lang='grc' dir='ltr'><strong><em>σαντος,</em></strong></span> <span class='ocrx_word' id='word_1_587' title='bbox 586 4993 727 5073; x_wconf 82' lang='grc' dir='ltr'><strong><em>ἐρρωται</em></strong></span> <span class='ocrx_word' id='word_1_588' title='bbox 767 4993 786 5068; x_wconf 86' lang='grc' dir='ltr'><em>ὴ</em></span> <span class='ocrx_word' id='word_1_589' title='bbox 825 4993 1035 5073; x_wconf 84' lang='grc' dir='ltr'><strong><em>ἐπερώτησις·</em></strong></span> <span class='ocrx_word' id='word_1_590' title='bbox 1073 4994 1107 5076; x_wconf 78' lang='grc' dir='ltr'>ἐξ</span> <span class='ocrx_word' id='word_1_591' title='bbox 1139 4996 1252 5075; x_wconf 82' lang='grc' dir='ltr'><strong><em>ἐτέρας</em></strong></span> <span class='ocrx_word' id='word_1_592' title='bbox 1284 4993 1318 5056; x_wconf 93' lang='grc' dir='ltr'><strong><em>δέ</em></strong></span> <span class='ocrx_word' id='word_1_593' title='bbox 1345 4992 1476 5073; x_wconf 87' lang='lat' dir='ltr'>puletio:</span> <span class='ocrx_word' id='word_1_594' title='bbox 1500 5012 1539 5053; x_wconf 88' lang='lat' dir='ltr'>ex</span> <span class='ocrx_word' id='word_1_595' title='bbox 1561 4993 1623 5054; x_wconf 91' lang='lat' dir='ltr'>elie</span> <span class='ocrx_word' id='word_1_596' title='bbox 1644 5012 1716 5054; x_wconf 86' lang='lat' dir='ltr'>vero</span> <span class='ocrx_word' id='word_1_597' title='bbox 1738 5011 1831 5055; x_wconf 88' lang='lat' dir='ltr'>oense</span> <span class='ocrx_word' id='word_1_598' title='bbox 1853 4992 2001 5055; x_wconf 86' lang='lat' dir='ltr'>inutiliter</span> <span class='ocrx_word' id='word_1_599' title='bbox 2022 4993 2153 5074; x_wconf 88' lang='lat' dir='ltr'>stipulor</span> <span class='ocrx_word' id='word_1_600' title='bbox 2177 5012 2237 5055; x_wconf 91' lang='lat' dir='ltr'>eum</span> 
     </span>
     <span class='ocr_line' id='line_1_44' title="bbox 415 5096 2237 5183; baseline -0.002 -24"><span class='ocrx_word' id='word_1_601' title='bbox 415 5096 526 5169; x_wconf 77' lang='grc' dir='ltr'><strong><em>αἰτίας</em></strong></span> <span class='ocrx_word' id='word_1_602' title='bbox 544 5096 731 5179; x_wconf 79' lang='grc' dir='ltr'><strong><em>ἀνισχύρως</em></strong></span> <span class='ocrx_word' id='word_1_603' title='bbox 746 5102 896 5181; x_wconf 84' lang='grc' dir='ltr'><strong><em>ἐπερωτῶ</em></strong></span> <span class='ocrx_word' id='word_1_604' title='bbox 915 5097 976 5162; x_wconf 84' lang='grc' dir='ltr'><strong><em>τὸν</em></strong></span> <span class='ocrx_word' id='word_1_605' title='bbox 991 5100 1232 5176; x_wconf 88' lang='grc' dir='ltr'><strong><em>τελευτήσαντα</em></strong></span> <span class='ocrx_word' id='word_1_606' title='bbox 1247 5100 1317 5177; x_wconf 85' lang='grc' dir='ltr'>ήδη.</span> <span class='ocrx_word' id='word_1_607' title='bbox 1347 5098 1440 5183; x_wconf 88' lang='lat' dir='ltr'>[deri]</span> <span class='ocrx_word' id='word_1_608' title='bbox 1465 5099 1517 5180; x_wconf 89' lang='lat' dir='ltr'>qui</span> <span class='ocrx_word' id='word_1_609' title='bbox 1539 5100 1600 5161; x_wconf 92' lang='lat' dir='ltr'>iem</span> <span class='ocrx_word' id='word_1_610' title='bbox 1622 5109 1759 5161; x_wconf 88' lang='lat' dir='ltr'>mortuus</span> <span class='ocrx_word' id='word_1_611' title='bbox 1781 5108 1835 5161; x_wconf 87' lang='lat' dir='ltr'>est</span> <span class='ocrx_word' id='word_1_612' title='bbox 2061 5099 2097 5161; x_wconf 82' lang='lat' dir='ltr'>fr.</span> <span class='ocrx_word' id='word_1_613' title='bbox 2115 5103 2166 5163; x_wconf 89' lang='grc'>83.</span> <span class='ocrx_word' id='word_1_614' title='bbox 2182 5106 2197 5176; x_wconf 93' lang='lat'><strong>5</strong></span> <span class='ocrx_word' id='word_1_615' title='bbox 2213 5101 2237 5158; x_wconf 94' lang='grc'>7.</span> 
     </span>
    </p>

    <p class='ocr_par' dir='ltr' id='par_1_26' title="bbox 1133 5207 1317 5285">
     <span class='ocr_line' id='line_1_45' title="bbox 1133 5207 1317 5285; baseline 0.005 -16"><span class='ocrx_word' id='word_1_616' title='bbox 1133 5207 1169 5270; x_wconf 75' lang='lat' dir='ltr'>rr.</span> <span class='ocrx_word' id='word_1_617' title='bbox 1187 5212 1237 5271; x_wconf 81' lang='lat' dir='ltr'>ee.</span> <span class='ocrx_word' id='word_1_618' title='bbox 1255 5215 1270 5285; x_wconf 75' lang='grc' dir='ltr'><strong><em>ς</em></strong></span> <span class='ocrx_word' id='word_1_619' title='bbox 1290 5212 1317 5270; x_wconf 81' lang='lat'>7.</span> 
     </span>
    </p>

    <p class='ocr_par' dir='ltr' id='par_1_27' title="bbox 479 5308 2237 5396">
     <span class='ocr_line' id='line_1_46' title="bbox 479 5308 2237 5396; baseline 0.001 -23"><span class='ocrx_word' id='word_1_620' title='bbox 479 5308 512 5374; x_wconf 83' lang='lat'>‘0</span> <span class='ocrx_word' id='word_1_621' title='bbox 535 5309 655 5387; x_wconf 83' lang='grc' dir='ltr'><strong><em>δούλην</em></strong></span> <span class='ocrx_word' id='word_1_622' title='bbox 677 5314 794 5391; x_wconf 75' lang='grc' dir='ltr'><strong><em>ἐμκυον</em></strong></span> <span class='ocrx_word' id='word_1_623' title='bbox 817 5312 988 5393; x_wconf 76' lang='grc' dir='ltr'><strong><em>ὁμολογῶν</em></strong></span> <span class='ocrx_word' id='word_1_624' title='bbox 1015 5323 1183 5396; x_wconf 81' lang='grc' dir='ltr'><strong><em>παριστιῖν</em></strong></span> <span class='ocrx_word' id='word_1_625' title='bbox 1210 5316 1318 5389; x_wconf 90' lang='grc' dir='ltr'><strong><em>καλῶς</em></strong></span> <span class='ocrx_word' id='word_1_626' title='bbox 1412 5312 1476 5389; x_wconf 80' lang='lat' dir='ltr'>Qui</span> <span class='ocrx_word' id='word_1_627' title='bbox 1498 5313 1641 5376; x_wconf 86' lang='lat' dir='ltr'>euoillem</span> <span class='ocrx_word' id='word_1_628' title='bbox 1656 5322 1852 5394; x_wconf 78' lang='lat' dir='ltr'>preegnetem</span> <span class='ocrx_word' id='word_1_629' title='bbox 1866 5313 2017 5394; x_wconf 90' lang='lat' dir='ltr'>promittit</span> <span class='ocrx_word' id='word_1_630' title='bbox 2031 5314 2145 5388; x_wconf 82' lang='lat' dir='ltr'>sistere,</span> <span class='ocrx_word' id='word_1_631' title='bbox 2166 5320 2237 5375; x_wconf 83' lang='lat' dir='ltr'>reete</span> 
     </span>
    </p>

    <p class='ocr_par' dir='ltr' id='par_1_28' title="bbox 416 5415 2235 5605">
     <span class='ocr_line' id='line_1_47' title="bbox 416 5415 2235 5503; baseline -0.001 -23"><span class='ocrx_word' id='word_1_632' title='bbox 416 5415 520 5494; x_wconf 86' lang='grc' dir='ltr'><strong><em>αὐτήν</em></strong></span> <span class='ocrx_word' id='word_1_633' title='bbox 542 5415 599 5480; x_wconf 82' lang='grc' dir='ltr'>καλ</span> <span class='ocrx_word' id='word_1_634' title='bbox 619 5415 724 5499; x_wconf 78' lang='grc' dir='ltr'><strong><em>χωρίς</em></strong></span> <span class='ocrx_word' id='word_1_635' title='bbox 746 5427 808 5481; x_wconf 89' lang='grc' dir='ltr'><strong><em>τοῦ</em></strong></span> <span class='ocrx_word' id='word_1_636' title='bbox 830 5428 968 5483; x_wconf 84' lang='grc' dir='ltr'><strong><em>τοκετοῦ</em></strong></span> <span class='ocrx_word' id='word_1_637' title='bbox 990 5420 1200 5503; x_wconf 87' lang='grc' dir='ltr'><strong><em>παρίστησιν.</em></strong></span> <span class='ocrx_word' id='word_1_638' title='bbox 1345 5439 1413 5480; x_wconf 86' lang='lat' dir='ltr'>eum</span> <span class='ocrx_word' id='word_1_639' title='bbox 1435 5429 1466 5481; x_wconf 87' lang='lat' dir='ltr'>et</span> <span class='ocrx_word' id='word_1_640' title='bbox 1488 5420 1554 5482; x_wconf 88' lang='lat' dir='ltr'>sine</span> <span class='ocrx_word' id='word_1_641' title='bbox 1576 5430 1667 5500; x_wconf 86' lang='lat' dir='ltr'>purtu</span> <span class='ocrx_word' id='word_1_642' title='bbox 1689 5420 1777 5482; x_wconf 86' lang='lat' dir='ltr'>sistit</span> <span class='ocrx_word' id='word_1_643' title='bbox 2062 5419 2098 5481; x_wconf 89' lang='grc'>6.</span> <span class='ocrx_word' id='word_1_644' title='bbox 2116 5423 2165 5483; x_wconf 89' lang='grc'>83.</span> <span class='ocrx_word' id='word_1_645' title='bbox 2181 5425 2196 5495; x_wconf 88' lang='lat'><strong>5</strong></span> <span class='ocrx_word' id='word_1_646' title='bbox 2211 5422 2235 5479; x_wconf 83' lang='lat'>8.</span> 
     </span>
     <span class='ocr_line' id='line_1_48' title="bbox 1133 5527 1317 5605; baseline 0.005 -16"><span class='ocrx_word' id='word_1_647' title='bbox 1133 5527 1169 5590; x_wconf 75' lang='lat' dir='ltr'>rr.</span> <span class='ocrx_word' id='word_1_648' title='bbox 1186 5533 1237 5591; x_wconf 86' lang='lat'>83.</span> <span class='ocrx_word' id='word_1_649' title='bbox 1254 5535 1270 5605; x_wconf 72' lang='grc' dir='ltr'><strong><em>ς</em></strong></span> <span class='ocrx_word' id='word_1_650' title='bbox 1289 5532 1317 5590; x_wconf 87' lang='lat' dir='ltr'>s.</span> 
     </span>
    </p>

    <p class='ocr_par' dir='ltr' id='par_1_29' title="bbox 479 5629 2235 5717">
     <span class='ocr_line' id='line_1_49' title="bbox 479 5629 2235 5717; baseline 0.001 -25"><span class='ocrx_word' id='word_1_651' title='bbox 479 5630 684 5715; x_wconf 82' lang='grc' dir='ltr'><strong><em>Ἐρρωμένως</em></strong></span> <span class='ocrx_word' id='word_1_652' title='bbox 706 5629 786 5713; x_wconf 76' lang='grc' dir='ltr'><strong><em>γυνή</em></strong></span> <span class='ocrx_word' id='word_1_653' title='bbox 810 5630 869 5696; x_wconf 83' lang='grc' dir='ltr'><strong><em>τὸν</em></strong></span> <span class='ocrx_word' id='word_1_654' title='bbox 892 5632 1000 5715; x_wconf 88' lang='grc' dir='ltr'><strong><em>ἀνδρα</em></strong></span> <span class='ocrx_word' id='word_1_655' title='bbox 1027 5632 1143 5711; x_wconf 83' lang='grc' dir='ltr'><strong><em>ποινήν</em></strong></span> <span class='ocrx_word' id='word_1_656' title='bbox 1170 5638 1319 5717; x_wconf 81' lang='grc' dir='ltr'><strong><em>ἐπερωτᾷ</em></strong></span> <span class='ocrx_word' id='word_1_657' title='bbox 1411 5633 1537 5698; x_wconf 89' lang='lat' dir='ltr'>Utiliter</span> <span class='ocrx_word' id='word_1_658' title='bbox 1559 5655 1636 5696; x_wconf 85' lang='lat' dir='ltr'>uxor</span> <span class='ocrx_word' id='word_1_659' title='bbox 1658 5654 1678 5695; x_wconf 97' lang='lat' dir='ltr'>e</span> <span class='ocrx_word' id='word_1_660' title='bbox 1700 5635 1765 5697; x_wconf 89' lang='lat' dir='ltr'>viro</span> <span class='ocrx_word' id='word_1_661' title='bbox 1792 5655 1920 5716; x_wconf 83' lang='lat' dir='ltr'>poenum</span> <span class='ocrx_word' id='word_1_662' title='bbox 1944 5633 2108 5715; x_wconf 87' lang='lat' dir='ltr'>stipuletur</span> <span class='ocrx_word' id='word_1_663' title='bbox 2130 5636 2154 5695; x_wconf 90' lang='lat' dir='ltr'>ei</span> <span class='ocrx_word' id='word_1_664' title='bbox 2175 5653 2235 5695; x_wconf 90' lang='lat' dir='ltr'>oon·</span> 
     </span>
    </p>

    <p class='ocr_par' dir='ltr' id='par_1_30' title="bbox 415 5735 2234 5825">
     <span class='ocr_line' id='line_1_50' title="bbox 415 5735 2234 5825; baseline -0.001 -26"><span class='ocrx_word' id='word_1_665' title='bbox 415 5735 472 5800; x_wconf 86' lang='grc' dir='ltr'>ἐάν</span> <span class='ocrx_word' id='word_1_666' title='bbox 486 5739 725 5825; x_wconf 78' lang='grc' dir='ltr'><strong><em>συγκοιτασθῇ</em></strong></span> <span class='ocrx_word' id='word_1_667' title='bbox 736 5742 776 5825; x_wconf 83' lang='grc' dir='ltr'><strong><em>τῇ</em></strong></span> <span class='ocrx_word' id='word_1_668' title='bbox 791 5738 967 5802; x_wconf 89' lang='grc' dir='ltr'><strong><em>παλλακίδι</em></strong></span> <span class='ocrx_word' id='word_1_669' title='bbox 984 5741 1096 5804; x_wconf 82' lang='grc' dir='ltr'><strong><em>αὐτοῦ.</em></strong></span> <span class='ocrx_word' id='word_1_670' title='bbox 1128 5741 1316 5819; x_wconf 85' lang='lat' dir='ltr'><strong>fr.121.51.</strong></span> <span class='ocrx_word' id='word_1_671' title='bbox 1345 5741 1482 5804; x_wconf 87' lang='lat' dir='ltr'>cubuerit</span> <span class='ocrx_word' id='word_1_672' title='bbox 1504 5741 1691 5804; x_wconf 88' lang='lat' dir='ltr'>ooneubinee</span> <span class='ocrx_word' id='word_1_673' title='bbox 1713 5761 1795 5803; x_wconf 87' lang='lat' dir='ltr'>euee.</span> <span class='ocrx_word' id='word_1_674' title='bbox 2039 5740 2074 5801; x_wconf 94' lang='grc'>6.</span> <span class='ocrx_word' id='word_1_675' title='bbox 2093 5744 2163 5803; x_wconf 87' lang='lat'><strong>121.</strong></span> <span class='ocrx_word' id='word_1_676' title='bbox 2180 5745 2194 5816; x_wconf 87' lang='lat'><strong>5</strong></span> <span class='ocrx_word' id='word_1_677' title='bbox 2212 5741 2234 5797; x_wconf 92' lang='lat' dir='ltr'>l.</span> 
     </span>
    </p>
   </div>
   <div class='ocr_carea' id='block_1_3' title="bbox 414 5879 1316 6037">
    <p class='ocr_par' dir='ltr' id='par_1_31' title="bbox 414 5879 1316 6037">
     <span class='ocr_line' id='line_1_51' title="bbox 486 5879 1316 5953; baseline 0.005 -21"><span class='ocrx_word' id='word_1_678' title='bbox 486 5879 640 5950; x_wconf 63' lang='lat' dir='ltr'>’Hucuse</span> <span class='ocrx_word' id='word_1_679' title='bbox 660 5896 693 5934; x_wconf 86' lang='lat' dir='ltr'>ex</span> <span class='ocrx_word' id='word_1_680' title='bbox 716 5879 830 5934; x_wconf 84' lang='lat' dir='ltr'>scholiis</span> <span class='ocrx_word' id='word_1_681' title='bbox 853 5880 939 5934; x_wconf 86' lang='lat' dir='ltr'>Besil.</span> <span class='ocrx_word' id='word_1_682' title='bbox 964 5881 994 5934; x_wconf 81' lang='lat' dir='ltr'>F.</span> <span class='ocrx_word' id='word_1_683' title='bbox 1014 5881 1070 5936; x_wconf 89' lang='lat' dir='ltr'>Hb.</span> <span class='ocrx_word' id='word_1_684' title='bbox 1161 5882 1316 5953; x_wconf 61' lang='grc' dir='ltr'>2Ηιιειιιεο.</span> 
     </span>
     <span class='ocr_line' id='line_1_52' title="bbox 414 5966 1023 6037; baseline 0.005 -16"><span class='ocrx_word' id='word_1_685' title='bbox 414 5966 488 6021; x_wconf 86' lang='lat' dir='ltr'>Buls.</span> <span class='ocrx_word' id='word_1_686' title='bbox 508 5969 544 6022; x_wconf 86' lang='lat' dir='ltr'>ed</span> <span class='ocrx_word' id='word_1_687' title='bbox 564 5969 675 6022; x_wconf 79' lang='lat' dir='ltr'>Nomou.</span> <span class='ocrx_word' id='word_1_688' title='bbox 695 5973 720 6036; x_wconf 80' lang='lat'>2,</span> <span class='ocrx_word' id='word_1_689' title='bbox 741 5974 753 6022; x_wconf 93' lang='lat'><strong>1</strong></span> <span class='ocrx_word' id='word_1_690' title='bbox 775 5969 876 6036; x_wconf 77' lang='lat' dir='ltr'>(Voell.</span> <span class='ocrx_word' id='word_1_691' title='bbox 895 5970 933 6036; x_wconf 89' lang='grc' dir='ltr'>ΙΙ,</span> <span class='ocrx_word' id='word_1_692' title='bbox 953 5975 1023 6037; x_wconf 88' lang='grc'><strong>877).</strong></span> 
     </span>
    </p>
   </div>
   <div class='ocr_carea' id='block_1_4' title="bbox 0 0 2426 7018">
    <p class='ocr_par' dir='ltr' id='par_1_32' title="bbox 0 0 2426 7018">
     <span class='ocr_line' id='line_1_53' title="bbox 0 0 2426 7018; baseline 0 0"><span class='ocrx_word' id='word_1_693' title='bbox 0 0 2426 7018; x_wconf 95' lang='lat' dir='ltr'> </span> 
     </span>
    </p>
   </div>
  </div>
 </body>
</html>
