4842 7018
248 1095 295 1164 sol.
309 1098 363 1149 ἐν’.

328 1442 363 1496 α’.

337 4220 366 4283 ζ’.

322 5185 367 5249 ιζ.

648 1092 778 1146 ειειιιοιι
797 1093 867 1161 αι’,
885 1091 1005 1146 τιτλε(
1024 1092 1055 1145 ι’
1552 1093 1667 1149 urens
1684 1094 1796 1163 xum,
1817 1093 1985 1152 nunnus
2002 1095 2018 1150 1

427 1221 490 1290 περί
508 1216 697 1291 ε’περωτὴσεων
715 1217 768 1279 ἔξω
787 1214 957 1289 δικαστηρίου
975 1217 1127 1290 μινομόνων
1145 1220 1189 1270 καί
1206 1221 1269 1291 περί
1342 1217 1377 1272 de
1395 1218 1622 1290 stipulationibus
1641 1224 1719 1273 entia
1736 1220 1871 1274 iudicium
1888 1218 1971 1275 iactis
1989 1225 2019 1275 et
2036 1219 2071 1275 dc
2089 1219 2184 1274 multis
2202 1236 2218 1273 a

619 1308 776 1380 προστίμων
795 1308 847 1359 τῶν
865 1306 920 1359 ἀπὸ
939 1304 1081 1380 ἀρχόντων.
1600 1308 1809 1380 magistratibus
1827 1310 1963 1380 irrogatis.

465 1432 680 1516 Ἐπερώτησις
708 1431 747 1495 οὐ
775 1432 984 1513 συνίσταται,
1017 1435 1044 1495 εἰ
1074 1429 1118 1513 μὴ
1146 1434 1304 1516 ἐκατέρου
1397 1431 1561 1514 Stipulatio
1589 1456 1650 1497 non
1677 1437 1822 1510 consistit,
1849 1437 1906 1498 nisi
1934 1445 2063 1517 utroque
2083 1435 2231 1517 loquente,

399 1539 589 1618 λαλοῦντος,
618 1536 704 1603 ὅθεν
732 1538 807 1602 οὔτε
836 1535 951 1626 κωφός
979 1539 1055 1602 οὕτε
1081 1538 1205 1612 ἀλαλος
1229 1540 1304 1602 οὔτε
1331 1560 1425 1620 quare
1447 1561 1543 1622 neque
1570 1542 1679 1604 surdus
1705 1562 1801 1624 neque
1828 1551 1931 1604 mutus
1957 1563 2057 1624 neque
2083 1544 2232 1623 septennis

399 1643 556 1724 ἐπταετίης
580 1646 655 1709 οὔτε
679 1646 698 1708 ό
721 1643 816 1709 ἀπών
839 1650 1007 1730 ἐπερωτᾶν
1032 1643 1182 1725 δύναται,
1211 1649 1238 1707 εί
1260 1644 1303 1725 μὴ
1330 1667 1427 1728 neque
1450 1647 1559 1709 absens
1582 1649 1721 1729 stipulari
1743 1657 1853 1731 potest,
1876 1649 1933 1710 nisi
1956 1670 2012 1731 per
2025 1669 2127 1711 servos
2150 1669 2232 1730 prae·

399 1748 456 1816 διά
480 1751 607 1815 δούλων
629 1754 807 1837 παρόντων
832 1751 890 1816 καί
918 1755 937 1815 ό
966 1752 1077 1815 θέλων
1099 1755 1133 1815 ἐν
1156 1753 1305 1832 ἀπουσίᾳ
1331 1764 1438 1816 sentes.
1483 1753 1526 1816 Et
1548 1755 1601 1835 qui
1617 1755 1684 1818 vult
1706 1756 1738 1816 in
1753 1756 1890 1818 absentia
1906 1755 2033 1837 obligari
2048 1755 2134 1818 iubet
2148 1776 2232 1817 servo

399 1859 557 1940 γίνεσθαι
581 1863 709 1938 ἐνοχοςε
726 1896 769 1905 -
999 1860 1035 1921 fr.
1054 1864 1070 1920 1
1088 1880 1132 1941 pr.
1148 1858 1188 1922 D.
1204 1862 1256 1935 45,
1276 1863 1302 1920 1.
1331 1869 1361 1922 et
1383 1870 1503 1924 tenetur
1525 1870 1630 1943 utpote
1653 1862 1705 1942 qui
1727 1863 1831 1925 iussit:
1849 1898 1891 1909 —
1932 1863 1967 1925 fr.
1986 1865 2002 1923 1
2020 1883 2065 1944 pr.
2081 1863 2121 1924 D.
2137 1865 2191 1937 45,
2208 1865 2232 1922 1.

466 1965 596 2030 Κελεύει
612 1970 659 2047 τῷ
675 1965 782 2047 δούλῳ
797 1964 854 2029 καί
870 1969 1012 2043 ἐνέχεται
1030 1964 1250 2040 ώςκελεόσαςι
1262 2003 1302 2013 -

1156 2074 1192 2136 fr.
1211 2077 1226 2134 1
1244 2070 1304 2155 pr.l

464 2177 539 2243 Ἐάν
554 2180 573 2242 ό
589 2180 799 2264 ἐπερωτήσας
814 2178 950 2242 διπλοῦν
965 2180 1139 2261 ἀποθάνη,
1163 2184 1304 2253 ἕκαστος
1399 2180 1433 2243 si
1455 2181 1481 2242 is
1500 2181 1552 2261 qui
1567 2180 1693 2262 duplam
1709 2181 1872 2262 stipulatus
1888 2192 1935 2245 est
1949 2181 2120 2256 decesserit,
2143 2201 2233 2242 unus-

400 2297 468 2350 τῶν
490 2286 596 2350 αὐτοῦ
616 2286 831 2371 κληρονόμων
855 2282 938 2370 πρδς
960 2282 1000 2348 τό
1024 2285 1110 2349 ίδιον
1127 2290 1225 2371 μέρος
1240 2289 1304 2364 ἔχει
1332 2287 1458 2369 quisque
1473 2309 1510 2350 ex
1525 2286 1686 2350 heredibus
1701 2289 1767 2349 eius
1782 2310 1836 2370 pro
1855 2298 1942 2370 parte
1963 2309 2019 2351 sua
2034 2288 2130 2351 habet
2145 2289 2234 2350 aetio

400 2391 461 2472 τίηυ
483 2394 692 2479 ἐπερώτησιν.
731 2401 840 2456 ταῦτα
858 2390 917 2457 καί
935 2390 985 2456 ἐπί
1007 2403 1064 2469 τῆς
1085 2403 1153 2456 τῶν
1167 2404 1306 2479 καρπῶν
1332 2415 1400 2456 nem
1423 2415 1463 2456 ex
1490 2394 1647 2476 stipulatu.
1692 2395 1768 2456 haee
1795 2395 1977 2477 (servantur)
2004 2405 2034 2458 et
2061 2396 2093 2456 in
2117 2395 2235 2458 actione

401 2502 533 2581 ἀγωγῆς
554 2497 612 2563 καί
636 2510 694 2576 της
717 2497 788 2582 περί
816 2497 995 2580 μελλούσης
1023 2501 1139 2580 ζημίας
1166 2499 1304 2577 καὶτῆς
1332 2521 1369 2562 ex
1396 2500 1590 2582 stipulatione
1620 2500 1788 2563 fi'uctuaris
1819 2510 1850 2564 et
1877 2502 1981 2564 damni
2007 2502 2111 2564 infecti
2142 2509 2236 2563 etex

401 2606 473 2691 περί
511 2607 736 2687 καινοτομίας.
797 2602 886 2669 αὐτὰ
916 2608 1027 2688 μέντοι
1061 2608 1303 2692 ἐπερωτώμενοι
1332 2608 1430 2688 operis
1453 2609 1525 2670 novi
1542 2608 1740 2669 nuntiatione.
1777 2607 1841 2686 Qui
1856 2628 1927 2670 vero
1946 2608 2021 2670 haec
2035 2609 2237 2690 promiserunt

402 2715 477 2778 οὔτε
509 2713 754 2777 ἀποκαθιστᾶν
786 2716 822 2775 ἐκ
848 2716 967 2797 μέρους
994 2711 1055 2790 τὴν
1086 2715 1305 2795 καινοτομίαν
1332 2735 1428 2795 neque
1460 2735 1537 2796 opus
1564 2735 1619 2795 pro
1645 2724 1733 2795 parte
1758 2714 1916 2777 restituere
1943 2735 2041 2796 neque
2068 2735 2123 2795 pro
2151 2726 2236 2797 parte

401 2822 476 2884 οὔτε
493 2819 735 2884 διεκδικεῖσθαι
752 2817 892 2882 δύναται
908 2822 942 2882 ἐν
956 2822 1057 2903 με’ρειε
1075 2857 1116 2867 -
1155 2821 1190 2882 ir.
1200 2824 1230 2882 4.
1248 2824 1304 2897 52.
1331 2820 1452 2883 defendi
1473 2831 1608 2901 possunt
2075 2821 2111 2884 fr.
2127 2824 2158 2884 4.
2176 2828 2193 2899 5
2210 2824 2235 2882 2.

465 2926 681 3012 Έπερώτησίς
708 2930 778 2989 ἐστι
807 2926 963 3002 συνθήκη
991 2925 1162 3009 ῥημάτων,
1191 2926 1233 2990 δι’
1259 2923 1305 2990 ὧν
1398 2927 1561 3008 Stipulatio
1583 2936 1631 2990 est
1652 2929 1806 3009 conceptio
1829 2928 1998 3003 verborum,
2021 2948 2078 3009 per
2092 2948 2174 3009 quae
2195 2948 2236 2989 re·

401 3034 623 3119 άποπρίνεταί
643 3054 693 3107 τις
716 3031 800 3117 πρὸς
821 3030 883 3109 τὴν
904 3033 1138 3117 ἐ[πε]ρώτησιν
1153 3042 1257 3097 ποιεῖν
1272 3057 1303 3096 τι
1332 3033 1461 3116 spondet
1483 3034 1593 3114 aliquis
1609 3034 1650 3096 ad
1664 3035 1926 3116 interrogationem
1950 3034 2081 3097 faciendi
2100 3035 2178 3115 quid
2191 3034 2237 3096 vel

401 3142 421 3219 b
437 3137 590 3205 διδόναι.Ι
613 3151 681 3203 τῶν
695 3139 925 3225 ἐπερωτήσεων
940 3141 960 3216 ἡ
974 3140 1033 3222 μὲν
1048 3144 1235 3217 ἐνοχοποιεῖ
1245 3137 1306 3202 τδν
1332 3141 1434 3203 dandi
1473 3140 1702 3221 stipulationum
1726 3141 1823 3203 altera
1845 3140 1962 3222 obligat
1975 3142 2191 3222 promissorem
2205 3152 2238 3202 ut

401 3247 643 3330 ὁμολογοῦντα,
672 3244 751 3321 ώςτε
777 3243 836 3309 καί
863 3246 983 3320 ἀλλους
1010 3246 1124 3310 δοῦναι
1153 3243 1192 3310 τδ
1221 3244 1305 3311 αὐτὸ
1334 3247 1408 3310 alios
1435 3247 1488 3309 det
1514 3247 1567 3328 qui
1589 3247 1669 3310 idem
1693 3248 1919 3329 adpromittant,
1948 3269 2024 3330 quos
2046 3247 2122 3311 velit
2144 3249 2237 3329 stipu-

401 3352 751 3439 προσομολογούντας,
779 3349 836 3427 οὓς
859 3353 951 3416 θέλει
975 3355 994 3416 ό
1021 3358 1201 3439 ἐπερωτῶν,
1228 3356 1247 3430 ὴ
1271 3352 1305 3416 δέ
1332 3353 1420 3428 lator,
1443 3354 1540 3416 ultera
1561 3354 1710 3416 satisfacit
1731 3356 1759 3417 ei
1781 3355 1834 3435 qui
1857 3355 1975 3436 accipit
2030 3354 2066 3418 ir.
2083 3359 2113 3417 5.
2130 3361 2147 3432 ξ
2166 3358 2195 3417 1.
2210 3357 2236 3416 2.

401 3470 490 3526 ποιεῖ
507 3457 548 3524 τό
571 3462 717 3546 ἀρέσκον
739 3463 786 3541 τῷ
808 3457 1040 3543 λαμβάνοντι.8
1098 3460 1134 3523 ir.
1150 3464 1178 3522 b.
1197 3466 1213 3537 g
1232 3465 1259 3522 1.
1277 3462 1305 3523 2.

469 3563 860 3631 SATISACOEPTION⁴
882 3565 973 3630 ἐστίν
996 3568 1194 3651 ἐπερώτησις
1209 3569 1228 3643 ἡ
1245 3570 1306 3630 ἐνε-
1400 3566 1482 3630 Satis
1505 3568 1641 3648 acceptio
1670 3577 1718 3630 est
1745 3567 1902 3648 stipulatio
1925 3588 2004 3649 quae
2025 3570 2237 3651 promissorem

398 3676 596 3760 χυράζουσα
627 3669 688 3736 τδυ
720 3673 950 3756 ὁμολογοῦντα
987 3671 1067 3747 ώςτε
1098 3672 1156 3737 καί
1186 3673 1306 3746 ἄλλους
1333 3673 1457 3753 obligat,
1489 3684 1524 3736 ut
1549 3683 1580 3736 et
1602 3674 1677 3736 alios
1704 3674 1756 3737 det
1778 3675 2027 3756 adpromissores;
2059 3676 2237 3738 sicutenim

402 3782 518 3846 δοῦναι
544 3778 584 3845 τδ
614 3777 697 3844 αὐτὸ
727 3780 1078 3865 προσομολογούντας·
1106 3779 1210 3864 ὥςπερ
1238 3776 1304 3864 γάρ
1333 3781 1523 3843 satisfactum
1545 3782 1673 3844 dicimus
1700 3783 1728 3843 ei
1750 3784 1802 3863 qui
1824 3783 1856 3845 id
1878 3782 1999 3864 accipit,
2026 3803 2086 3864 quo
2109 3783 2150 3844 sit
2172 3803 2237 3845 con-

402 3886 698 3951 SATISFAOE'ON
725 3887 859 3969 λέγομεν
894 3890 941 3968 τῷ
969 3888 1160 3971 άρεσαμέυιρ
1192 3885 1306 3971 λαβεῖν
1332 3895 1442 3963 tentus,
1464 3888 1509 3950 ita
1531 3889 1605 3951 eatis
1628 3898 1795 3969 acceptum,
1818 3910 1888 3952 oum
1903 3891 1930 3951 ei
1945 3890 2059 3951 dantur
2080 3909 2156 3970 quos
2172 3888 2236 3951 vult

401 4018 444 4075 τι,
472 3991 578 4068 οὕτως
604 3992 957 4058 SATISACOEPTON
990 3991 1029 4057 τδ
1061 3993 1175 4079 λαβεῖν
1202 3991 1306 4057 αὐτὸν
1333 3994 1535 4075 promissores.
2076 3995 2112 4057 fr.
2129 3998 2158 4057 δ.
2175 4001 2191 4072 5
2209 3997 2235 4056 3.

403 4098 460 4175 οὓς
484 4101 574 4164 θέλει
599 4103 879 4186 ἐπερωτωμένουςι
896 4138 938 4148 -
1144 4102 1180 4163 ir.
1197 4106 1226 4163 5.
1243 4107 1259 4179 ς
1277 4104 1305 4162 3.

468 4208 512 4271 ‘H
531 4205 696 4281 ἀδύνατος
719 4204 845 4291 αίρεσις
868 4210 912 4281 είς
933 4207 992 4289 μὲν
1014 4204 1208 4284 tinctorio
1231 4228 1306 4286 συγ-
1399 4207 1600 4288 Impossibilis
1622 4208 1757 4271 condicio
1779 4210 1811 4269 in
1833 4209 2005 4273 faciendum
2027 4209 2151 4290 quidem
2171 4229 2236 4270 con·

403 4318 530 4397 κειμένη
548 4315 673 4398 ἀκυροῖ
684 4310 744 4391 τὴν
759 4316 968 4397 ἐπερώτησιν,
992 4318 1036 4388 εἰς
1052 4314 1085 4377 δέ
1101 4311 1141 4377 τδ
1156 4311 1199 4395 μὴ
1215 4334 1306 4390 ποιη-
1333 4324 1422 4395 cepta
1444 4315 1669 4396 stipulationem
1685 4314 1817 4377 infirmat
1822 4337 1830 4390 ;
1853 4317 1884 4378 in
1899 4336 1961 4379 non
1979 4315 2153 4378 faciendum
2167 4335 2237 4378 vero

404 4420 463 4486 τδν
486 4423 548 4485 οὐκ
570 4423 698 4505 ἀκυροῖ.
736 4417 823 4484 ἀλλά
844 4419 901 4485 καί
921 4420 1027 4507 χωρίς
1045 4424 1201 4505 αἱρέσεως
1216 4418 1307 4484 ἐστίν
1334 4422 1503 4502 (concepta)
1525 4442 1586 4484 non
1607 4421 1752 4496 infirmat;
1774 4423 1867 4484 immo
1885 4443 1948 4484 non
1963 4432 2009 4485 est
2023 4420 2236 4485 condicionalis

403 4526 635 4614 ὡςότανείπη·
647 4524 909 4613 ἐάυμὴάψωμαι
920 4528 1148 4613 τοῦούρανοῦτ
1165 4565 1207 4574 -
1230 4527 1265 4589 fr.
1278 4532 1306 4590 7.
1333 4526 1520 4609 (stipulatio),
1530 4528 1556 4589 si
1566 4528 1736 4608 quisdicat:
1752 4528 1905 4592 sicaelnm
1916 4549 1978 4591 non
1988 4529 2125 4609 attigero.
2163 4528 2198 4589 fr.
2209 4531 2235 4590 7.

466 4634 498 4700 ‘0
521 4643 599 4708 παῖς
617 4642 679 4698 τοῦ
693 4634 908 4716 αἰχμαλώτου
922 4639 956 4698 ἐν
972 4634 1121 4713 πολιτεία
1135 4638 1307 4717 ἐπερωτῶν
1399 4633 1498 4696 Filius
1521 4634 1593 4709 eius,
1616 4636 1668 4715 qui
1691 4635 1731 4697 ab
1753 4635 1889 4698 hostibus
1912 4645 1959 4698 est
1976 4646 2094 4717 captus,
2117 4637 2144 4698 si
2165 4635 2235 4697 dum

402 4742 649 4828 ὑποστρέφοντι
660 4742 751 4823 αὐτῷ
761 4742 978 4828 προςπορίζει.
1004 4743 1204 4827 όέπερωτῶν
1214 4744 1307 4804 πέντε
1334 4742 1426 4802 estin
1441 4740 1563 4803 civitate
1578 4741 1749 4823 stipulatur,
1772 4742 1800 4804 ei
1815 4743 1978 4805 revertenti
1993 4742 2135 4823 adquirit
2176 4742 2236 4820 Qui

403 4860 501 4931 υομμ’
522 4846 542 4925 η
566 4846 646 4911 δέκα
668 4845 719 4911 ἐπί
742 4842 786 4910 τά
805 4851 898 4912 πέντε
912 4852 977 4926 ixa
993 4847 1054 4926 τὴν
1069 4846 1211 4929 ἀγωγὴν.
1248 4845 1306 4911 καὶ
1334 4846 1499 4928 stipulatur
1512 4849 1647 4930 quinque
1662 4869 1768 4910 aureos
1783 4849 1833 4912 vel
1848 4850 1962 4923 decem,
1985 4849 2122 4931 quinque
2137 4857 2235 4930 petere

403 4957 422 5018 ό
450 4956 622 5039 ἐπερωτῶν
644 4955 826 5039 ἐανουαρίιμ
850 4953 870 5031 ἣ
898 4954 1147 5042 φεβρουία)ρίιμ,
1179 4958 1226 5037 τῷ
1251 4975 1306 5040 φε-
1334 4963 1441 5035 potest
1486 4955 1530 5016 Et
1560 4956 1613 5035 qui
1644 4954 1808 5036 stipulatur
1833 4956 1971 5018 ianuario
1999 4955 2049 5019 vel
2080 4955 2235 5027 februario,

403 5061 597 5146 βρου(α)ρίιμ
621 5060 715 5125 δοκεῖ
732 5065 911 5145 ἐπερωτῶνι
928 5098 970 5109 -
1134 5063 1170 5125 fr.
1188 5066 1238 5124 11.
1257 5065 1306 5123 12.
1333 5061 1484 5124 februario
1507 5061 1645 5143 stipulari
1668 5062 1794 5124 videtur.
2067 5062 2235 5124 fr.11.12.

469 5166 543 5232 Ἐάν
562 5172 735 5254 χρεωστῇς
761 5190 818 5250 μοι
845 5171 967 5252 πέτρον
989 5168 1009 5246 ἢ
1031 5169 1159 5233 παῦλου
1180 5167 1264 5254 [καί]
1288 5170 1306 5231 ὸ
1400 5167 1434 5230 Si
1457 5168 1581 5230 Petrum
1605 5179 1636 5231 et
1651 5168 1783 5231 Paulum
1805 5169 1879 5230 mihi
1901 5169 2014 5231 debeas
2037 5169 2095 5253 [et]
2111 5170 2187 5232 alter
2200 5188 2235 5230 ex

404 5271 448 5349 είς
470 5275 505 5358 ἐξ
527 5277 641 5359 ἐτέρας
656 5275 767 5349 αίτιάς
782 5272 857 5356 ἐμός
879 5276 1014 5357 γίνεται,
1038 5274 1117 5359 (καί)
1132 5283 1306 5361 χρεωστεῖ-
1335 5275 1396 5336 alia
1418 5296 1511 5338 causa
1533 5296 1619 5337 meus
1641 5276 1702 5351 liat,
1725 5276 1802 5338 alter
1823 5276 1897 5337 mibi
1912 5276 2047 5338 debetur.
2085 5275 2120 5336 ir.
2139 5278 2178 5339 16
2193 5295 2234 5355 pr.

402 5384 463 5446 ταί
481 5404 539 5464 μοι
561 5385 580 5446 ό
604 5382 712 5455 ἄλλος.
1152 5383 1187 5445 fr.
1206 5386 1245 5444 16
1262 5403 1307 5463 pr.

476 5559 486 5591 ¹
505 5558 550 5613 Ita
567 5558 628 5613 cod.
666 5556 722 5613 Sed
740 5559 993 5629 interpungendum
1012 5564 1055 5614 est
1077 5563 1141 5630 post
1157 5556 1307 5631 παρόντων.

403 5645 447 5704 cf.
465 5647 582 5703 latinam
601 5650 755 5704 versionem
773 5664 882 5703 necnon
900 5648 1080 5720 Digestorum
1098 5652 1212 5703 textam

404 5737 558 5809 ‘nucum
571 5736 638 5809 Syn.
710 5737 817 5793 ⁸locus
835 5744 987 5808 corruptus.
1016 5736 1159 5803 Quaedam
1172 5737 1251 5791 initio
1264 5753 1307 5790 ex·

404 5827 538 5882 ciderunt
627 5825 692 5880 ‘In
718 5828 779 5881 cod.
808 5825 1097 5882 SATISAOERTlOr
1124 5826 1207 5893 (male
1234 5826 1307 5880 enim

403 5918 498 5988 graeci
515 5916 539 5970 P
557 5916 674 5971 latinum
693 5933 756 5971 cum
769 5936 785 5991 ρ
796 5932 896 5987 graeco
910 5915 1102 5983 confundunt).
1133 5913 1308 5987 Legendum:

403 6004 630 6077 sabsuoception.
