4842 7018
406 368 467 430 132
1022 358 1174 425 LIBER
1197 358 1282 425 LVI.
1326 356 1417 422 uir.
1440 355 1499 421 XI.
1521 355 1610 421 XIV.

326 553 366 616 ιζ.
467 542 513 606 ‘H
544 542 602 625 μὲν
639 543 787 625 προτέρα
824 538 976 623 διάταξις
1018 537 1090 623 περὶ
1132 536 1322 677 ἀρχόντων,
1400 537 1489 598 Prior
1515 537 1690 599 constitutio
1716 536 1755 597 de
1786 535 2011 616 magistratibus
2037 536 2213 617 loquebatur:

404 649 521 730 έλεχεν,
545 650 565 725 η
588 646 623 711 δέ
646 656 803 732 παροῆσα
824 645 995 723 καθολικῆ
1018 649 1088 709 εστι
1111 643 1168 709 καί
1192 643 1306 709 κωλόει
1333 663 1476 725 praesens
1509 653 1610 705 eutem
1641 642 1791 723 genereiis
1822 651 1869 704 est
1901 652 1933 704 et
1962 652 2049 706 vetet
2082 646 2215 708 neminen

404 754 529 838 μηδένα
560 756 651 818 ἀνων
678 758 713 817 έκ
744 763 812 816 τῶν
840 755 1082 840 εἰσφερομένων
1108 751 1128 829 λ)
1156 757 1200 826 είς
1227 752 1308 815 ἀπό·
1333 752 1457 814 Pf0¹⁸¹¹⁸
1484 766 1522 811 ex
1551 749 1611 824 his,
1638 768 1717 830 quus
1742 748 1839 811 iuists
1865 757 1938 810 sunt
1963 749 2013 811 vel
2039 750 2071 811 in
2097 749 2218 832 deposito

407 861 497 925 θετα
524 859 544 937 δ
571 864 615 935 είς
639 854 838 944 θησαυροὺς
863 861 1061 946 μεταφέρειν
1087 857 1106 935 t
1130 863 1174 932 είς
1195 862 1309 941 έτερον
1335 852 1417 915 vel
1407 872 1440 915 m
1462 854 1621 917 thesauros
1643 855 1803 917 nsmfens
1825 866 1923 936 neque
1944 855 1976 917 in
1995 856 2088 917 elium
2102 857 2219 935 titulum,

406 967 533 1047 τίτλον,
558 970 585 1028 εί
607 963 651 1048 μὴ
674 966 744 1049 ἄρα
761 964 907 1028 κέλευσεν
925 966 990 1051 ἀρη
1007 961 1182 1048 παρόντων
1197 965 1309 1028 αὐτων
1336 961 1394 1023 nisi
1408 961 1486 1024 forte
1508 961 1668 1045 iussionem
1687 962 1837 1042 occeperit
1854 961 2028 1025 sublimium
2043 971 2219 1045 potestatem

405 1074 569 1155 μεγίστων
591 1072 762 1155 έξουσιῶνε
779 1108 821 1119 -

653 1424 773 1478 struo(
793 1424 845 1493 ιε’,
864 1424 997 1478 euersor
1015 1425 1068 1489 εις
1550 1420 1717 1478 emotus
1734 1421 1812 1489 xlv,
1830 1421 1935 1476 emm
1953 1421 2019 1478 nvr

408 1531 428 1623 δ
448 1570 616 1643 ἀπογραφῶν
634 1569 686 1621 τῶν
705 1568 953 1641 ἀπογεγραμμένων
971 1570 1094 1639 καὶπερὶ
1114 1568 1165 1620 τῶν
1178 1565 1312 1627 ἐξισωτῶν
1375 1564 1410 1617 de
1428 1563 1558 1618 censibus
1577 1570 1605 1618 et
1623 1565 1658 1619 de
1676 1565 1790 1619 censitis
1808 1570 1837 1619 et
1854 1564 1890 1619 dc
1907 1565 2151 1637 persequutoribus
2166 1573 2193 1620 ct

762 1660 807 1709 καὶ
825 1655 955 1710 έποπεῶν.
1685 1653 1897 1724 inspectoribus.

357 1821 373 1872 ¹.
474 1808 507 1875 ‘0
538 1811 653 1891 ἄπορα
685 1810 797 1893 χωρία
827 1805 941 1893 λαβὼν
978 1805 1029 1871 ἐπί
1067 1807 1147 1893 δήλη
1184 1806 1314 1887 ἀτελείᾳ
1408 1806 1470 1883 Qui
1498 1806 1617 1868 deserte
1642 1806 1769 1888 praedic
1791 1808 1955 1888 susceperit
1985 1808 2043 1869 sub
2074 1815 2157 1870 certe
2184 1808 2229 1869 im·

410 1917 528 1999 έχχίιας
551 1918 720 1997 παρεχέτω
735 1913 875 1997 κινδόνφ
895 1924 962 1978 τῶν
978 1915 1161 1998 κτητόροον,
1185 1910 1236 1976 ότι
1254 1913 1314 1976 οὐκ
1343 1913 1501 1987 munitate,
1533 1914 1703 1976 cautionem
1730 1915 1877 1994 prsebeet
1909 1914 2043 1995 periculo
2075 1914 2229 1988 culiciium,

411 2024 600 2111 ἀφίσταται
625 2023 727 2101 ῆχουν
749 2021 941 2085 ἀποτιθέτω
964 2019 1068 2095 ἰδίους
1091 2017 1287 2103 ἀχροόςι-
1342 2041 1374 2081 so
1397 2041 1456 2082 non
1480 2019 1656 2082 ebfisturum
1679 2020 1727 2084 vel
1748 2020 1873 2103 praedia
1893 2020 2007 2100 obliget
2028 2041 2094 2083 suu

1053 2126 1314 2200 o...‚.3CX159
1986 2108 2231 2202 samolum.

360 2275 376 2326 ’.
483 2261 523 2326 ot
549 2262 715 2343 νεμόμενοι
740 2260 869 2337 εὐθαλῆ
891 2261 1001 2343 χωρία
1028 2259 1316 2337 ἀναδεχέσθωσαν
1408 2259 1472 2338 Qui
1494 2260 1650 2342 possident
1670 2260 1780 2323 fertilis
1801 2260 1957 2342 praedic
1948 2262 2077 2324 mvmem
2095 2261 2235 2342 accipient

412 2367 469 2433 καί
496 2365 541 2432 τὰ
568 2368 695 2451 ἄπορα·
728 2372 754 2430 εί
784 2366 818 2430 δέ
840 2365 883 2449 μὴ
906 2364 1108 2452 βούλωνται,
1136 2365 1316 2448 operosos
1343 2377 1374 2428 ot
1401 2366 1528 2440 sterilic3
1560 2367 1618 2428 nisi
1644 2367 1806 2442 voluerint,
1833 2377 1863 2430 et
1893 2367 2044 2430 fertilibus
2075 2368 2184 2430 cedent
2207 2376 2236 2429 ut

414 2473 471 2540 καί
494 2485 562 2538 τῶν
585 2474 751 2554 secutos,
775 2470 864 2547 ὅπως
886 2470 929 2536 ἀν
948 2473 1060 2536 πάντα
1078 2475 1111 2535 οἱ
1128 2472 1317 2557 κ[τ]ῆτορες
1344 2473 1447 2535 omnis
1467 2473 1601 2536 hebecnt
1622 2474 1759 2536 curielcs.

414 2585 531 2660 έχοιενε
549 2616 590 2628 -
1246 2601 1271 2641 o.
1289 2583 1317 2640 5.

363 2727 378 2779 '.
481 2711 732 2797 Όβουλόμενος
755 2711 861 2797 ἀχρδν
887 2716 1008 2798 έρημον
1035 2713 1231 2799 λαμβανέτω
1259 2721 1319 2776 τοῦ
1413 2713 1476 2790 Qui
1503 2712 1633 2776 voluerit
1658 2713 1785 2775 fundum
1813 2714 1974 2789 desertum,
2006 2715 2152 2796 accipiet,
2178 2735 2238 2776 oum

416 2822 580 2885 δεσπότου
601 2818 644 2902 μὴ
661 2823 863 2905 φαινομένου
885 2818 942 2883 καί
959 2820 1179 2907 φιλοκαλείτω
1203 2820 1319 2884 αὐτόν·
1347 2818 1486 2881 dominus
1510 2840 1571 2882 non
1586 2820 1674 2893 edsit,
1697 2829 1729 2881 et
1748 2820 1829 2883 colet
1848 2841 1929 2893 eum;
1952 2830 2088 2883 ceterum
2111 2821 2136 2883 si
2158 2841 2239 2903 eppe

415 2925 532 2992 λοιπόν
559 2927 593 2990 δὲ
621 2930 647 2989 εί
679 2929 818 3012 φανεῖό
843 2925 1016 3007 δεσπότης,
1049 2927 1190 3012 λήψεται
1215 2923 1321 3009 ἀχρδυ
1349 2926 1441 2988 ruerit
1476 2926 1629 3001 dominus,
1666 2928 1788 3008 recipiet
1818 2927 1947 2989 fundum
1978 2928 2060 2990 intre
2097 2928 2240 2990 biennium

417 3033 508 3109 έντδς
532 3032 654 3106 διετιάς
677 3029 788 3107 διδοὺς
810 3029 855 3098 τὰ
878 3032 1102 3115 δαπανήματα
1117 3045 1175 3111 τῆς
1189 3032 1321 3118 βελτιώ-
1348 3034 1469 3096 solvens
1490 3033 1644 3115 impensus
1666 3033 1892 3096 meliorationis:
1925 3034 1951 3096 si
1973 3055 2043 3097 vero
2065 3035 2243 3117 praeterierit

418 3163 513 3215 σεως·
541 3145 567 3203 sl
592 3140 625 3202 δὲ
648 3140 805 3226 παρέλθῃ
828 3139 941 3221 διετιά,
964 3138 1021 3205 καί
1046 3151 1104 3217 τῆς
1130 3139 1322 3214 δεσποτείας
1349 3140 1502 3201 biennium
1525 3149 1556 3201 et
1578 3140 1709 3203 dominio
1732 3149 1762 3203 et
1783 3142 1970 3222 possessione
1991 3142 2122 3204 decidet
2180 3162 2203 3204 c
2218 3143 2242 3203 8.

418 3246 476 3313 καὶ
499 3257 557 3324 τῆς
580 3257 681 3329 νομῆς
703 3252 898 3311 έκπεσεῖταιε
915 3283 957 3294 -
1251 3268 1276 3309 c.
1293 3251 1321 3309 8.

368 3393 383 3445 ‘.
484 3379 517 3445 Ὁ
532 3379 711 3464 λαμβάνων
726 3377 934 3457 ίδιοκτῆτους
949 3389 1010 3443 τοῦ
1024 3379 1187 3466 βασιλέως
1198 3377 1323 3464 ἀγροὺς
1417 3380 1479 3457 Qui
1517 3379 1627 3462 ccoipit
1658 3380 1884 3461 patrimoniales
1921 3382 2113 3463 imperatoris
2145 3382 2244 3444 fundos

421 3491 465 3562 είς
488 3482 656 3550 ἰδιωτικόν
683 3484 813 3549 δίκαιον
840 3483 994 3567 έπιλοχὴν
1020 3489 1120 3564 ἐχέτω
1146 3482 1230 3568 μετὰ
1256 3497 1324 3550 τῶν
1352 3488 1416 3549 iure
1438 3487 1557 3567 privato
1581 3485 1754 3549 electionem
1777 3487 1902 3561 hebeat,
1930 3498 1984 3551 eut
2011 3509 2083 3550 cum
2107 3488 2245 3551 fertilibus

293 3646 299 3660 .
365 3610 385 3658 ’.
421 3594 569 3678 εὐπόρων
596 3591 652 3656 καί
681 3588 726 3655 τὰ
752 3594 867 3676 ἄπορα
894 3592 1007 3676 λαβεῖν
1038 3590 1057 3669 ἢ
1086 3594 1219 3656 πάντων
1246 3593 1325 3680 ἀφι-
1352 3604 1383 3655 ot
1405 3593 1522 3655 deserte
1545 3593 1689 3673 accipere,
1713 3601 1766 3655 eut
1788 3595 1926 3657 omnibus
1949 3596 2110 3659 abstinere.

423 3697 603 3764 στοίσθω“;
620 3735 661 3746 -

359 3844 385 3897 ι’.
486 3832 519 3898 ‘0
550 3828 640 3896 κατὰ
665 3830 862 3895 δυναστείαν
883 3831 1044 3906 ἐὐθαλεῖς
1066 3828 1190 3914 ἀχροίνς
1214 3828 1326 3915 λαβὼν
1420 3832 1484 3909 Qui
1506 3832 1746 3915 perpotentiam
1768 3832 1882 3896 fertiles
1906 3834 2015 3896 fundos
2042 3836 2126 3916 <sepit
2148 3843 2179 3896 et
2198 3842 2248 3895 ste·

423 3939 480 4004 καί
504 3941 652 4022 ἀπόρους
675 3936 917 4020 ἀναδεξάσθωε
935 3975 976 3984 -
1233 3960 1259 4000 o.
1278 3941 1325 4000 10.
1355 3939 1422 4001 rilcs
1444 3939 1578 4020 recipiat

372 4083 389 4135 ¹.
497 4074 535 4135 Oi
557 4071 714 4135 δεσπόται
739 4081 805 4133 τῶν
828 4071 939 4133 τόπων
962 4068 1053 4144 έντδς
1075 4069 1109 4153 ἓξ
1124 4081 1233 4153 μηνῶν
1249 4091 1327 4154 προ·
1420 4072 1544 4133 Domini
1566 4071 1699 4134 locorum
1722 4073 1803 4134 intre
1825 4094 1879 4135 sex
1896 4092 2013 4136 menses
2029 4075 2138 4138 odiens
2155 4092 2250 4136 rocen-

425 4181 597 4262 χράμμοισι
621 4176 861 4240 καλείσθωσαν
882 4175 939 4240 καί
963 4173 1020 4240 έάν
1043 4187 1197 4263 φανῶσιν
1210 4175 1267 4241 καλ
1284 4174 1328 4241 τὰ
1356 4190 1405 4240 tur
1426 4186 1465 4251 et,
1488 4177 1513 4239 si
1537 4187 1705 4258 appareant
1726 4199 1782 4240 sue
1804 4180 2028 4261 apprehensuri,
2046 4182 2166 4262 relique
2186 4199 2251 4260 quc·
2346 4188 2347 4203 ³

426 4284 495 4348 ίδια
517 4284 696 4367 ληψόμενοι
720 4280 777 4346 καί
801 4279 862 4356 τὰς
890 4281 1051 4356 λοιπιίδας
1074 4283 1328 4359 ἀπαιτηθῆσον-
1356 4304 1415 4365 que
1443 4283 1577 4355 solvant;
1604 4284 1686 4364 quod
1713 4286 1739 4345 si
1766 4306 1825 4347 non
1852 4286 1965 4348 {tuerint
1990 4288 2108 4349 inventi
2135 4286 2174 4348 ob
2197 4287 2252 4346 ino

426 4411 496 4454 ται·
529 4394 555 4452 εί
584 4388 618 4452 δέ
645 4387 688 4471 μὴ
721 4390 906 4471 εὑρεθῶσιν
941 4386 998 4453 διὰ
1029 4388 1089 4466 τὴν
1116 4391 1275 4472 ἀπορίαν,
1309 4391 1327 4452 ὁ
1358 4393 1447 4473 prium,
1474 4386 1655 4472 quicumque
1682 4391 1755 4454 velit
1781 4413 1818 4455 ec
1844 4392 1902 4455 sub
1929 4403 2011 4456 certo
2041 4394 2158 4456 tributo
2185 4391 2253 4455 ecci·

426 4497 625 4583 βουλόμενος
653 4494 702 4559 ἐπὶ
731 4495 821 4578 ῥητῷ
858 4497 938 4559 τέλει
971 4495 1100 4580 λαβέτω
1133 4491 1255 4570 αὐτοὺς
1285 4494 1328 4577 μῆ
1357 4500 1422 4579 pict
1448 4518 1504 4560 nec
1531 4499 1637 4560 timeet
1662 4499 1853 4562 emissionem
1872 4500 1924 4563 vel
1939 4500 2129 4563 ablationem
2145 4521 2254 4571 εοτοπς

429 4601 543 4678 δεδιὼς
566 4605 730 4667 ἔκπτωσιν
752 4601 772 4678 ἢ
795 4603 979 4690 ἀφαίρεσιν
1001 4604 1125 4667 αὐτων·
1148 4602 1210 4689 ἀφ’
1237 4595 1277 4667 οὗ
1295 4602 1329 4666 δὲ
1358 4627 1396 4667 cx
1412 4625 1446 4667 eo
1470 4612 1570 4667 cutem
1585 4586 1719 4686 tempore
1741 4625 1780 4667 ex
1798 4627 1859 4687 quo
1874 4628 1911 4671 ec
1925 4606 2080 4690 possidere
2098 4608 2254 4689 coeperint

429 4714 513 4798 νομῇ
544 4720 761 4787 κατασχοῦσιν
794 4706 917 4783 αὐτοὺς
948 4708 1009 4788 τὴν
1046 4710 1234 4774 συντέλειαν
1266 4716 1330 4774 έπι-
1359 4711 1610 4774 contributionem
1630 4721 1804 4792 agnoscent
2171 4735 2196 4777 c.
2213 4717 2255 4774 ll.

430 4821 698 4901 χινωσκέτωσανε
714 4853 756 4863 -
1236 4839 1261 4879 o.
1281 4820 1330 4880 11.

349 4956 392 5029 ιβ.
503 4948 625 5027 Μηδεὶς
662 4949 742 5034 ὑπέρ
780 4948 960 5033 ἀλλοτρίου
996 4950 1104 5034 ἀχροῦ
1145 4950 1333 5014 συντέλειαν
1426 4950 1525 5012 Nemo
1554 4960 1676 5033 propter
1707 4952 1841 5015 alienum
1873 4953 2001 5015 fiendum
2029 4953 2180 5017 tributum
2207 4953 2258 5015 sol·

431 5057 656 5136 εἰπαιτείσθω,
684 5061 710 5119 εἰ
738 5053 780 5137 μῆ
804 5056 875 5140 όίρα
902 5061 938 5119 ἐκ
964 5066 1022 5132 τῆς
1045 5065 1102 5119 νῦν
1127 5057 1228 5134 οὔσης
1251 5057 1329 5141 παρ’
1361 5080 1430 5121 vere
1461 5066 1598 5139 cogetur,
1625 5059 1683 5120 nisi
1711 5080 1749 5121 ex
1776 5080 1812 5121 ea
1838 5061 2039 5140 possessione,
2071 5083 2155 5143 quse
2186 5080 2259 5124 nuno

432 5165 523 5245 αὐτῷ
546 5173 646 5245 νομῆς
669 5163 876 5239 κατέχεσθαι
901 5162 1041 5242 λέχεταιε
1057 5200 1099 5210 -
1239 5188 1263 5227 o.
1283 5170 1332 5227 12.
1362 5166 1444 5247 opud
1466 5186 1535 5228 eum
1559 5175 1613 5240 est,
1636 5168 1729 5229 teneri
1752 5166 1878 5228 dicetur.
2174 5189 2199 5230 c.
2216 5170 2258 5229 12.

361 5304 396 5356 α’.
494 5293 568 5359 Ἐὰν
583 5292 820 5381 έμφυτευτικδν
835 5294 966 5359 δίκαιον
977 5298 1055 5360 ἀνευ
1071 5294 1231 5383 ένεχόρων
1240 5301 1334 5362 κατέ·
1429 5300 1462 5361 Si
1485 5300 1742 5381 emphyteuticum
1770 5301 1817 5362 ius
1844 5300 1959 5382 ubsque
1981 5302 2108 5365 vinculo
2135 5302 2260 5385 pigneris

429 5425 532 5481 χηται
565 5400 704 5488 βέβαιόν
735 5407 822 5465 ἐστι·
861 5399 920 5478 τὴν
951 5400 1017 5487 χάρ
1050 5401 1197 5468 παλαιὰν
1233 5403 1336 5487 νομὴν
1363 5408 1540 5482 detineatur,
1572 5416 1672 5469 retum
1701 5418 1760 5481 est;
1787 5428 1857 5469 nam
1885 5416 2017 5471 veterem
2044 5411 2261 5490 possessionem

435 5507 512 5593 [κάν
527 5511 654 5591 ἄκυρον
670 5501 788 5591 οὖσαν]
806 5505 862 5572 δεδι
878 5519 936 5585 τῆς
951 5510 1174 5587 παλαιότητος
1194 5512 1336 5593 θέλομεν
1364 5512 1515 5597 [quemvis
1538 5515 1578 5576 sit
1598 5513 1742 5600 infirme],
1769 5526 1893 5598 propter
1913 5524 2098 5578 vetustatem
2128 5516 2261 5579 volumus

433 5617 662 5702 βοηθεισθειεε
680 5653 721 5663 -
1050 5639 1074 5686 c-
1094 5620 1143 5680 11.
1158 5618 1192 5682 (ί.
1208 5620 1267 5694 ΧΙ,
1285 5624 1335 5683 62.
1364 5620 1509 5683 adiuvari.
1988 5620 2263 5699 ο.11.(λ11,62.
