4842 7018
443 424 505 487 136
1097 419 1250 485 LIBER
1270 417 1372 484 LVII
1409 419 1498 485 TIT.
1521 420 1547 485 I.
1569 419 1613 485 Π.

364 607 403 671 ιθ.
505 600 538 666 Ὁ
558 601 801 684 ἐγκληματικως
820 599 1078 687 κατηγορηθείς,
1104 598 1163 667 ἐὰν
1183 600 1341 686 στρατεύ·
1435 602 1498 679 Qui
1525 602 1656 665 criminis
1683 601 1855 684 postulatus
1886 623 1995 669 nemen
2027 603 2112 666 dedit
2140 602 2264 679 militiae

443 729 551 789 σηται,
576 706 876 792 άποστρατεύεταιε
893 744 934 755 -
1178 706 1221 772 'fa
1240 712 1280 774 16
1296 731 1340 793 pr.
1369 709 1477 773 militia
1498 708 1627 790 pellitur.
2117 710 2156 772 ir.
2174 713 2212 773 16
2227 733 2265 792 pr.

505 814 538 880 Ὁ
566 812 626 893 τὴν
653 816 788 900 είρήνην
811 816 993 901 ταράσσων
1022 816 1212 903 κεφαλικως
1243 838 1339 898 τιμω-
1434 815 1497 895 Qui
1520 836 1627 898 penem
1650 816 1755 881 turbat
1776 815 1875 898 eapite
1896 816 2030 897 punitis.
2083 816 2123 879 ir.
2144 819 2195 879 16.
2210 825 2225 894 η
2242 824 2265 879 1.

441 929 561 1005 ρεῖταιε
578 960 620 979 -.
1155 924 1192 985 fr.
1210 926 1259 987 16.
1277 929 1293 1001 θ
1313 926 1340 986 1.

504 1026 537 1093 Ὁ
559 1026 619 1092 τόν
637 1030 816 1116 άπόφυγον
831 1028 971 1106 ποιήσας
985 1029 1107 1093 λαθεῖν
1127 1029 1206 1113 παρ’
1224 1032 1340 1111 ἐαυτῷ,
1434 1028 1499 1108 Qui
1526 1028 1715 1109 managein
1742 1028 1837 1093 lutere
1862 1030 2030 1112 permiserit
2056 1050 2154 1111 penas
2180 1034 2266 1103 sesi

440 1140 467 1198 al
489 1135 547 1217 μέν
570 1134 737 1213 διοικητάς
751 1140 842 1200 ἐστιν
857 1135 877 1213 ἢ
893 1137 1134 1221 προκσυράτωρ
1150 1145 1212 1201 τοῦ
1226 1138 1340 1217 τόπου,
1369 1135 1596 1203 administrator
1622 1137 1662 1198 sit
1683 1144 1738 1198 aut
1759 1146 1937 1217 procurator
1958 1135 2030 1211 leei,
2058 1137 2163 1218 eapite
2189 1137 2265 1219 puni·

439 1241 627 1328 κεφαλικως
643 1244 872 1326 τιμωρείσθω·
890 1248 916 1307 εί
931 1242 965 1306 δὲ
981 1242 1172 1320 όδεσπότης
1181 1242 1339 1323 σύνοιδεν,
1368 1252 1430 1305 tur:
1453 1244 1479 1304 si
1501 1263 1572 1307 vere
1594 1242 1733 1307 dominus
1755 1244 1894 1306 eonseius
1916 1243 2018 1317 fuerit,
2042 1245 2170 1309 amittet
2189 1264 2265 1325 prae·

440 1348 623 1413 ἀπόλλυται
641 1347 681 1413 τό
695 1360 806 1432 κτῆμα
821 1346 1020 1431 ύτόνοίκον,
1035 1349 1340 1438 ἐνθαόάπόφνγος
1367 1348 1450 1417 dium
1474 1359 1528 1411 aut
1553 1350 1690 1425 domum,
1713 1349 1766 1413 ubi
1787 1349 1947 1431 mange
1968 1350 2103 1415 delituit:
2128 1349 2183 1431 qui
2203 1370 2265 1412 rese

441 1453 631 1540 ἐκρύπτετο·
664 1457 683 1518 ό
711 1454 745 1519 δὲ
772 1455 1000 1540 προδεδωκὼς,
1033 1460 1060 1523 εί
1087 1457 1214 1538 εύγενὴς
1241 1461 1338 1535 ἐστιν,
1367 1455 1545 1536 prodiderit,
1561 1457 1586 1519 ai
1601 1457 1749 1536 ingenuus
1764 1466 1818 1532 est,
1839 1456 2060 1523 immunitatem
2077 1456 2265 1538 edificatur.

440 1560 717 1643 άλειτουργησίαν
747 1566 861 1641 ἐχέτω·
893 1564 932 1627 ού
963 1564 1066 1645 μόνον
1097 1563 1132 1628 dl
1165 1565 1340 1651 άπόφυγός
1367 1583 1429 1627 nen
1451 1571 1570 1629 tentum
1589 1582 1661 1625 vero
1680 1562 1839 1643 transfuga
1856 1573 1903 1626 est
1925 1563 2020 1644 isqui
2043 1564 2184 1644 proxime
2198 1563 2266 1625 rnili-

440 1672 530 1732 ἐστιν
557 1670 576 1731 ό
603 1667 720 1737 νεωστί
749 1671 1034 1755 στρατευσάμενος
1060 1668 1117 1737 καλ
1146 1671 1340 1753 αύτομολων
1367 1669 1428 1733 tiae
1443 1669 1483 1731 eit
1498 1668 1669 1750 applieetus
1683 1679 1715 1733 et
1732 1669 1892 1750 aufugerit
1915 1671 2082 1734 sedetiam
2101 1678 2265 1743 veteranus,

440 1770 526 1838 άλλά
552 1773 609 1839 καί
633 1777 652 1838 ό
675 1773 816 1851 παλαιός
843 1778 1065 1861 στρατιώτης·
1092 1779 1196 1859 μόνον
1222 1774 1281 1841 ἐάν
1306 1781 1341 1841 ἐν
1368 1776 1394 1837 si
1415 1785 1518 1839 tamen
1541 1775 1613 1841 belli
1635 1785 1767 1859 tempore
1789 1777 1954 1840 delituerit:
1982 1785 2151 1858 postquam
2173 1786 2265 1839 auten

440 1885 548 1964 καιρῷ
564 1882 707 1964 πολέμου
721 1882 917 1969 άπελύφθη·
941 1883 1005 1948 ἐπεὶ
1030 1883 1064 1948 δέ
1087 1906 1137 1959 τις
1155 1881 1340 1970 ἀποφυγὼν
1367 1881 1436 1963 quis
1450 1882 1653 1963 tnansfugerit,
1668 1883 1695 1944 si
1711 1892 1818 1966 sponte
1827 1904 1860 1946 se
1874 1883 2027 1964 praebeat,
2043 1885 2169 1947 veniam
2183 1903 2265 1946 mere·

441 1989 598 2072 ἑκουσίοις
613 1988 732 2053 ἑαυτὸν
748 1995 932 2078 προαγωγῇ,
950 1996 1216 2073 συγγιγωσκέτω·
1232 1987 1290 2057 ἐάν
1306 1990 1339 2054 δέ
1367 1988 1462 2063 bitnr;
1489 1989 1571 2073 quod
1594 1990 1620 2055 si
1642 2000 1798 2071 correptus
1820 1991 1913 2055 fuerit
1938 1992 2105 2065 eonsieuta,
2130 1991 2265 2052 offeratur

441 2093 621 2183 φωραθείς
639 2096 793 2183 ἐλεγχθῇ,
812 2098 1026 2185 ἐπιφερίσθω
1045 2102 1092 2181 τῷ
1116 2098 1257 2185 δικαστῇ
1280 2094 1340 2174 τὴν
1367 2094 1458 2158 iudiei
1483 2094 1577 2175 gladii
1599 2116 1727 2177 poenam
1750 2105 1953 2178 suseepturus.
2012 2118 2037 2159 e
2057 2099 2084 2159 1.
2100 2096 2137 2160 Ο.
2157 2099 2205 2171 12,
2220 2099 2264 2159 li.

442 2197 498 2264 διά
521 2209 582 2265 τοῦ
609 2203 728 2290 ξίφους
751 2203 1017 2286 ύποστησόμενος
1040 2206 1213 2288 τιμωρίαις
1231 2240 1272 2251 -

1059 2312 1338 2386 e.1.c.XI1,45.

352 2415 401 2489 νβ’·
507 2413 1337 2505 Καίοίπανυ--ρίδ-οιδ----
1434 2414 1475 2476 Et
1498 2450 2262 2462 -------------

441 2558 765 2568 -----
793 2521 898 2600 ἐπειδὴ
927 2525 1003 2587 τότε
1029 2524 1268 2600 κέκληνται-
1309 2561 1336 2570 -
1368 2557 2072 2569 ------------
2100 2558 2261 2574 -—-

349 2737 403 2809 μό.
504 2734 550 2801 Ἡ-
567 2734 719 2818 διάταξις
742 2734 813 2821 περί
837 2746 903 2799 τῶν
926 2738 1037 2807 αὐτῶν
1059 2741 1100 2823 τῇ
1124 2734 1340 2822 προλαβούση
1434 2735 1616 2801 constitutio
1642 2736 1681 2797 de
1703 2734 1809 2801 iisdem
1831 2735 1933 2811 rebus,
1961 2745 2054 2817 atque
2077 2737 2262 2818 praeeedena,

286 2845 331 2912 fol.
352 2849 402 2898 75¹.

441 2838 587 2927 [φησίν],
620 2839 672 2905 ότι
701 2839 759 2905 ἐάν
786 2847 819 2905 ἐν
846 2842 963 2920 είδησει
992 2843 1156 2908 δεσπότου
1184 2841 1340 2926 στρατεύ-
1368 2842 1516 2923 loquitari
1548 2850 1583 2903 ut
1613 2842 1639 2904 ai
1667 2842 1779 2904 sciente
1805 2842 1927 2903 domino
1954 2843 2135 2906 militaverit
2161 2863 2263 2915 servus,

440 2969 539 3024 ,σηται
564 2947 690 3028 δοῦλος,
714 2948 895 3012 άπόλλνσιν
917 2952 936 3012 ό
960 2949 1194 3027 δεσπότηςκαὶ
1215 2948 1339 3027 τηνέπὶ
1368 2949 1490 3010 amittet
1520 2947 1660 3010 deminus
1691 2957 1723 3009 et
1747 2949 1960 3029 proprietatem
1989 2952 2020 3013 in
2046 2971 2138 3014 servo
2165 2960 2196 3012 et
2223 2952 2263 3010 ins

442 3057 489 3135 spi
513 3053 619 3135 δούλῳ
643 3053 837 3118 δεσποτείαν
851 3055 907 3119 καί
924 3054 963 3120 τό
979 3054 1183 3140 πατρονικόν
1201 3057 1339 3121 δίκαιον.
1367 3063 1555 3136 patronatus.
1594 3064 1625 3116 et
1647 3054 1672 3116 si
1695 3054 1874 3134 dignitatem
1897 3076 2002 3136 servus
2024 3057 2120 3119 tuerit
2135 3057 2262 3137 adepta.

439 3164 466 3225 εί
489 3160 522 3223 δὲ
550 3159 606 3224 καί
636 3161 733 3244 ἀξίας
760 3162 857 3246 ἐπέβη
880 3164 900 3225 ό
923 3162 1053 3244 δοῦλος,
1084 3161 1128 3227 τά
1151 3161 1239 3229 αὐτά
1262 3187 1339 3248 προ·
1368 3162 1472 3225 eadem
1500 3162 1645 3243 optinent.
1690 3161 1795 3223 definit
1816 3172 1918 3224 autem
1942 3165 2118 3226 eonstitutio
2148 3164 2263 3244 triginta

437 3266 553 3350 βαίνει.
600 3268 698 3350 ὁρίζει
724 3267 758 3330 δὲ
782 3270 800 3345 ἡ
824 3268 975 3352 διάταξις
1005 3270 1189 3354 τριάκοντα
1213 3272 1340 3355 ἡμερῶν
1368 3268 1649 3330 dierumnumerum
1665 3268 1697 3329 in
1710 3268 2058 3349 hisquieddignitatem
2068 3279 2260 3333 accesserunt.

439 3370 592 3455 ἀριθμόν
607 3371 656 3436 ἐπὶ
673 3383 740 3440 τῶν
756 3375 1016 3459 προσελθόντων
1032 3375 1218 3459 ἀξιώματι.1
1256 3380 1340 3440 ἐστω
1368 3374 1450 3437 Rata
1476 3375 1569 3456 igitur
1595 3384 1626 3436 et
1652 3375 1827 3437 constitutio
1854 3386 1926 3437 ante
1952 3375 2031 3438 hene
2058 3377 2098 3438 de
2126 3376 2262 3439 militibus

439 3472 499 3543 οὖν
521 3480 540 3554 ἡ
563 3479 621 3560 μὲν
644 3478 708 3565 πρὸ
729 3479 852 3557 ταύτης
868 3481 939 3566 περὶ
956 3494 1174 3565 στρατιωτῶν
1190 3482 1341 3566 διάταξις
1368 3480 1432 3543 leta
1454 3491 1525 3543 esto.
1986 3504 2010 3544 ο.
2029 3486 2057 3545 7.
2073 3482 2109 3545 C.
2125 3483 2203 3557 XII,
2218 3485 2261 3544 33.

352 3682 356 3691 .
438 3587 547 3670 κυρία.
565 3651 567 3655 .
1068 3610 1093 3651 ο.
1112 3595 1139 3653 7.
1156 3588 1272 3665 CXII,
1289 3594 1340 3653 33.

686 3816 806 3871 ΤΙΤΛΟ(
825 3816 867 3883 3¹,
887 3817 1019 3875 ΒΙΒΛΙΟΥ
1037 3818 1097 3871 ΝΖ’
1591 3814 1760 3875 TITULUS
1778 3816 1821 3885 11,
1839 3816 1945 3873 LIBRI
1963 3816 2046 3873 LVII

680 3945 741 4014 napi
759 3940 926 4015 δορνετὴτων
942 3943 1097 3996 πεκονλίων.
1624 3940 1659 3995 de
1677 3941 1866 3996 castrensibus
1883 3942 2009 4012 peculiis.

368 4069 429 4145 a„
504 4058 578 4129 Ἐάν
609 4064 689 4147 γυνὴ
722 4066 910 4150 δωρήσηται
945 4071 991 4149 τῷ
1023 4066 1120 4151 άνδρί
1160 4068 1339 4151 ύπεξουσίῳ
1434 4067 1467 4130 si
1504 4067 1611 4130 mulier
1649 4068 1719 4130 viro'
1756 4066 1950 4130 filiofamilias
1966 4132 1970 4139 ,
1989 4067 2076 4130 militi
2114 4069 2262 4133 donaverit

440 4174 629 4259 στρατιώτῃ
653 4174 722 4236 ὄντι
740 4174 877 4248 δούλους
899 4172 949 4237 ἐπί
967 4171 1006 4237 τό
1022 4174 1255 4257 ἐλευθερῶσαι,
1280 4175 1340 4238 nix
1367 4193 1478 4248 servos,
1502 4185 1536 4236 ut
1562 4174 1765 4249 manumittet,
1793 4194 1854 4235 non
1877 4183 1948 4235 sunt
1970 4177 2132 4238 castrensis
2154 4175 2261 4258 peculii,

353 4323 356 4329 -
439 4284 499 4342 είσι
535 4288 594 4343 τοῦ
626 4289 881 4365 στρατιωτικοῦ,
920 4284 947 4343 εί
980 4279 1022 4363 μη
1055 4283 1187 4344 άπιόντι
1221 4284 1265 4356 είς
1297 4278 1340 4344 τά
1367 4280 1425 4342 nisi
1447 4281 1530 4343 eunti
1558 4281 1597 4342 ad
1624 4289 1725 4343 eastra
1751 4280 1868 4342 dederit
1894 4279 2152 4370 manuniittendos
2178 4293 2207 4344 et
2231 4290 2260 4341 ut

438 4387 574 4471 κάστρα
601 4385 739 4450 δέδωκεν
766 4385 815 4450 ἐπί
844 4384 883 4450 τὸ
916 4387 1137 4471 ἐλευθερῶσαι
1167 4387 1223 4451 καί
1256 4390 1340 4466 ἐχειν
1367 4408 1417 4449 eos
1439 4407 1510 4449 suos
1533 4386 1645 4450 habeat
1666 4387 1798 4450 libertos.
1994 4388 2030 4449 fr.
2048 4390 2076 4450 6.
2092 4389 2134 4451 Ι).
2150 4391 2200 4463 49,
2219 4390 2259 4448 17.

440 4491 562 4568 αύτούς
584 4492 687 4567 ίδίους
710 4493 961 4576 ἀπελευθέρους.
1065 4494 1100 4556 fr.
1118 4499 1146 4557 6.
1161 4497 1201 4558 D.
1219 4499 1271 4570 49,
1290 4498 1338 4558 17.

376 4602 402 4654 ι’·
505 4598 765 4684 Στρατιωτιιιόν
781 4605 849 4663 ἐστι
867 4597 906 4663 τὸ
917 4599 1124 4684 δωρούμενον
1135 4599 1201 4665 άπὸ
1217 4605 1340 4683 γονέων
1433 4601 1601 4664 Castrensis
1623 4601 1733 4682 peeulii
1756 4610 1802 4663 est
1823 4600 1951 4691 idpquod
1974 4600 2105 4664 donatur
2121 4624 2141 4665 a
2162 4622 2258 4686 peren·

356 5030 400 5083 ια’.

439 4706 458 4783 l>
491 4716 656 4787 συγγενῶν
688 4715 757 4780 τοῖς
789 4699 883 4770 ούσιν
915 4711 949 4768 ἐν
981 4710 1142 4790 στρατεία
1168 4706 1225 4772 καί
1258 4706 1337 4789 ὅπερ
1366 4707 1447 4771 tibus
1469 4708 1518 4771 vel
1541 4708 1677 4787 cognatis
1700 4708 1737 4769 iis
1759 4708 1811 4788 qui
1839 4706 1972 4769 militant
1993 4717 2024 4769 et
2046 4708 2078 4770 id
2100 4711 2182 4791 quod
2204 4711 2259 4789 ipsa

437 4811 538 4887 αὐτὸς
566 4815 585 4875 ό
615 4811 807 4894 ύπεξούσιος
834 4817 867 4875 ἐν
895 4816 935 4899 τῇ
964 4814 1125 4896 στρατεία
1146 4816 1308 4891 κτήσηται
1317 4812 1337 4893 ²,
1364 4814 1576 4877 filiusfamilias
1599 4814 1631 4875 in
1654 4814 1763 4876 militie
1785 4794 1954 4894 quaesierit,
1979 4815 2122 4897 quodque
2141 4836 2199 4878 nou
2214 4813 2257 4876 ad·

438 4915 518 5003 όπερ
534 4919 595 4981 ούκ
610 4916 653 4981 άν
668 4923 787 4983 ἐκτᾶτο
803 4924 829 4982 εί
844 4917 887 5001 μὴ
904 4918 1130 5004 ἐστρατεύετο;
1148 4957 1190 4968 -
1235 4922 1270 4983 fr.
1289 4924 1337 4983 11.
1364 4922 1511 5002 quisisset,
1535 4921 1593 4982 nisi
1616 4921 1702 4983 miles
1724 4921 1839 4982 fuisset.
2164 4923 2198 4985 fr.
2215 4923 2256 4981 11.

508 5022 590 5089 Ούτε
621 5029 777 5107 μένοντος
809 5026 1004 5108 ύπεξουσίου
1036 5035 1096 5089 τοῦ
1128 5030 1337 5109 στρατιώτου
1430 5029 1537 5109 Neque
1565 5048 1633 5090 eum
1662 5029 1692 5089 in
1719 5036 1869 5108 potestate
1896 5037 2018 5091 maneat
2044 5028 2144 5104 miles,
2171 5045 2256 5108 neque

437 5131 512 5194 ούτε
535 5132 751 5215 αύτιξουσίου
774 5134 946 5214 γινομένου
969 5133 1044 5196 ούτε
1066 5138 1111 5207 είς
1129 5133 1228 5197 θέσιν
1250 5133 1336 5197 διδο-
1365 5156 1433 5196 eum
1456 5134 1670 5215 emancipetur,
1694 5153 1791 5214 neque
1812 5154 1881 5195 eum
1904 5134 1936 5194 in
1956 5134 2148 5215 adoptionem
2171 5134 2255 5204 detur,

435 5241 542 5320 μόνον,
566 5237 703 5302 δύναται
728 5240 747 5302 ό
770 5225 835 5323 ατη-ρ
859 5239 1087 5325 ἀφαιρεῖσθαι
1112 5237 1151 5302 τό
1175 5261 1337 5321 στρατιω-
1364 5250 1463 5321 potest
1484 5250 1571 5322 pater
1593 5249 1745 5303 castrense
1766 5240 1919 5321 peculium
1945 5240 2085 5303 adimere
2161 5241 2196 5303 fr.
2212 5241 2254 5299 12.

437 5343 531 5408 τικόν
554 5344 738 5409 πεκούλιονι
754 5341 817 5393 -⁸
1233 5347 1268 5409 fr.
1287 5352 1336 5411 12.

357 5453 400 5525 ιβ’.
501 5446 575 5513 Ἐάν
597 5453 617 5528 ἡ
640 5451 720 5532 γυνη
745 5449 804 5514 τὸν
826 5450 936 5536 ἄνδρα
954 5451 1148 5535 ύπεξούσιον
1164 5454 1248 5517 ὄντα
1262 5453 1335 5530 κλη-
1429 5455 1542 5516 Mulier
1564 5455 1590 5515 si
1612 5454 1712 5516 virum
1735 5446 1961 5515 filiumfamilias
1983 5454 2132 5527 heredem,
2159 5452 2253 5536 quiin

437 5557 581 5640 ρονόμον
607 5561 641 5620 ἐν
668 5581 707 5645 τη
736 5558 896 5641 στρατεία
918 5560 1045 5646 γράψῃ,
1074 5561 1196 5639 γίνεται
1220 5560 1336 5642 κληρο-
1364 5561 1472 5623 militia
1494 5561 1543 5637 sit,
1566 5561 1725 5641 scripserit,
1747 5558 1799 5621 ille
1817 5560 1903 5621 heres
1919 5560 1954 5621 fit
1968 5570 2006 5634 et,
2028 5562 2054 5623 si
2070 5561 2253 5624 manumittat

436 5664 535 5755 νόμος
566 5663 623 5728 καὶ
656 5665 840 5746 ἐλευθερῶν
868 5665 1004 5739 δούλους
1032 5676 1089 5742 τῆς
1115 5666 1336 5751 κληρονομίας
1364 5687 1465 5730 servos
1487 5667 1692 5741 hereditarios,
1716 5666 1839 5728 libertos
1862 5686 1913 5728 eos
1937 5666 1994 5729 sibi
2017 5666 2117 5730 habet.
2160 5668 2193 5728 fr.
2211 5666 2251 5724 13.

436 5769 680 5855 ἀπελευθέρους
703 5771 806 5844 ἰδίους
828 5774 905 5849 ἕγειε
925 5809 963 5818 -
1231 5774 1266 5835 fr.
1285 5777 1334 5835 13.

510 5945 517 5976 ¹
537 5947 652 6016 hueuaq.
672 5946 738 6016 Syn.
812 5946 955 6017 'hucusq.
976 5947 1041 6017 Syn.
1114 5947 1223 6003 ⁸simil.
1242 5948 1308 6019 Syn.
