4680 7114
537 434 879 504 BASILICORUM
901 434 1208 504 FRAGMENTA
1231 436 1529 504 DEPERDITA.
1887 443 1947 507 199

190 615 281 692 LVI,
304 618 353 679 17.
380 616 440 697 μζ.
489 616 523 682 Ὁ
560 616 798 703 ἐξαργυρισμδς
829 629 897 684 των
928 618 1023 684 είδων
1117 619 1283 681 Adaeratic
1320 621 1486 702 specierum
1521 620 1752 703 primipilarium
1783 622 1949 686 secundum

127 726 357 806 παρεχομένων
387 728 435 805 τῷ
466 727 701 809 πριμιπιλαρίῳ
738 723 828 792 κατά
865 726 925 804 τὴν
956 739 1024 792 τῶν
1052 725 1179 787 aliarum
1195 726 1363 807 specierum
1378 726 1581 789 venditionem
1595 728 1747 809 procedat,
1768 729 1828 791 ie.
1844 750 1949 792 secun·

126 828 233 891 ἄλλων
255 828 350 893 εἰδῶν
365 839 489 913 πράσιν
504 834 666 914 γινέσθω,
689 838 842 898 τουτέστι
859 832 950 899 κατά
965 834 1025 914 τὴν
1052 833 1123 894 dum
1146 852 1293 896 mensem:
1316 832 1375 895 nisi
1397 836 1496 914 potius
1519 834 1577 896 hoc
1598 835 1835 914 Intellegendum
1858 837 1897 897 sit
1911 836 1949 897 de

127 936 304 1018 τράπεζαν
327 936 347 1014 λ)
369 938 495 1019 μᾶλλον
518 938 570 1002 δεῖ
586 949 688 1004 τοῦτο
711 951 797 1005 νοεῖν
819 943 863 1016 ὡς
878 944 898 1018 ἡ
914 939 1025 1025 άχορίι
1052 940 1156 1019 pretio,
1178 940 1259 1021 quod
1280 942 1312 1003 in
1334 940 1398 1003 foro
1421 942 1545 1004 obtinet
1648 942 1684 1020 (c
1701 944 1729 1004 6.
1746 941 1780 1004 C.
1794 942 1870 1017 XII,
1888 945 1949 1022 57.)

126 1041 336 1106 πολιτεύεται.
754 1046 839 1134 (Syn
855 1047 900 1122 A,
916 1052 967 1124 51,
986 1053 1024 1130 1.)

189 1147 415 1226 *Lvn,1,1s
451 1148 517 1216 Τόν
533 1153 743 1239 στρατιωτίην
758 1157 847 1219 ἔνθα
866 1156 1023 1242 στρατιά·
1117 1153 1246 1217 Militem
1269 1154 1322 1216 ubi
1344 1155 1456 1217 militat
1477 1175 1537 1217 non
1559 1175 1648 1237 posse
1666 1174 1763 1219 emere
1783 1156 1949 1237 praedium,

126 1277 194 1319 εται
208 1254 438 1341 μὴάχοράζειν
449 1261 585 1343 χωρίον,
600 1265 627 1324 ελ
642 1260 853 1344 μὴπατρηῖον
861 1260 1024 1348 παράτοιῖ
1051 1260 1109 1322 1ἰεί
1138 1269 1297 1341 paternum
1327 1282 1347 1322 a
1377 1261 1462 1335 fiseo3
1493 1263 1538 1324 ite
1569 1271 1604 1323 ut
1629 1261 1710 1343 quod
1737 1271 1843 1325 contra
1868 1263 1949 1343 leges

126 1361 293 1445 δημοσίου,
310 1366 353 1438 ὡς
369 1374 430 1429 τοῦ
445 1367 642 1451 παρανόμου
657 1370 914 1453 άχορασθὲντος
930 1368 1023 1453 παρά
1051 1376 1259 1448 comparatum
1281 1378 1328 1430 eet
1351 1368 1462 1431 111110
1485 1369 1663 1433 vindicatur·

124 1477 185 1532 τοῦ
206 1468 367 1551 δημοσίου
389 1472 625 1556 ἐκδικουμὲνου.
695 1474 797 1561 (Dem.
814 1477 919 1540 (thom.
937 1478 1022 1565 152.)
1585 1475 1632 1555 (fh
1649 1478 1677 1537 9·
1693 1476 1732 1538 D·
1747 1476 1869 1551 ΧΠΧ.
1887 1475 1950 1563 l¹2)

188 1577 309 1654 LVIII,
326 1582 355 1655 2,
374 1582 424 1642 10.
460 1578 534 1645 Ἐὰν
548 1584 612 1659 ἔχω
636 1580 695 1645 δύο
718 1585 830 1658 οἴκους
844 1583 901 1648 κοιλ
923 1585 1022 1666 ληχα·
1116 1581 1221 1659 Quum
1243 1582 1331 1645 binas
1354 1583 1446 1645 aedes
1471 1581 1614 1644 haberem
1642 1591 1673 1644 et
1699 1582 1810 1645 alteras
1833 1584 1888 1647 tibi
1909 1583 1950 1646 le

125 1682 228 1747 ττύσω
257 1683 310 1747 σοί
338 1681 398 1748 τόν
424 1690 495 1767 ἕνα,
524 1686 663 1752 δύναται
692 1690 710 1752 ὁ
733 1690 937 1775 κληρονόμος
964 1689 1023 1757 τόν
1050 1707 1181 1769 gestem,
1210 1689 1296 1752 111168
1323 1688 1435 1752 alterat
1462 1690 1554 1751 1111118
1580 1688 1686 1751 1011111)
1712 1698 1814 1771 Ρο1111
1840 1699 1873 1752 et
1898 1691 1949 1753 0b·

125 1793 236 1873 ἕτερον
258 1790 369 1877 ὑψοῦν
390 1791 448 1856 καί
471 1796 634 1875 σκοτίζειν
657 1793 701 1860 τά
724 1808 825 1883 φῶτα
842 1806 903 1862 τοῦ
924 1800 1023 1881 ληχα-
1051 1815 1172 1858 scureto
1194 1795 1310 1859 1111111111
1331 1797 1500 1877 legatarum
1522 1796 1655 1871 1111111111,
1683 1806 1840 1859 1111111111
1862 1797 1950 1860 relin-

126 1898 303 1973 τευθέντος
325 1901 427 1981 οἴκου,
450 1898 536 1965 ὥστε
557 1905 667 1984 μέντοι
686 1903 878 1968 καταλιπεῖν
896 1910 938 1993 τῇ
953 1908 1023 1989 ἡμε-
1050 1910 1125 1982 quat
1151 1902 1191 1964 ad
1217 1923 1306 1965 usum
1328 1902 1477 1964 diurnum.
1522 1903 1609 1964 Idem
1637 1913 1683 1965 est
1708 1913 1738 1966 et
1765 1904 1790 1965 si
1821 1903 1950 1966 aliarum

126 2007 197 2090 ρινῇ
216 2005 344 2089 χρήσει.
389 2005 429 2070 τὸ
452 2008 536 2071 αὐτό
558 2012 629 2073 ἐστι
650 2009 715 2074 κάν
737 2020 799 2075 τοῦ
812 2012 915 2075 ἄλλον
930 2017 1024 2077 οἴκου
1051 2009 1172 2070 sedium
1187 2009 1407 2071 usumfructum
1417 2010 1505 2072 alteri
1518 2009 1689 2089 legsverim.
1711 2010 1839 2090 Utrique
1849 2019 1949 2073 autem

125 2109 184 2187 την
202 2122 327 2197 χρησιν
348 2113 539 2196 ληχατεόσω
561 2119 670 2203 ἑτέρῳ.
705 2127 870 2205 χρεωστεῖ
893 2118 927 2182 δὲ
951 2123 1023 2183 ἑκα-
1051 2135 1206 2177 accessum
1226 2125 1382 2197 praestare
1404 2116 1502 2178 debet
1613 2115 1662 2203 (fr.
1679 2120 1729 2179 10.
1744 2116 1783 2178 D.
1799 2116 1891 2190 VIII,
1908 2112 1950 2201 2.)

125 2220 207 2301 τέρῳ
230 2219 389 2303 πάροδον.
601 2222 697 2311 (Epit.
713 2225 753 2287 ad
768 2225 818 2287 Pr.
833 2248 873 2288 m.
890 2230 941 2303 39,
957 2225 1023 2313 42.)

189 2325 309 2403 LVIII,
327 2331 417 2402 2‚15.
455 2328 501 2392 ‘H
510 2340 569 2407 τῆς
584 2332 742 2417 άπόψεως
758 2330 889 2397 δουλεία
904 2334 1023 2398 πλατυ-
1117 2330 1254 2393 Servitus
1280 2339 1458 2411 prospectus
1485 2330 1575 2392 latior
1601 2338 1647 2393 est
1674 2352 1766 2411 quam
1792 2330 1950 2406 luminum,

125 2433 205 2517 τέρα
227 2431 296 2496 ἐστὶ
319 2445 378 2512 τῆς
400 2446 468 2499 τῶν
490 2439 622 2522 φώτων,
644 2436 702 2501 καὶ
725 2440 744 2501 ὁ
768 2436 861 2524 παρά
875 2439 936 2517 τὴν
951 2440 1024 2504 dov-
1051 2437 1131 2498 etei
1157 2438 1208 2518 qui
1235 2436 1398 2498 luminibus
1421 2446 1527 2499 contra
1553 2438 1728 2501 servitutem
1755 2437 1849 2501 officit
1874 2459 1951 2519 opus

125 2538 213 2601 λείαν
230 2539 389 2626 βλάπτων
404 2540 449 2607 τά
464 2554 564 2626 φῶτα
579 2543 651 2629 περί
667 2549 882 2629 καινοτομίας
898 2569 1023 2631 παραχ-
1051 2564 1163 2606 novum
1186 2543 1351 2607 1111111111.
1799 2545 1836 2607 fr·
1854 2548 1894 2607 15
1910 2545 1950 2607 ib·

124 2645 278 2726 γε’λλεται.
602 2649 697 2738 (Epit.
713 2654 753 2716 ad
768 2654 818 2716 Pr.
834 2676 873 2717 m.
891 2659 941 2731 39,
958 2653 1023 2743 27.)

188 2754 311 2830 LVIII,
327 2759 356 2834 2,
375 2759 424 2819 16.
468 2755 675 2846 Τδμὲνφως
694 2759 819 2825 ἐστιτὰ
842 2758 903 2825 τόν
925 2763 1023 2847 οὐρα.
1116 2758 1235 2819 Lumen
1260 2766 1308 2820 est
1333 2757 1449 2820 coelum
1471 2757 1585 2833 videre,
1611 2767 1789 2839 prospectus
1816 2778 1854 2820 ex
1876 2758 1950 2822 infe-

124 2856 181 2922 νόν
213 2861 364 2946 θεωρεῖν,
395 2865 415 2939 ι)
448 2862 482 2927 δὲ
509 2866 639 2953 άποψις
665 2870 699 2929 ἐν
726 2876 796 2941 τοῖς
822 2871 1023 2954 κατωτέροις
1049 2863 1178 2927 rioribus
1200 2865 1272 2928 locis
1295 2885 1361 2927 esse
1382 2874 1490 2945 potest
1742 2862 1790 2951 (ir.
1809 2869 1848 2929 16
1864 2864 1949 2952 ibid)

125 2967 238 3041 τόποις
261 2963 343 3032 εἶναι
367 2968 515 3034 δύναται.
604 2970 699 3059 (Epis.
715 2975 755 3037 ad
769 2975 819 3038 Pr.
836 2999 874 3038 m.
891 2980 941 3052 39,
958 2975 1022 3065 23.)

189 3074 309 3151 LVIII,
327 3080 355 3152 2,
373 3080 423 3140 17.
466 3075 540 3142 Ἐάν
562 3078 602 3143 τὸ
627 3082 797 3169 φυτευθὲν
820 3082 956 3169 δένδρον
979 3090 1023 3159 είς
1117 3077 1150 3140 si
1173 3079 1262 3141 arbor
1283 3079 1382 3159 posita
1403 3079 1434 3140 in
1450 3077 1640 3141 altitudinem
1663 3081 1791 3142 creverit
1811 3090 1841 3142 et
1863 3080 1949 3142 lumi·

124 3176 211 3267 ὕψος
234 3182 332 3270 cipri?
354 3181 411 3247 καί
434 3185 587 3272 ἐμποδίζῃ
610 3209 674 3270 μου
696 3193 743 3270 τῷ
766 3187 864 3275 φωτὶ,
892 3191 1021 3268 donati)
1050 3184 1139 3247 nibus
1161 3186 1234 3247 meis
1257 3185 1376 3261 officiat,
1400 3187 1528 3248 servitus
1542 3186 1615 3246 mihi
1630 3185 1733 3248 debita
1748 3187 1854 3249 violari
1868 3187 1949 3250 vide·

124 3289 356 3375 ἐποφειλομένη
370 3313 427 3373 μοι
444 3290 574 3357 δουλεία
583 3294 1023 3383 παραβαίνεσδαυδὲνδρον
1050 3302 1107 3354 1111·
1160 3292 1262 3354 A1b0r
1291 3294 1370 3354 enim
1402 3293 1578 3374 adspectum
1615 3292 1691 3355 10111
1727 3294 1801 3354 mihi
1832 3293 1950 3357 11110116

124 3392 189 3478 γάρ
221 3398 453 3483 ἀφαιρεῖσθαί
480 3422 537 3482 μοι
573 3400 713 3465 δύναται
745 3401 806 3480 τὴν
838 3404 925 3467 θέαν
962 3414 1024 3469 τοῦ
1050 3408 1158 3480 potest.
1202 3399 1321 3478 Quodsi
1343 3398 1446 3461 lumen
1467 3420 1529 3461 non
1551 3400 1704 3481 impediat,
1729 3400 1821 3462 solem
1846 3410 1948 3463 autem

124 3502 276 3587 οὐρανοῦ.
323 3507 349 3567 εί
373 3503 468 3569 δὲτὸ
492 3509 881 3596 φωςούκάεμαιρεῑται,
905 3509 1022 3575 teste
1050 3506 1169 3570 auferat
1199 3526 1219 3569 11
1248 3507 1315 3569 1000
1346 3507 1420 3567 mihi
1450 3527 1511 3568 non
1542 3508 1710 3569 1111111110
1733 3555 1857 3571 ······
1894 3508 1948 3571 Sin

123 3604 215 3684 η’λιον
230 3612 424 3697 ἀφαιρεῖται
435 3610 502 3678 άπὸ
517 3624 579 3678 τοῦ
593 3617 832 3702 άχρειεστάτου
847 3640 902 3700 μοι
917 3620 1023 3682 τόπου
1050 3633 1120 3676 vero
1143 3612 1341 3676 heliocaminc
1360 3613 1409 3676 vel
1431 3613 1540 3675 solario
1556 3615 1651 3676 solem
1667 3614 1795 3689 auferat,
1818 3616 1948 3678 servitus

124 3763 251 3780 ......
274 3723 300 3781 εί
324 3717 358 3782 δὲ
381 3719 450 3783 ἐστὶ
473 3723 684 3805 ηλιοκάμινος
706 3722 725 3800 ί)
749 3724 916 3809 σωλάριον
934 3719 1023 3809 1ξοῦ
1051 3719 1190 3783 violatur.
1560 3717 1608 3805 (fr.
1626 3723 1665 3782 17
1681 3742 1726 3802 pr.
1742 3722 1781 3783 D.
1798 3722 1889 3797 VIII,
1906 3720 1948 3807 2.)

124 3820 162 3885 τὸ
186 3823 323 3908 δένδρον
344 3827 540 3914 ἀφαιρεῖται
562 3825 622 3893 τόν
644 3827 750 3911 ἣλιον,
778 3830 1022 3917 παραβαίνεται

123 3930 143 4004 ἡ
166 3928 305 3995 δουλεία.
603 3936 697 4019 OEpit.
713 3938 752 4000 ad
767 3938 818 4000 Pr.
833 3960 874 4002 m.
890 3943 941 4015 39,
958 3944 1022 4021 26.)

187 4036 308 4115 LVIII,
326 4043 354 4115 2,
365 4043 416 4104 20.
459 4043 513 4123 Τῷ
529 4041 691 4126 δεχομένῳ
707 4043 901 4128 σταλαγμὸν
916 4046 1021 4130 ἔξεστι
1116 4041 1156 4102 Ei
1188 4041 1239 4122 qui
1267 4040 1449 4102 stillicidium
1482 4041 1609 4122 suscipit
1635 4041 1792 4105 aedificare
1823 4052 1947 4105 eatenus

122 4144 242 4223 κτίζειν
264 4150 324 4221 ἕως
346 4140 386 4211 οὗ
409 4147 547 4214 δύναται
570 4151 678 4225 καλῶς
701 4151 937 4230 ὑποδέχεσθαι.
1049 4147 1127 4222 lieet,
1142 4156 1292 4229 quatenus
1307 4148 1339 4209 id
1353 4157 1432 4210 recte
1446 4149 1576 4228 recipere
1590 4157 1697 4229 potest.
1734 4149 1946 4227 11265611).

593 4258 688 4343 (Epit.
704 4259 752 4321 ad
767 4258 818 4321 Pr.
833 4281 873 4322 m.
890 4263 941 4334 39,
958 4260 1021 4347 72.)

187 4359 308 4434 LVIII,
325 4364 353 4436 2,
371 4364 421 4424 28.
456 4361 502 4425 Ἡ
519 4361 583 4441 όπὴ
606 4361 646 4441 ἣν
668 4368 730 4443 ἔχει
755 4363 805 4440 τίς
827 4369 862 4428 ἐν
883 4369 931 4447 τῷ
950 4366 1021 4448 ἰδίω
1115 4361 1266 4424 Foramen
1296 4362 1377 4443 quud
1408 4364 1476 4444 quis
1507 4364 1539 4424 in
1570 4363 1697 4425 aedibus
1725 4364 1787 4425 suis
1814 4364 1854 4426 ad
1880 4385 1947 4445 pre

122 4468 202 4547 οίκῳ
226 4464 282 4529 διά
303 4466 365 4545 τὴν
386 4469 594 4534 κατάπλυσιν
609 4517 616 4534 .
633 4518 664 4534 ..
687 4473 763 4536 οὔτε
781 4474 895 4558 χρόνῳ
910 4472 1021 4558 βεβαι-
1048 4468 1194 4532 luendum
1215 4467 1319 4544 habet,
1418 4490 1475 4532 nec
1498 4480 1632 4551 tempore
1652 4470 1801 4546 mmaun,
1828 4471 1886 4532 nisi
1909 4490 1947 4532 ex

121 4580 232 4654 οῦται,
260 4579 286 4637 εί
309 4572 351 4656 μι)
375 4579 411 4638 ἐκ
432 4585 494 4641 τοῦ
515 4577 662 4663 οὐρανοῦ
688 4577 823 4656 δέχηται
849 4576 952 4666 ὕδωρ·
980 4577 1020 4643 τό
1048 4577 1131 4638 οοε1ο
1162 4596 1272 4658 aquam
1307 4578 1417 4658 capiat.
1471 4578 1552 4638 Nam
1584 4576 1666 4657 quod
1697 4598 1790 4640 manu
1820 4576 1855 4639 iit
1885 4598 1947 4639 non

120 4677 187 4764 γάρ
208 4682 441 4765 χειροποίητον
464 4684 525 4747 οὐκ
546 4688 610 4762 ἔχει
634 4684 762 4762 διηνεκῆ
785 4686 906 4767 αἰτίαν,
929 4683 1020 4750 τόδὲ
1048 4683 1139 4747 habet
1165 4693 1343 4766 perpetuam
1365 4704 1501 4759 causam,
1529 4693 1562 4745 at
1587 4684 1668 4764 quod
1690 4704 1729 4746 ex
1751 4684 1833 4746 coelo
1856 4684 1946 4759 cadit,

121 4795 184 4849 τοῦ
200 4787 354 4872 οὐρανοῦ,
378 4793 405 4852 εί
422 4788 479 4855 καλ
497 4789 540 4871 μὴ
557 4802 700 4870 συνεχῶς
714 4793 848 4874 γίνεται,
872 4792 943 4856 αλλ’
962 4786 1022 4856 οὖν
1048 4790 1105 4851 etsi
1126 4808 1188 4852 non
1210 4791 1330 4853 assidue
1344 4790 1387 4865 fit,
1404 4791 1499 4853 habet
1512 4800 1615 4853 tamen
1628 4791 1798 4853 naturalem
1813 4811 1945 4854 causam

121 4905 271 4979 φυσικῶς
294 4896 407 4960 αἰτίαν
429 4899 502 4975 ἔχει.
539 4909 646 4963 πεῖσαι
670 4899 704 4963 δὲ
726 4910 794 4963 τῶν
816 4901 930 4984 άχρῶκ
948 4900 1020 4963 δου-
1049 4897 1162 4959 Omnes
1200 4907 1302 4959 autem
1343 4899 1534 4979 praediorum
1572 4899 1730 4961 servitutes
1768 4908 1946 4980 perpetuam

119 4999 204 5064 λεῖαι
227 5000 355 5080 διηνεκῆ
378 5005 491 5068 αἰτίαν
513 5007 704 5093 όφειλουσιν
726 5008 822 5084 1χειν·
845 5004 931 5070 ὅθεν
953 5005 1020 5071 ἀπὸ
1048 5023 1172 5066 causam
1194 5004 1306 5067 habere
1327 5004 1452 5079 debent3
1475 5005 1556 5066 unde
1571 5026 1609 5068 ex
1631 5005 1702 5068 lacu
1719 5007 1769 5070 vel
1784 5026 1824 5067 ex
1839 5015 1946 5086 stagno

119 5106 233 5190 λίμνης
255 5108 275 5187 ί)
294 5109 520 5195 ὑδροστασίου
534 5112 743 5198 ὑδραηάχιον
758 5114 798 5176 οὐ
813 5114 1020 5178 συνίσταται.
1048 5111 1257 5193 aquaeductus
1278 5133 1340 5174 non
1361 5112 1505 5176 consistit
1769 5110 1818 5197 (fr.
1835 5109 1946 5197 2311).)
2078 5107 2080 5110 ’

614 5223 696 5303 Epit
713 5222 753 5284 ad
767 5221 817 5283 Pr.
833 5243 872 5284 m
888 5225 939 5297 39,
956 5220 1021 5307 62.)

187 5324 308 5400 LVIII,
325 5330 353 5400 3,
371 5328 399 5388 7.
437 5324 528 5401 Ὁδὸς
551 5219 690 5393 πλάτεῖά
712 5332 782 5391 ἐστι
805 5324 845 5392 sd
868 5330 1019 5411 παριέναι
1113 5325 1177 5388 Via
1202 5325 1323 5389 estius
1348 5326 1525 5389 transeundi
1552 5336 1585 5389 et
1611 5327 1720 5407 agendi
1750 5336 1781 5390 et
1805 5325 1946 5390 trahendi

117 5429 178 5494 καὶ
200 5429 240 5494 τό
263 5431 406 5496 ἐλαύνειν
425 5433 483 5498 καὶ
497 5435 599 5500 ἕλκειν
613 5433 669 5499 καλ
685 5433 724 5499 τὸ
742 5435 923 5521 βαστάζων
939 5434 1021 5522 δόρυ
1048 5441 1080 5494 et
1104 5432 1220 5495 ferendi
1246 5433 1366 5496 hastam
1392 5443 1519 5510 rectam,
1548 5434 1711 5497 dummodo
1737 5435 1853 5497 fructus
1884 5455 1945 5498 non

118 5535 242 5623 ὀρθόν,
266 5544 292 5602 εί
314 5539 357 5623 μὴ
382 5542 414 5604 οἰ
435 5541 560 5627 καρποί
581 5543 800 5629 βλάπτονται.
1047 5539 1213 5604 laedantur.
1398 5537 1448 5627 (fr.
1466 5544 1482 5602 1
1499 5562 1545 5622 pr.
1559 5542 1599 5604 D.
1615 5541 1707 5618 VIII,
1724 5547 1743 5606 3
1759 5552 1790 5604 et
1803 5542 1839 5604 ir.
1857 5547 1874 5605 7
1891 5538 1945 5627 ib.)

415 5646 527 5735 (Epan.
542 5661 633 5714 aucta
646 5645 752 5725 XLII,
769 5652 809 5713 65
826 5649 872 5712 ed
886 5670 916 5731 p.
933 5647 1020 5737 332.)

187 5752 289 5820 Κατά
313 5755 417 5840 νόμον
442 5758 463 5834 η
491 5758 629 5822 πλατεῖα
655 5753 734 5830 ὁδὸς
755 5760 801 5830 tlt
821 5753 886 5839 mlv
907 5754 1021 5843 ὀρθόν
1112 5755 1173 5818 Ροι·
1198 5754 1279 5836 leges
1305 5753 1436 5817 latitudo
1458 5756 1526 5819 viae
1551 5755 1584 5816 in
1610 5764 1782 5838 porrectum
1808 5766 1856 5819 est
1876 5764 1944 5820 ecto

118 5860 210 5927 όκτὼ
233 5863 338 5938 πόδας
361 5863 459 5947 ἐστίν,
483 5869 526 5940 είς
549 5864 582 5929 δὲ
604 5865 736 5951 κάμψιν
759 5862 793 5947 ἓξ
815 5862 872 5928 καί
896 5862 983 5928 δέκα.
1047 5863 1173 5944 pedum
1195 5863 1228 5924 in
1250 5862 1428 5938 anfractum,
1452 5863 1611 5925 sexdecim.
1788 5863 1837 5951 (fr.
1854 5868 1873 5927 8
1889 5862 1943 5953 ib.)

766 5969 818 6059 (sb.
834 5970 938 6046 run,
955 5967 1035 6058 οε.)
