4978 7018
505 454 878 527 naalulcoauss
898 454 1058 524 LIBER
1082 454 1180 524 xix.
1208 451 1313 521 TIT.
1331 450 1395 520 xi.
1427 447 1534 519 CAP.
1555 445 1710 515 ll-tt.
1976 443 2041 519 283

163 634 212 698 λπλ
238 636 283 718 τῷ
310 627 460 713 τιμήματι
481 630 623 717 ’άγανγήα
658 630 691 696 αἶ
709 630 766 716 γάρ
786 631 864 712 μετά
889 630 945 714 τήν
969 628 1083 716 πράσιν
1115 652 1183 692 nem
1203 650 1265 690 non
1280 629 1378 691 habes.
1413 629 1527 706 Quippe
1548 625 1665 686 fortuiti
1689 641 1774 684 ossus
1797 621 1965 692 evictionis,
1989 620 2040 699 qui

162 719 393 800 συμβαίνουσαν
424 719 554 804 ταχηραλ
580 722 639 800 τῆς
665 714 848 801 ἐκνικήσειυς
877 718 973 784 αίτίαε
1003 715 1084 800 πρδς
1118 727 1185 796 post
1206 717 1409 776 venditionem
1438 714 1594 785 accidunt,
1624 711 1661 770 ad
1686 710 1867 770 venditorem
1886 726 1946 767 non
1974 725 2042 784 per·

162 805 216 867 τὸν
238 806 358 887 πράτην
378 802 415 868 ού
439 805 596 889 φέρονται.
1118 806 1226 863 tinent.

245 900 341 987 ‘0³⁹⁸)
363 900 557 987 ὁμολογήσας
570 902 614 987 μή
634 901 817 971 ὑποκεῖσθαι
830 907 920 989 ένοχῇ
938 902 994 968 τδν
1011 904 1084 967 δοῦ·
1203 905 1261 974 Qui
1275 903 1422 980 promisit,
1445 918 1562 958 cervum
1581 916 1660 959 noxs
1680 918 1742 959 esse
1756 899 1897 969 solutum,
1921 892 2130 974 proponi-¹¹·
2147 892 2209 958 cl·

164 997 229 1068 λον,
252 988 310 1054 οῦκ
334 990 464 1071 ἐνέχεται
487 990 537 1053 dmi
558 991 598 1055 τά
618 989 754 1073 δημόσια
773 986 1056 1072 ύμαρτήματα”’).
1118 990 1227 1048 delicta
1247 989 1365 1066 publica
1385 1006 1444 1047 non
1469 996 1594 1044 tenetur.
2050 966 2084 1018 Ρ·
2097 965 2169 1015 ΧΧΙ·
2182 964 2207 1015 ²·

224 1088 337 1171 ‘11⁴⁰0)
363 1091 496 1172 καλλονή
518 1093 577 1156 τοῦ
597 1089 809 1173 ὲκνικηθίντος
831 1091 944 1175 μέρους
966 1098 1085 1156 σκοπεῖ-
1190 1088 1276 1148 ΧΙΙΙ.
1321 1084 1447 1147 Bonitas
1477 1088 1567 1164 partis
1600 1077 1713 1146 evictae
1745 1088 1936 1160 aestimatur,
1967 1101 2042 1163 quas
2084 1080 2167 1132 Mt.

164 1205 226 1327 ραι,
250 1176 319 1279 ήτις
338 1168 376 1258 ήν
399 1177 431 1240 iv
452 1182 497 1263 τῷ
519 1181 617 1263 καιρῷ
638 1175 693 1257 τῆς
714 1174 866 1259 πράσεως,
890 1179 926 1240 οὐ
946 1174 1010 1258 μήν
1031 1174 1087 1257 τῆς
1120 1188 1183 1236 erat
1205 1186 1336 1253 tempore
1359 1173 1552 1245 venditionis,
1574 1191 1629 1230 nec
1650 1192 1718 1231 vero
1736 1172 1904 1232 evictionis.
2067 1154 2103 1204 ⁰·
2119 1155 2174 1204 ‘⁰¹¹⁰

181 1288 245 1328 κνικ
267 1287 351 1327 osvo.

232 1288 343 1427 ΕηίΜλ
360 1348 395 1412 δὲ
422 1347 501 1427 μετὰ
533 1351 634 1412 ταῦτα
666 1346 767 1430 γίγονε
800 1341 988 1429 πρύσκλυσις
1018 1344 1086 1428 ήτοε
1185 1345 1266 1405 xlv.
1304 1343 1363 1404 Sed
1382 1344 1409 1401 si
1429 1353 1530 1421 postes
1552 1343 1660 1403 allusio
1682 1342 1764 1402 iacta
1784 1353 1839 1418 est,
1859 1352 1970 1422 tempus
1991 1360 2040 1400 ac·
2071 1342 2154 1399 Mi.
2167 1360 2210 1409 pr.

166 1430 345 1519 προσθήκη,
369 1437 413 1518 τῷ
436 1437 531 1519 καιρῷ
552 1440 608 1516 τῆς
629 1430 815 1517 προσθήκης
834 1433 1033 1512 προσέχομεν.
1120 1434 1261 1492 τεεελουίτ
1282 1439 1456 1508 spectamus.
2078 1421 2112 1469 D·
2132 1414 2188 1468 ὀί·

252 1532 465 1617 Δουλείας“”)
489 1535 524 1598 δὲ
546 1535 757 1615 ίκνικηθείσης
777 1538 835 1597 τοῦ
852 1530 945 1616 άγροῦ
963 1531 1022 1615 χρή
1041 1558 1086 1596 τι·
1213 1534 1248 1594 Si
1273 1552 1345 1591 vero
1374 1532 1502 1590 servitus
1532 1532 1646 1608 proedii
1676 1532 1774 1591 evicta
1804 1533 1862 1604 sit,
1892 1530 2045 1590 aestimari
2064 1534 2090 1601 ς.
2101 1532 2126 1585 1.

166 1627 302 1703 μεῖσθαι,
326 1616 426 1684 πόσου
445 1621 563 1704 γέγονεν
585 1615 602 1682 δ
625 1617 719 1701 άγρδς
739 1617 854 1700 ήττιαν,
886 1620 937 1681 καλ
959 1621 1088 1682 καταδι-
1122 1629 1258 1698 oportet,
1284 1619 1389 1696 quanti
1410 1617 1534 1674 minoris
1558 1616 1671 1676 factum
1694 1626 1740 1676 est
1762 1617 1932 1695 praedium,
1959 1626 1991 1675 et
2012 1618 2047 1675 in

167 1705 315 1785 κάζεσθαε
337 1707 392 1769 τόν
415 1703 534 1789 πράτην
556 1705 605 1768 ίπλ
627 1708 789 1769 τοσοῦτον.
1121 1705 1178 1765 boc
1200 1704 1390 1763 condemnari
1410 1700 1604 1761 venditorem.

239 1803 394 1890 ozt0v⁴⁰³)
416 1803 435 1888 ἢ
457 1808 567 1870 πλοίου
589 1804 763 1887 πραθέντος
783 1803 821 1868 οῦ
844 1805 987 1870 δοκεῖτὰ
1009 1801 1087 1868 καθ’
1184 1802 1318 1864 XXXV.
1362 1801 1457 1861 Domo
1485 1812 1538 1860 sut
1563 1821 1638 1862 nare
1665 1805 1786 1865 vendite
1814 1823 1874 1864 non
1905 1805 2045 1865 videntur
2086 1806 2121 1855 1..
2131 1796 2175 1856 ³⁶·

169 1890 302 1969 denoto,
332 1887 399 1955 οἷον
423 1893 508 1955 λίθοι
535 1889 554 1973 ή
585 1891 722 1967 σανίδες,
754 1887 991 1974 πιπράσκεσθαι.
1040 1888 1089 1952 διδ
1122 1893 1257 1970 singule,
1289 1897 1397 1966 utputa
1417 1898 1570 1947 caementa
1591 1891 1637 1948 vel
1662 1892 1795 1966 tabulae,
1823 1891 1920 1951 vendi.
1964 1893 2047 1960 Qua·
2072 1876 2108 1930 Β·
2128 1877 2182 1925 ‘⁰⁶⁴

170 1978 240 2043 οῦτε
267 1979 334 2059 περλ
364 1975 545 2058 ίκνεκήσειος
571 1973 677 2039 αύτεῦν
698 1972 715 2038 ύ
738 1972 859 2059 πράτης
888 1977 1021 2057 λνίχεται
1047 1974 1090 2048 είς
1123 1986 1240 2054 propter
1261 1994 1315 2033 nec
1331 1973 1488 2032 evictionis
1511 1993 1612 2032 eorum
1636 1977 1754 2035 nomine
1776 1976 1916 2037 venditor
1938 1979 1971 2036 in
1992 1977 2043 2036 du·

170 2066 207 2128 τδ
229 2063 391 2127 διπλάσιον
414 2056 525 2126 ὡσανεὶ
545 2061 659 2147 μέρους
682 2059 908 2143 ἐκνικηθέντος.
1122 2064 1203 2139 plum
1225 2062 1374 2140 obligatur
1396 2060 1481 2136 quasi
1502 2060 1601 2118 evicta
1623 2070 1715 2139 parte.

239 2161 382 2246 051⁶⁴⁰⁴l
406 2163 473 2245 ἠελλ
497 2164 613 2238 nando
631 2161 813 2247 πράγματος
834 2199 877 2211 -
1188 2159 1337 2221 XXXVI.
1373 2160 1474 2239 Neque
1496 2161 1532 2219 de
1554 2165 1633 2220 omni
1656 2183 1688 2223 rc
1711 2195 1753 2209 -
2090 2128 2175 2185 W·

235 2263 374 2350 'Esiv⁴⁰⁵)
400 2265 436 2330 τδ
457 2265 600 2347 ἐνέχυρον
621 2264 744 2347 πραθὲν
763 2259 825 2327 ῦπδ
848 2267 906 2345 τοῦ
929 2265 1089 2328 δανειστοῦ
1188 2261 1353 2323 xxxvii.
1388 2261 1423 2321 si
1439 2264 1556 2343 pignus,
1579 2264 1657 2341 quod
1676 2285 1694 2323 a
1711 2266 1857 2325 creditore
1871 2266 2047 2326 distractum
2075 2206 2194 2327 ”lagga

171 2354 331 2436 λκνεκηθῇ,
358 2348 718 2455 έκχισρεῖτῷδγοραστγῖ
741 2350 796 2432 τήν
817 2349 972 2416 nordroni
992 2347 1090 2433 χρεώ·
1123 2359 1185 2423 est,
1209 2350 1336 2407 evictum
1359 2349 1415 2418 sit,
1436 2349 1544 2407 emtori
1564 2350 1644 2409 cedit
1666 2354 1803 2430 actione,
1833 2370 1920 2431 quam
1942 2352 1978 2412 ob
1998 2354 2046 2430 pi·
2077 2346 2112 2397 ⁰·
2138 2343 2196 2395 ⁸⁰1¹·

172 2464 249 2506 στου
271 2438 340 2519 περλ
361 2442 417 2500 τοῦ
441 2436 582 2519 ίνεχύρου
605 2434 738 2518 άγιογην.
1124 2455 1199 2517 gnus
1224 2435 1364 2492 adversus
1386 2434 1547 2492 debitorem
1570 2432 1668 2497 babet.

235 2537 333 2623 ‘0⁴⁰‘)
352 2535 422 2600 υλδν
443 2536 522 2600 ἴδιον
542 2534 563 2619 il
583 2530 764 2616 οἱανδήποτε
785 2533 953 2619 ἐλεύθερον
974 2533 1092 2619 άγνοιῦν
1186 2531 1366 2595 xxxvnr.
1407 2535 1467 2603 Qui
1488 2535 1581 2594 tilium
1604 2556 1689 2596 suum
1709 2547 1761 2598 eut
1781 2557 1983 2618 quemcunque
2006 2542 2046 2599 li·
2088 2544 2170 2603 Mt.

172 2624 320 2709 πωλήσας
342 2620 386 2698 ῦς
407 2624 534 2702 δοῦλον,
554 2618 712 2685 ῦπάκειται
733 2623 801 2704 περλ
824 2621 1014 2704 ίκνικήσεως.
1124 2622 1224 2681 berum
1245 2622 1386 2698 ignorans
1410 2630 1549 2700 tanquam
1571 2641 1688 2683 servum
1707 2623 1860 2695 vendidit,
1889 2627 2047 2686 opinioni.
2074 2615 2100 2681 i.
2114 2616 2139 2668 l.
2155 2617 2182 2668 4.

1126 2711 1244 2766 nomine
1267 2716 1395 2765 tenetur.
2082 2689 2115 2738 D.
2132 2690 2187 2739 eod.

237 2789 374 2876 ’Efflml
398 2787 414 2857 ὃ
438 2787 595 2875 miska?
615 2789 707 2896 ‘3735’
729 2789 804 2875 ''al’'
823 2792 899 2872 ίθθῧ
919 2793 970 2854 ⁸⁰¹²
987 2788 1093 2869 λαβὼν
1192 2788 1351 2850 ΧΧΧΙΧ.
1384 2793 1419 2851 Si
1439 2793 1483 2865 is,
1508 2796 1558 2870 qui
1581 2793 1704 2853 fundum
1726 2813 1743 2852 ε
1762 2815 1809 2854 me
1830 2798 1902 2856 emit
1926 2806 1958 2855 et
1977 2796 2048 2855 fide·
2092 2800 2122 2850 1..
2131 2799 2175 2851 ll).

175 2880 321 2967 iyyopsbc
343 2876 451 2962 voivn
474 2902 514 2956 pe
537 2881 738 2960 '‘llwvtwv,
769 2878 820 2940 nel
847 2873 903 2941 τύν
925 2876 1018 2960 ύγρόν
1040 2881 1094 2957 λη·
1126 2881 1256 2938 iussores
1279 2879 1409 2954 accepis,
1433 2878 1569 2937 heredem
1597 2899 1643 2937 me
1666 2882 1838 2957 scripserit,
1867 2892 1898 2940 et
1924 2881 2049 2941 fundum
2077 2871 2110 2920 ⁰·
2132 2873 2188 2921 ‘⁰‘-

175 2966 323 3052 ynseocp,
348 2967 587 3047 ἕλὲϋθὲρθῦνῐω
606 2966 797 3046 παραχρῆμα
812 2961 842 3025 ολ
861 2963 1012 3047 έγγυηταί.
1039 2962 1095 3025 κᾶν
1127 2966 1283 3043 legaverit,
1303 2961 1488 3021 fideiussores
1510 2962 1610 3023 stetim
1633 2964 1805 3025 liberantur.
1849 2966 1923 3026 Nam
1953 2970 1979 3024 si
1999 2968 2048 3026 τοι

174 3053 234 3137 γάρ
252 3052 400 3133 έκνικηθῇ
420 3046 503 3129 παρά
524 3050 580 3110 τοῦ
601 3050 791 3129 λεγαταρίου,
816 3047 874 3110 ούκ
897 3049 1057 3127 ίνέχονται.
1128 3052 1282 3109 evincatur
1303 3067 1321 3104 a
1341 3049 1498 3126 legatario,
1517 3068 1577 3108 non
1599 3059 1745 3109 tenentur.

258 3148 397 3231 'Edem-⁸)
427 3144 584 3232 ἀγοράσας
605 3146 700 3231 άγρύν
722 3149 805 3230 παρὰ
832 3153 889 3213 σοῦ
913 3150 963 3211 καὶ
986 3149 1093 3226 λαβὼν
1191 3146 1257 3209 XL.
1297 3148 1332 3208 si
1354 3147 1479 3209 fundum
1507 3162 1576 3209 ate
1602 3170 1697 3210 emero
1717 3152 1886 3213 fideiussore
1914 3162 2050 3231 accepto,
2069 3155 2100 3208 1⁴.
2110 3155 2189 3219 Μ·
2199 3157 2226 3213 2.

176 3236 325 3320 ίγγυητελς
355 3230 489 3315 πωλήσει
518 3232 613 3296 αὐτὸν
632 3234 751 3320 πέτρῳ,
785 3229 851 3297 είτα
873 3231 1097 3314 κληρονομήσω
1128 3254 1252 3312 eumque
1271 3233 1358 3293 Petro
1381 3234 1550 3310 vendidero,
1573 3236 1678 3295 deinde
1697 3235 1783 3295 Petro
1805 3240 1889 3298 heres
1912 3241 2049 3311 extitero,
2084 3231 2118 3281 D·
2140 3230 2193 3277 ὀύ·

176 3325 305 3405 πέτρου,
327 3320 346 3403 ip*
370 3322 479 3403 πέτρος
501 3318 594 3398 ἐμοῦ,
619 3322 669 3380 καὶ
691 3319 840 3401 ίκνικηθῂ
862 3315 878 3383 δ
901 3317 1011 3401 άγρδς,
1037 3319 1097 3384 ίνέ-
1129 3322 1178 3378 vol
1200 3320 1306 3378 Petrus
1328 3318 1417 3391 mibi,
1446 3329 1477 3376 et
1498 3340 1568 3401 ager
1589 3323 1700 3381 evictus
1725 3323 1832 3397 luerit,
1863 3323 2050 3382 fideiussores

174 3430 285 3489 χονται
315 3408 344 3471 ολ
369 3406 529 3489 ίγγυηταλ,
564 3399 605 3476 ὡς
629 3406 679 3466 καλ
701 3402 794 3479 εἴτις
821 3402 913 3478 ἄλλος
942 3406 1021 3481 ίμοῦ
1047 3404 1098 3466 καλ
1130 3416 1283 3479 tenentur,
1310 3405 1401 3463 sicuti
1426 3416 1457 3463 et
1477 3409 1504 3463 si
1525 3408 1688 3483 quisalius
1709 3407 1779 3466 milri
1801 3420 1833 3467 et
1857 3408 1946 3467 Petro
1969 3407 2052 3467 ireres

177 3494 289 3575 πέτρου
306 3486 542 3573 κληρονομήσει.
571 3488 718 3573 ὅτανγὰρ
734 3487 896 3571 δανειστής
916 3494 1101 3570 κληρονομεῖ
1129 3492 1272 3549 extiterit.
1316 3489 1439 3549 Nomai
1461 3491 1591 3550 creditor
1615 3493 1742 3551 debitori
1762 3494 1911 3567 succedit,
1936 3492 2052 3552 heredi·

176 3584 234 3641 τοῦ
253 3576 430 3662 χρεώστου,
461 3573 563 3657 ἥττων
585 3568 603 3655 ή
628 3578 817 3657 κληρονομία
838 3578 925 3637 δοκεῖ
948 3571 1024 3636 εἶναι
1046 3574 1098 3635 καλ
1132 3588 1177 3633 tes
1201 3594 1237 3634 eo
1259 3577 1356 3633 minor
1377 3594 1440 3632 esse
1462 3576 1579 3635 videtur
1602 3587 1633 3636 et
1652 3575 1735 3635 heres
1756 3580 1947 3656 locupletior:
1970 3580 2053 3636 sine

179 3658 196 3726 δ
218 3662 410 3745 κληρονόμος
432 3655 658 3741 εὐπορώτερος·
681 3661 708 3723 ελ
725 3661 758 3723 δέ
770 3657 952 3723 τούναντίον
970 3654 986 3720 ά
998 3655 1099 3740 χρειά-
1130 3662 1283 3718 contrario
1306 3659 1421 3719 debitor
1444 3661 1584 3722 creditori
1612 3663 1697 3721 heres
1726 3665 1878 3738 extiterit,
1903 3663 2052 3722 hereditas

178 3771 256 3830 στης
287 3745 511 3829 κληρονομήσει
539 3748 597 3806 τοῦ
624 3747 806 3823 δανειστοῦ,
840 3738 961 3825 δοκεῖή
984 3749 1098 3827 κληρο-
1129 3747 1304 3822 locupietior
1328 3764 1389 3803 esse
1415 3746 1551 3821 videtur,
1580 3758 1699 3828 propter
1721 3747 1753 3806 id
1777 3748 1856 3827 quod
1888 3748 1924 3806 ab
1946 3747 2054 3807 herede

178 3837 273 3914 νομία
296 3833 493 3914 εὐπορωτέρα
509 3822 586 3892 είναι
602 3828 655 3892 διὰ
673 3830 708 3893 τδ
728 3829 814 3915 παρά
828 3835 888 3894 τοῦ
906 3828 1098 3913 κληρονόμου
1130 3832 1158 3888 ei
1177 3832 1309 3891 debetur.

174 3916 427 4004 χρειυστοῦμενον
446 3912 538 3999 αὐτῇ.

243 4014 382 4098 Ἐάν“”)
401 4014 507 4099 ἔγκυος
529 4011 627 4096 δούλη
648 4021 769 4103 σρσθῇ,
791 4018 843 4081 καὶ
863 4013 901 4083 τά
924 4015 1033 4099 τεχθίν
1051 4015 1099 4080 la·
1195 4014 1278 4076 xm.
1312 4017 1347 4077 Si
1368 4037 1532 4101 praegnans
1554 4021 1663 4080 ancilla
1683 4020 1806 4081 vendita
1827 4019 1876 4094 sit,
1898 4031 1930 4079 et
1951 4029 2051 4098 partun
2095 4019 2185 4073 Mt.

178 4108 305 4188 νικηθῇ,
326 4100 381 4167 οῦκ
402 4104 532 4183 ἐνέχεται
555 4095 571 4163 ῦ
593 4097 718 4184 πράτης.
751 4101 882 4188 olum)
902 4103 961 4190 γάρ
978 4100 994 4166 ὁ
1014 4124 1100 4166 τοκε-
1131 4105 1247 4164 evictus
1270 4103 1370 4177 fuerit,
1390 4107 1526 4165 venditor
1549 4125 1607 4164 non
1631 4116 1757 4164 tenetur.
1780 4107 1880 4185 Neque
1893 4108 1971 4165 enim
1984 4123 2052 4182 par·
2081 4092 2117 4141 ⁰·
2141 4095 2194 4143 Μ·

180 4191 234 4266 τδς
257 4186 390 4270 ἐπράθη.
1133 4199 1180 4247 tus
1203 4188 1341 4247 venditus
1363 4200 1417 4247 est.

248 4273 359 4355 Tim)
388 4270 464 4336 αὐτὸ
491 4271 541 4333 καλ
570 4271 619 4334 inl
647 4276 706 4335 τοῦ
727 4270 806 4354 μετά
832 4270 889 4354 τήν
916 4275 1029 4358 πρᾶσιν
1052 4295 1100 4336 τε·
1195 4271 1290 4333 Xbll.
1335 4272 1413 4334 ldem
1436 4285 1467 4332 et
1490 4275 1525 4333 de
1546 4276 1641 4334 vitulo
1660 4286 1727 4355 post
1749 4277 1949 4336 venditionem
1970 4283 2051 4333 nato.
2100 4273 2185 4327 uta.

178 4362 314 4442 χθέντος
335 4354 530 4440 μάσχου.“’)
1699 4377 1702 4384 ·
2079 4349 2115 4398 D·
2133 4349 2188 4396 eoa.

248 4439 471 4526 levjcn5⁴¹⁸)
493 4440 587 4526 άγρδν
611 4438 720 4508 ἑκατδν
741 4441 852 4526 ζιυγιῦν
869 4440 1011 4521 ῦπέδειξα
1029 4442 1101 4518 τοῦς
1197 4442 1304 4504 xilv.
1338 4443 1472 4505 Fundam
1490 4456 1610 4506 centum
1633 4445 1908 4526 iugerumvendidi
1925 4438 1960 4504 ¹et
1981 4445 2054 4503 fines
2096 4441 2181 4495 Μδ·

182 4532 275 4614 ὅρους
296 4530 434 4602 πλείονας
454 4530 586 4612 μέτρου·
608 4528 661 4592 dlv
675 4531 709 4591 τί
723 4554 795 4594 ποτε
817 4531 849 4593 ἐκ
871 4537 934 4595 τῶν
953 4529 1034 4612 ὅροιν
1052 4530 1100 4591 ίκ-
1133 4532 1253 4590 maioris
1270 4531 1350 4589 modi
1367 4531 1581 4591 demonstravi:
1604 4532 1631 4588 sl
1652 4530 1722 4608 quid
1745 4550 1781 4589 ex
1798 4530 1904 4589 finibus
1925 4531 2055 4590 evictum
2082 4514 2115 4564 υ·
2138 4515 2193 4564 ⁰⁰⁴·

183 4623 316 4701 νικηθῇ,
349 4615 427 4698 πρὸς
455 4613 510 4696 τήν
539 4614 691 4696 καλλονήν
719 4611 902 4697 ύπύκειμαι,
934 4615 960 4679 ελ
985 4616 1036 4678 καλ
1066 4614 1102 4678 τύ
1134 4618 1236 4689 fuerit,
1259 4636 1310 4693 pro
1326 4616 1457 4675 bonitate
1481 4627 1593 4690 teneor,
1615 4618 1702 4685 licet,
1726 4616 1805 4695 quod
1831 4617 1980 4694 reliquum
2003 4625 2057 4690 est,

183 4702 380 4785 περιλειφθὲν
404 4698 464 4780 έχεε
485 4698 523 4763 τά
546 4697 572 4783 ρ’
590 4698 686 4783 ζεύγη.
1135 4713 1252 4761 centnm
1274 4704 1378 4781 iugera
1396 4704 1557 4764 contineat.

252 4879 315 4937 coe)
333 4878 396 4936 syn.
414 4879 507 4936 para.
542 4883 629 4948 ιισρο
646 4882 738 4930 otas.
1204 4875 1269 4937 411)
1287 4875 1351 4935 syn.
1370 4876 1464 4934 ΜΗ.
1492 4877 1577 4941 napa
1593 4875 1633 4923 tn.
1645 4875 1687 4928 tt.

253 4946 317 5010 399)
335 4951 397 5007 Syn.
411 4947 481 4994 edite
492 4949 517 4996 ln
530 4951 659 5011 margine:
679 4948 712 5003 τά
726 4948 879 5020 ίγκλήματα.
890 4977 926 4991 -
942 4954 1005 5000 Mox
1019 4951 1105 5014 Πεῖρα
1203 4946 1268 5006 412)
1285 4946 1348 5004 syn.
1366 4943 1441 4993 babet
1454 4943 1593 4994 scholiumc
1618 4941 1765 5006 Θεμάτισον
1776 4939 1794 5012 ἢ
1806 4938 1997 5012 τελευτήσασαν
2010 4939 2058 5010 τήν

185 5019 226 5070 tlt.
239 5022 270 5069 38
285 5018 382 5077 aliquid
399 5018 482 5081 habet,
500 5021 567 5080 quod
584 5023 615 5069 ad
632 5022 650 5070 l.
665 5024 695 5072 12
713 5024 744 5072 D.
757 5021 781 5071 b.
792 5026 812 5072 t.
831 5023 952 5082 pertinet.
977 5021 1106 5070 Nimirum
1138 5010 1300 5079 θεράπαιναν
1315 5008 1333 5079 ἢ
1347 5010 1395 5077 τήν
1407 5012 1530 5080 δάμαλιν,
1548 5014 1591 5064 καλ
1608 5013 1676 5078 μετὰ
1692 5015 1773 5064 τοῦτο
1791 5010 1824 5065 τά
1842 5015 1971 5077 τεχθέντα
1991 5011 2058 5063 isde-

185 5091 248 5140 lroc:
279 5087 339 5138 τοῦ
365 5088 528 5153 πλάτους.
558 5086 623 5144 Ὃν.
641 5086 655 5142 ὁ
676 5088 884 5159 πιπρασκόμενος
903 5090 933 5141 τὸ
954 5092 1021 5142 ἵλεον
1040 5086 1108 5158 ὁρῶν
1139 5085 1269 5151 κηθῇναν·
1290 5074 1368 5150 ήάτι
1387 5080 1433 5133 τὸν
1447 5084 1580 5165 μέλλοντα
1599 5081 1709 5135 innodes
1730 5080 1829 5148 ταύτης
1849 5079 1954 5134 τοκετὸν
1975 5079 1990 5131 δ
2014 5083 2057 5133 δε·
2142 5111 2143 5116 =

186 5165 228 5213 soi
253 5154 290 5222 μή
315 5152 451 5223 dmum
475 5154 553 5217 αὗτύο
580 5160 753 5229 πρυτοτύπυς
776 5156 928 5230 πιπράσκειν
950 5160 1036 5222 δοκεῖ,
1065 5159 1109 5211 καλ
1141 5152 1239 5217 ταύτης
1261 5151 1377 5220 πρὸτῆς
1400 5170 1518 5219 πράσεως
1543 5150 1694 5217 λληγάτευσέ
1710 5171 1770 5203 τενε.
1804 5150 1818 5203 ά
1838 5152 2011 5216 ληγατιυθελς
2026 5147 2057 5200 τὸ

186 5225 321 5287 ὑπόκειται
338 5231 372 5298 τῇ
391 5223 514 5293 ίκνικήοει
532 5228 580 5282 τοῦ
598 5226 761 5302 πράγματος,
1140 5227 1235 5288 βρέφος
1255 5213 1272 5285 ή
1293 5217 1340 5271 τὸν
1361 5216 1459 5287 μόσχον
1482 5221 1614 5290 ίκδικήσαν
1637 5217 1703 5288 μετά
1724 5217 1772 5289 τήν
1791 5221 1909 5285 γέννησιν
1925 5220 1985 5276 τέως
2010 5213 2060 5270 δύ-

251 5296 316 5363 too)
334 5303 417 5364 ΙΙεῑρα
434 5298 475 5344 tit.
487 5300 527 5348 38.
1141 5310 1226 5354 veras,
1244 5290 1267 5342 si
1283 5291 1328 5340 καλ
1346 5288 1384 5358 μή
1400 5294 1433 5356 τῇ
1451 5287 1551 5360 δοάπλη
1571 5289 1712 5356 κατέχεται,
1731 5291 1804 5340 silice
1820 5291 1853 5356 τῇ
1872 5289 1898 5345 di
1915 5289 2006 5354 λμπτο,
2026 5282 2060 5346 ὃς

253 5370 317 5428 401)
335 5371 422 5431 Ιίεῖριε
439 5368 456 5416 l.
470 5367 487 5417 l.
1142 5364 1169 5411 ίν
1186 5363 1222 5428 τῷ
1240 5356 1265 5425 η’
1276 5364 1312 5426 βε.
1328 5362 1380 5409 τάν
1397 5361 1424 5411 δλ
1442 5359 1535 5427 (bipinne
1552 5365 1641 5409 κεῖται.
1673 5359 1758 5424 (Pone
1775 5358 1819 5408 vel
1834 5361 1960 5405 mortuam
1979 5356 2062 5404 ancil.

254 5438 320 5502 402)
342 5441 421 5501 Ιίιῖρα
440 5439 457 5486 Ι.
470 5437 487 5485 l.
1142 5431 1192 5477 lam
1211 5431 1254 5478 vei
1275 5444 1391 5489 vaccam,
1413 5433 1439 5477 et
1459 5429 1551 5476 deinde
1568 5433 1668 5488 partum
1690 5429 1792 5478 evinci:
1818 5429 1860 5476 vel
1878 5427 1944 5488 quod
1961 5430 2062 5487 partum

253 5508 319 5568 403)
336 5508 399 5566 Syn.
417 5507 510 5567 pm.
538 5510 623 5574 Πιῑρα
640 5509 681 5559 tit.
695 5511 737 5558 38.
1142 5502 1199 5548 eius
1223 5500 1335 5549 nondum
1361 5499 1457 5548 editum
1481 5499 1599 5546 dominus
1616 5504 1676 5548 ante
1695 5500 1869 5548 venditionem
1892 5497 1970 5545 alicui
1987 5497 2062 5557 legs-

254 5579 321 5643 40l)
350 5579 404 5624 Hoc
434 5576 537 5624 initium
566 5578 641 5627 buius
667 5592 721 5639 cap.
748 5578 861 5638 praestat
881 5575 1014 5636 'l'ipncitus
1043 5572 1109 5634 apud
1142 5571 1217 5624 verit.
1253 5573 1288 5631 is,
1313 5570 1354 5629 epi
1371 5570 1470 5632 legatus
1488 5574 1529 5617 est
1546 5568 1629 5616 intans
1647 5574 1692 5617 aut
1710 5570 1815 5632 vituios,
1834 5568 1964 5628 evincere,
1989 5569 2062 5626 post-

186 5650 290 5703 Her’snb.
311 5649 394 5707 noos
413 5647 491 5697 schol.
1143 5655 1217 5702 quam
1239 5641 1325 5688 editus
1343 5645 1396 5701 cst,
1424 5654 1482 5687 eum
1500 5642 1603 5701 potest,
1627 5640 1689 5688 lieet
1713 5654 1748 5689 ex
1765 5639 1842 5699 dupla
1857 5651 1910 5686 non
1933 5638 2061 5697 tencatur,

254 5717 320 5783 405)
338 5723 422 5783 Πελρα
439 5718 480 5764 tit.
496 5719 534 5771 tt,
1143 5712 1189 5759 sed
1208 5725 1243 5760 ex
1262 5714 1342 5771 emto,
1363 5711 1429 5758 sicut
1447 5710 1475 5756 in
1493 5709 1585 5757 libret
1603 5711 1635 5758 de
1651 5711 1728 5759 νεδκε
1747 5705 1875 5791 habetur.)
1906 5734 1937 5744 -
1966 5707 2060 5754 lisdem

256 5791 321 5852 406)
338 5788 425 5855 Πεῖρα
441 5786 537 5835 τίλλε.
1143 5783 1170 5829 in
1190 5780 1293 5830 brevius
1317 5784 1447 5828 contracta
1468 5781 1582 5839 praestat
1600 5782 1702 5844 Ιίεῖρα,
1728 5779 1780 5831 sic:
1809 5795 1871 5829 του
1899 5770 2059 5833 πλάτους.

254 5860 320 5922 407)
337 5862 421 5921 Πνῖρα
439 5860 478 5905 tit.
490 5860 531 5906 65.
1020 5898 1021 5902 ,
1136 5845 1261 5902 Ὕπάθου
1278 5846 1336 5901 τινά
1357 5845 1507 5914 λεγατεῦσαί
1522 5866 1575 5898 τενι
1591 5843 1622 5897 τό
1639 5843 1696 5901 cini
1718 5848 1766 5914 τῆς
1785 5846 1944 5916 θεραπαίνης
1965 5845 2061 5912 μέλλον

254 5926 321 5989 408)
339 5931 424 5993 ΙΙεῐρα
438 5928 480 5975 tit.
492 5928 534 5978 bb.
1141 5923 1279 5971 τίκτεσθαι
1302 5915 1374 5970 καλά
1394 5915 1553 5988 ληγατάρεος
1574 5912 1697 5985 βούλεται
1717 5911 1787 5981 μετά
1806 5912 1854 5971 τάν
1870 5908 1977 5968 smnio
1994 5913 2061 5971 lado·

256 6000 320 6060 ⁴0⁰)
339 5999 511 6058 Sympsm.
540 5990 733 6064 lietpstitla.
1142 5984 1267 6061 νικήσαντά
1284 5989 1386 6058 βρέφος.

256 6068 321 6137 410)
339 6070 439 6136 Πεῖρος
458 6063 528 6121 etat.
1210 6058 1277 6125 41⁸)
1294 6059 1378 6129 Πεῖρτ
1394 6057 1435 6109 tn
1446 6059 1487 6111 lt.

1644 6136 1711 6213 ³6*
