4978 7018
388 469 408 529 4
644 464 805 532 INDEX
826 466 927 534 GUII
950 465 1047 534 DEO
1071 465 1196 533 TOIII
1218 466 1442 535 SECUNDL
1488 467 1643 534 LIBER
1665 468 1961 535 XXVH—XXX.

732 646 864 700 ΒΙΒΛΙΟΝ
883 646 944 700 1(Ζῖ
1302 648 1306 749 ί
1638 647 1755 703 LIBER
1772 647 1894 702 XXVII.

283 765 352 820 ια’.
455 711 478 815 ά
501 754 709 835 πραγμάτων
730 749 778 816 ὧν
803 756 824 830 ἡ
846 753 1023 818 δεσποτεία
1046 754 1305 841 prioratuum!
1383 756 1421 818 de
1443 755 1543 831 rebus,
1565 756 1604 818 ds
1625 777 1756 837 quarum
1777 757 1913 819 dominio
1934 756 2080 838 litigatur.
2292 766 2321 815 ι
2343 769 2375 815 1.

732 912 863 967 ΒΙΒΛΙΟΝ
882 913 943 967 ΚΗ’.
1300 834 1305 1005 β
1634 913 1750 969 LIBER
1766 915 1903 971 XXVIII.

296 1072 303 1086 .
335 1033 352 1087 ¹.
454 979 477 1083 ά
498 1021 683 1101 μνηστείας.
1300 1016 1304 1131 ἰ
1381 1023 1420 1084 de
1442 1022 1644 1105 sponsalibus
1810 1018 1816 1027 ’
2283 1042 2314 1091 r.
2335 1043 2369 1091 1.

454 1140 477 1243 ά
500 1180 634 1265 δωρεῶν
655 1181 841 1263 μνηστείας.
1381 1182 1528 1245 dodonis
1551 1183 1748 1265 sponsalieiia
2282 1204 2309 1252 t.
2328 1202 2363 1251 a

298 1510 305 1523 ,
342 1510 349 1523 ,
453 1446 526 1533 περὶ
548 1448 780 1530 κεκωλυμένων
801 1449 925 1530 γάμων.
1381 1449 1420 1511 de
1441 1449 1600 1532 prohibitis
1622 1451 1745 1532 nuptiis
2276 1471 2302 1519 ι
2318 1470 2354 1518 5.

294 1614 301 1629 ,
341 1616 349 1630 ,
452 1554 524 1638 περὶ
547 1557 837 1637 ἀθεμιτογαμιῶντ
854 1592 896 1601 -
1380 1557 1419 1618 de
1440 1558 1478 1618 iis
1500 1558 1553 1638 qui
1575 1557 1698 1619 illicitas
1722 1556 1906 1619 eontrahunt
1927 1559 2059 1640 nuptias.
2272 1577 2298 1624 τ.
2316 1578 2351 1625 e.

340 1723 347 1737 ,
452 1660 526 1746 περλ
548 1661 671 1737 λύσεως
693 1663 823 1744 γάμωνε
839 1700 883 1713 -
1381 1663 1419 1725 de
1440 1664 1622 1726 resolutione
1644 1665 1829 1745 nuptiarum
2270 1683 2295 1730 t.
2314 1682 2346 1731 ⁵1.

294 1830 301 1842 ,
331 1789 347 1844 ’,
451 1767 524 1853 περὶ
547 1769 764 1851 διαλυομένου
785 1770 1005 1833 συνοικεσιόυ·
1032 1772 1052 1846 ἡ
1076 1769 1175 1854 προῖξ
1196 1791 1287 1833 κατα
1379 1770 1510 1833 resoluto
1533 1772 1725 1833 matrimonio
1748 1772 1802 1833 dos
1825 1771 1976 1851 quomodo
1998 1782 2128 1852 petatur.
2268 1790 2294 1837 τ.
2310 1790 2343 1838 8.

384 1885 482 1940 ποῖον
503 1877 632 1960 τρόπον
653 1878 860 1940 ἀπαιτεῖταιε
876 1913 919 1923 -
1298 1812 1302 1945 λ

273 2021 294 2055 1,
308 2002 348 2057 εγ,
450 1981 551 2060 tciri
578 1983 678 2067 προῖξ
705 1987 946 2065 συνισταμένου
972 1990 1034 2046 τοῦ
1066 1984 1176 2065 γάμου
1204 1950 1301 2105 ἀπο-1
1380 1983 1407 2044 si
1428 1984 1484 2045 dos
1507 1992 1666 2046 oonstante
1689 1984 1880 2046 matrimonio
1902 1985 1943 2046 sit
1964 1985 2105 2047 restituta
2124 1994 2157 2046 et
2176 2005 2221 2047 ne
2262 1994 2287 2042 ι
2305 1994 2337 2043 9.

383 2089 478 2177 δοθῇ
499 2088 557 2153 καλ
579 2092 664 2170 (τοῦ)
685 2088 729 2172 μὴ
744 2089 941 2171 ἐγγυητάςῆ
963 2090 1179 2174 μανδάτορας
1195 2110 1286 2175 προι-
1312 2089 1503 2152 fideiussores
1525 2091 1575 2153 vel
1596 2091 1790 2153 mandatores
1813 2091 1892 2153 dotis
1914 2091 2017 2153 danto.

382 2197 480 2259 κάων
501 2196 705 2261 διδότωσανε
722 2234 763 2243 -

1300 1152 1304 1225 i

1300 1232 1303 1301 !

342 1411 350 1426 ,
453 1339 527 1426 περὶ
550 1342 679 1423 γάμωνε
696 1379 738 1388 -
1300 1328 1303 1381 ¹
1381 1343 1420 1404 ds
1442 1345 1565 1426 nuptiis.
2279 1364 2305 1411 t.
2323 1364 2357 1413 4.

1299 1394 1303 1609 ἔ

284 2393 307 2429 1,
320 2374 347 2427 ι’,
450 2315 640 2433 άδαπάνης
654 2361 688 2421 ἐν
702 2357 872 2441 πράγματι
888 2358 1087 2441 προικιμαίῳ
1103 2361 1283 2439 γενομένης.
1378 2357 1416 2420 de
1439 2366 1563 2440 sumptu
1585 2359 1617 2419 in
1639 2379 1672 2421 re
1694 2357 1790 2420 dotali
1812 2357 1902 2420 facto.
2257 2376 2348 2426 tm

266 2553 289 2587 ι,
302 2533 348 2587 td,
451 2475 475 2580 ά
497 2518 630 2599 ἀγωγῆς
652 2517 859 2603 πραγμάτων
881 2517 1151 2603 ἀφαιρεθέντων.
1378 2516 1417 2578 de
1440 2518 1560 2579 senone
1581 2538 1681 2579 reram
1704 2527 1882 2580 amotarum
2255 2537 2277 2586 ι
2295 2538 2346 2587 11.

268 2661 291 2696 r.
304 2638 348 2713 φ’,
451 2621 523 2708 περὶ
546 2633 614 2687 τῶν
636 2634 786 2706 γαμικῶν
807 2624 946 2707 κερδῶντ
963 2661 1006 2672 -
1378 2623 1416 2686 de
1438 2623 1626 2704 nuptialibus
1643 2624 1745 2686 lucris.
2254 2643 2344 2693 m,

268 2766 291 2800 ι.
304 2747 346 2821 ιγ,
443 2726 552 2811 Ὥστε,
576 2731 786 2808 ἀπαιτήσεως
809 2732 910 2807 οὔσης
933 2727 1071 2816 προικὸς
1094 2731 1227 2813 πρώτης
1249 2751 1284 2794 τε
1377 2730 1435 2803 Ut,
1467 2730 1574 2811 prioris
1603 2740 1634 2792 et
1660 2731 1812 2793 secundae
1837 2732 1917 2794 dotis
1948 2733 2092 2813 petitione
2120 2733 2213 2806 faeta,
2253 2751 2343 2800 ana
2465 2654 2475 2833 ε

383 2834 441 2899 καὶ
463 2836 627 2919 δευτέρας,
651 2839 696 2912 ὡς
718 2847 779 2901 τοῦ
793 2834 917 2921 ἀνδρὸς
938 2836 1284 2920 δευτερογαμήσαυτος
1312 2857 1381 2899 eum
1412 2837 1460 2899 vir
1490 2836 1578 2899 binas
1609 2838 1709 2900 inierit
1739 2838 1874 2920 nuptias,
1909 2838 2100 2920 praeferatur
2129 2841 2214 2920 prior
2466 2846 2474 2899 t

383 2943 620 3023 προτιμᾶσθαι
650 2942 710 3021 τὴν
736 2947 904 3027 προτέραν
927 2953 1070 3025 γυναῖκα
1098 2943 1117 3021 ἢ
1144 2941 1223 3017 τοὺς
1249 2948 1284 3006 ἐκ
1311 2964 1388 3006 uxor
1409 2944 1459 3005 vel
1481 2963 1521 3004 ex
1543 2944 1640 3024 priore
1662 2945 1853 3006 matrimonio
1874 2943 1963 3006 liberi
1985 2956 2017 3007 et
2038 2955 2085 3019 ut,
2112 2947 2138 3007 si
2160 2967 2213 3009 vo-
2465 2850 2476 3119 β

382 3059 445 3114 τοῦ
466 3053 632 3135 προτέρου
653 3052 763 3132 γάμου
785 3049 908 3125 παῖδας
929 3049 987 3114 καὶ
1010 3048 1095 3114 ὥστε
1118 3054 1145 3113 sl
1166 3049 1283 3134 βουλη-
1310 3048 1394 3112 lente
1426 3070 1520 3112 uxore
1551 3050 1600 3112 vel
1631 3070 1668 3112 eo
1695 3052 1748 3131 qui
1779 3051 1938 3113 constitnit
1963 3072 2019 3132 pro
2045 3072 2083 3114 ea
2108 3052 2212 3114 dotem
2475 3082 2476 3141 γ

383 3157 503 3234 θείσης
537 3167 596 3234 τῆς
630 3154 788 3237 γυναικὸς
825 3158 899 3234 ἢτοι
936 3165 998 3220 τοῦ
1037 3157 1283 3243 καταγράψαν-
1311 3157 1375 3218 viro
1398 3157 1473 3229 dari,
1498 3177 1536 3218 ea
1557 3177 1636 3237 quae
1659 3158 1775 3238 scripta
1796 3168 1868 3220 sunt
1889 3158 2043 3219 distulerit
2064 3160 2112 3221 vir
2134 3161 2212 3222 aoei-

383 3286 440 3338 τος
463 3263 544 3347 ὑπὲρ
567 3263 670 3339 αὐτῆς
693 3261 753 3340 τὴν
776 3272 900 3345 προῖκα
922 3263 1038 3328 δοῦναι
1054 3267 1102 3346 τῷ
1118 3263 1218 3346 ἀνδρί
1239 3261 1283 3327 τά
1310 3282 1391 3343 pers,
1414 3263 1514 3325 soluto
1537 3263 1738 3337 matrimonio,
1761 3275 1884 3344 petatur
1903 3263 1943 3326 eb
1958 3285 1995 3325 eo
2010 3286 2102 3345 quam
2124 3266 2211 3346 polli-

381 3373 649 3456 καταγραφέντα
663 3368 888 3453 ἀναβάλλεται
905 3371 923 3433 ὁ
938 3368 1281 3455 ἀνὴράποδὲξασθαι,
1310 3369 1388 3430 eitus
1411 3377 1458 3431 est
1480 3379 1551 3430 ente
1574 3370 1697 3450 nuptias
1719 3370 1851 3432 donatio.

382 3476 546 3550 λυθέντος
568 3483 631 3539 τοῦ
652 3476 762 3558 γάμου
784 3477 1007 3540 ἀπαιτεῖσθαι
1031 3473 1136 3540 αὐτὸν
1151 3475 1212 3555 τὴν
1227 3477 1280 3540 ὑπ’

381 3583 488 3647 αὐτοῦ
509 3591 791 3669 καταγραφεῖσαν
814 3583 1042 3666 προγαμιαίαν
1065 3581 1207 3666 δωρεάνε
1224 3621 1267 3631 -

266 3724 288 3759 ι.
301 3703 344 3759 ιδ.
448 3688 521 3773 περὶ
554 3687 884 3773 δευτερογαμοάυτων
915 3689 1048 3774 ἀνδρῶν
1078 3689 1136 3753 καλ
1172 3712 1282 3769 γυναι·
1375 3689 1584 3751 deserendas
1608 3689 1731 3770 nuptias
1754 3690 1928 3752 ineuntibus
1951 3691 2024 3753 viris
2051 3702 2083 3754 et
2104 3692 2210 3754 mulie
2247 3710 2267 3759 t.
2283 3712 2326 3761 ra

380 3806 464 3860 κῶντ
480 3833 523 3844 -
1308 3796 1400 3857 ribus.

269 3992 291 4026 r.
304 3973 344 4026 α’.
448 3915 471 4021 ά
508 3957 819 4030 ἀποκαταστάσεως
856 3958 1076 4040 προικιμαίωυ
1113 3955 1169 4021 καὶ
1202 3977 1281 4040 προ
1375 3955 1414 4017 de
1436 3956 1626 4019 restitutione
1648 3956 1763 4017 dotium
1786 3966 1817 4018 et
1838 3967 1961 4037 propter
1980 3959 2102 4038 nuptias
2118 3959 2209 4020 dona·
2245 3978 2321 4027 ιιε,

381 4064 547 4146 γαμιαίωυ
574 4062 706 4146 δωρεῶν
727 4061 784 4126 καὶ
808 4060 880 4145 περὶ
904 4073 962 4139 τῆς
985 4062 1142 4140 τεκούσης
1165 4067 1212 4145 τῷ
1235 4066 1281 4126 iv·
1310 4064 1425 4124 tionum
1449 4072 1481 4124 et
1502 4064 1541 4125 de
1564 4082 1601 4124 ee
1622 4084 1701 4144 qnae
1723 4063 1805 4144 parit
1827 4063 1986 4126 undecimo
2013 4085 2117 4127 mense
2139 4076 2209 4147 post

381 4169 509 4252 δεκάτῳ
532 4168 607 4252 μηνὶ
630 4167 713 4251 μετά
735 4168 796 4246 τὴν
823 4177 885 4232 τοῦ
906 4166 1029 4253 ἀνδρὸς
1053 4169 1216 4247 τελευτήυι
1238 4207 1280 4216 -
1308 4170 1365 4231 viri
1389 4179 1525 4232 mortem.

725 4327 857 4381 ΒΙΒΛΙΟΥ
876 4328 936 4383 1(θῖ
1635 4326 1750 4381 LIBER
1767 4327 1875 4382 XXIX.

274 4471 294 4506 ι.
308 4452 344 4505 α’,
447 4434 519 4521 περὶ
544 4435 676 4500 δικαίου
698 4433 836 4519 προικὸς
857 4434 914 4499 καὶ
935 4433 1000 4519 πρὸ
1016 4437 1126 4519 γάμου
1141 4436 1280 4520 δωρεᾶςε
1374 4436 1499 4519 ἀείσεο
1522 4435 1601 4497 dotis
1624 4445 1656 4497 et
1677 4445 1801 4517 propter
1822 4437 1945 4517 nuptias
1968 4438 2148 4500 donationis.
2243 4456 2261 4506 t,
2274 4457 2298 4506 ι,

275 4579 297 4612 ι.
310 4556 344 4630 β.
447 4541 521 4627 περὶ
549 4543 756 4626 ἑπαυξήσεως
779 4539 916 4627 προικὸς
938 4541 994 4606 καὶ
1021 4545 1196 4627 προγάμου
1223 4543 1279 4607 καὶ
1374 4543 1413 4604 de
1436 4551 1619 4623 augumento
1642 4543 1722 4604 dotis
1745 4552 1777 4603 et
1804 4553 1929 4624 propter
1955 4545 2078 4625 nupties
2105 4546 2208 4625 (done-
2244 4563 2295 4612 tn,

381 4650 571 4732 προνομίων
593 4650 713 4713 αὐτῶν.
1309 4650 1410 4731 tionis)
1433 4659 1464 4711 et
1486 4649 1651 4731 privilegiis
1674 4670 1787 4711 earum.

274 4853 297 4887 r.
310 4833 343 4906 t‘·
447 4768 470 4873 ά
494 4817 555 4873 τοῦ
573 4811 702 4892 χρόνου
724 4819 783 4886 τῆς
805 4808 856 4873 ἐπὶ
879 4813 920 4897 τῇ
936 4808 1047 4892 προικὶ
1064 4811 1279 4895 ἀυαργυριάς.
1375 4810 1413 4871 de
1437 4819 1572 4890 tempore
1594 4809 1673 4870 dotis
1696 4830 1757 4871 non
1780 4808 1907 4872 solutae.
2243 4829 2259 4878 ι,
2272 4829 2294 4879 ε,

274 4959 296 4994 r.
310 4937 342 4993 γ,
439 4911 539 4979 Ὥστε
567 4914 627 4992 τὴν
654 4911 711 4979 διά
742 4913 820 4989 τοὺς
852 4915 978 4998 γάμους
1016 4913 1143 4999 δωρεάν
1175 4914 1281 4979 λδικὸυ
1374 4916 1420 4980 Ut
1450 4925 1575 4998 propter
1602 4917 1725 4996 nuptias
1752 4916 1876 4978 donatio
1907 4916 1946 4978 sit
1973 4918 2112 4997 proprius
2139 4939 2209 4980 eon·
2243 4935 2294 4985 ts.

381 5022 597 5103 συνάλλαγμα
619 5018 710 5085 εἶναι.
1309 5032 1433 5084 tractus.

276 5134 342 5188 ιε’.
447 5126 520 5213 περὶ
543 5129 681 5193 πάκτων
703 5130 856 5212 προικόςτ
873 5165 914 5175 -
1375 5131 1413 5191 de
1435 5131 1532 5211 poetis
1554 5129 1642 5191 dotis.
2243 5131 2292 5181 ti·

273 5241 342 5306 nd.
445 5233 1280 5323 περὶάγροῦπροικιμαιόυκαλπρογαμιαιάςδωρειὶς.
1375 5237 1413 5296 de
1436 5236 1531 5296 fundo
1554 5235 1649 5297 dotali
1672 5244 1704 5296 et
1724 5236 1888 5297 donatione
1909 5246 2032 5318 propter
2054 5237 2186 5318 nuptias
2243 5247 2292 5297 te.

761 5373 902 5467 etenira
1644 5410 1760 5465 nrona
1778 5411 1872 5465 xxx.

272 5533 342 5590 ια’,
447 5517 518 5603 περὶ
536 5518 667 5605 δωρεῶν
681 5516 805 5602 μεταξὺ
821 5517 943 5603 ἀνδρὸς
958 5519 1015 5584 καλ
1032 5522 1201 5602 γυναικόςτ
1219 5519 1280 5566 —¹
1375 5521 1413 5582 de
1436 5519 1650 5582 donationibus
1672 5521 1750 5582 inter
1772 5521 1870 5583 virum
1893 5529 1924 5581 et
1945 5517 2100 5582 uxorem.¹
2242 5540 2257 5589 ι,
2270 5542 2289 5590 1.

450 5642 483 5693 -ε-
509 5656 677 5674 ······
675 5622 707 5695 >‘<
708 5654 714 5667 ·

450 5803 459 5835 ¹
479 5802 562 5858 Initio
574 5803 634 5857 Fol.
647 5808 723 5859 252¹:
740 5759 779 5877 αὲ
794 5804 844 5858 σὺν
866 5801 913 5858 oo
932 5792 1035 5869 ποῦίζ
1053 5765 1123 5876 βιβλῖ
1144 5802 1237 5863 Τλιλος
1254 5803 1281 5855 α’
1381 5803 1390 5835 ¹
1409 5803 1493 5857 Initio
1512 5801 1585 5856 Folii
1603 5806 1679 5856 252¹:
1716 5803 1851 5870 Infitium)
1869 5819 1933 5856 eum
1955 5802 2017 5856 Deo
2035 5802 2088 5857 XV
2091 5801 2111 5855 1*
2134 5802 2206 5857 libri.

377 5870 537 5982 nlpiosoc
557 5912 674 5983 καρπῶν.
714 5910 797 5967 Unde
819 5916 898 5981 patet
920 5911 1040 5965 indicem
1068 5910 1280 5981 praecedentem
1308 5891 1419 5946 Timlffl
1439 5897 1451 5945 ¹
1472 5893 1508 5946 <³0
1526 5890 1678 5944 mustum·

379 6000 472 6052 omnia
488 5996 525 6051 11¹
543 6018 652 6067 τευχους
670 5999 765 6053 titulos
783 5992 971 6070 complexi'sse.
