4680 7114
525 471 869 549 BASILIOORUM
890 470 1202 548 FRAGMENTA
1224 471 1449 549 DEPERDI
1485 476 1524 551 A.
1881 482 1942 553 ‘201

177 666 303 739 LVIII,
320 669 353 740 8,
370 669 399 729 5.
420 671 437 742 9
456 671 484 728 7.
534 663 575 728 Ei
602 669 637 728 έν
663 664 790 750 έξώστη
816 685 881 744 μου
911 661 1016 747 βῆλον
1111 664 1145 727 si
1159 664 1192 725 in
1207 665 1366 727 moenieno
1381 685 1448 727 meo
1464 665 1566 728 velum
1581 667 1740 742 immisero,
1763 668 1846 748 quod
1860 668 1947 730 lumi·

116 771 203 857 βάλω
231 771 359 835 κωλύον
387 769 432 836 τά
460 783 561 858 φῶτα
592 779 654 834 τοῦ
680 772 840 851 γείτονος,
870 770 1016 833 οὐτίλιον
1044 772 1133 834 nibus
1155 772 1247 834 vieini
1269 772 1389 846 officiet,
1412 772 1487 835 utile
1509 774 1565 835 erit
1586 773 1787 836 interdictum.

118 882 206 944 ἔσται
229 877 269 943 τό
293 880 520 963 παράγγελμα.
594 875 688 963 (Epit
705 878 746 940 ed
760 878 811 940 Pr.
826 899 865 939 m.
882 880 933 953 39,
951 874 1015 961 24.)
1522 878 1569 965 (fr.
1587 883 1615 942 2.
1632 887 1648 958 ς
1666 883 1694 942 2.
1710 880 1750 943 D.
1765 882 1888 958 XLIII,
1905 881 1947 969 8.)

177 988 299 1061 LVIII,
316 990 344 1061 8,
361 991 389 1048 5.
406 993 422 1063 ξ
442 989 491 1048 10.
534 983 568 1050 Ὁ
582 985 786 1066 κωλυόμενος
801 988 836 1047 ἐν
850 984 1015 1070 θαλάσση
1110 985 1174 1063 Qui
1204 986 1236 1047 in
1268 986 1345 1047 mori
1376 987 1520 1067 navigare
1550 988 1603 1050 vel
1629 988 1660 1049 in
1686 988 1809 1069 publico
1841 1010 1948 1072 compo

117 1095 248 1158 πλεῦσαι
271 1092 291 1169 ἢ
314 1098 348 1156 έν
371 1093 518 1175 δημοσίῳ
541 1093 661 1174 κάμπη)
677 1091 923 1174 γομνάσασθαι
946 1089 1017 1167 ito
1044 1092 1148 1154 ludere
1170 1092 1220 1156 vel
1242 1093 1274 1155 in
1297 1093 1419 1174 publico
1442 1093 1551 1156 balneo
1573 1095 1678 1158 lavare
1700 1096 1750 1158 vel
1773 1097 1805 1157 iu
1823 1097 1948 1159 theatris

117 1201 258 1284 δημοσίῳ
281 1198 411 1285 λοότρηι
434 1199 632 1264 λούσασθαι
655 1197 675 1275 δ
699 1204 733 1261 ὲν
750 1198 914 1282 θεάτροις
931 1198 1016 1261 θεω·
1045 1208 1181 1280 spectare
1195 1200 1244 1263 vel
1259 1201 1384 1263 tondere
1401 1200 1584 1281 prohibetur,
1607 1202 1785 1264 iniuriomm
1799 1206 1948 1266 actionem

117 1320 211 1392 ρησαι
235 1307 255 1384 ί)
279 1305 392 1391 πίξαι1
415 1305 476 1384 τὴν
499 1305 573 1393 περί
596 1302 721 1391 ὕβρεως
743 1308 817 1383 ἔχει.
1045 1306 1144 1368 hebet
1714 1308 1762 1396 (fr.
1780 1312 1808 1373 2.
1825 1317 1842 1388 ξ
1861 1315 1879 1373 9
1895 1310 1949 1398 ib.)

616 1412 712 1505 (Epit
728 1413 768 1475 ad
783 1413 834 1475 Pr.
850 1433 890 1474 ιιι.
905 1417 957 1488 42,
974 1409 1017 1498 5.)

177 1524 299 1598 LVIII,
316 1526 345 1597 8,
362 1525 390 1584 6.
433 1518 473 1585 Οί
487 1519 633 1602 αίγιαλοί
658 1528 719 1584 τοῦ
741 1519 846 1602 δήμου
861 1520 1018 1604 ρ’ωμαίων
1111 1520 1219 1582 Litora
1246 1520 1352 1601 populi
1374 1520 1507 1583 Romani
1530 1532 1610 1597 sunt,
1637 1524 1729 1586 meris
1751 1533 1854 1586 nutem
1877 1547 1949 1588 usne

116 1628 187 1711 είσλ,
214 1632 235 1707 ι)
263 1629 297 1692 δέ
324 1639 383 1705 της
411 1627 593 1703 θαλάσσης
618 1638 739 1709 γρησις
765 1625 860 1704 κοινὴ
884 1628 1018 1691 πάντων
1047 1628 1216 1689 communie
1238 1628 1373 1690 omnium
1397 1638 1453 1704 eet,
1475 1630 1564 1692 sicuti
1582 1640 1612 1693 et
1634 1631 1721 1692 neris.
1820 1632 1856 1694 fr.
1873 1637 1892 1696 3
1908 1633 1949 1695 ib.

115 1736 182 1802 ἐστὶ
197 1734 308 1821 ὥσπερ
323 1734 381 1799 καί
398 1744 459 1798 τοῦ
473 1737 580 1819 άέρος.
607 1733 703 1820 (Epit
713 1735 753 1796 od
763 1734 812 1795 Pr.
828 1755 867 1796 m.
885 1737 936 1810 39,
953 1731 1018 1818 28.)

177 1844 299 1918 LVIII,
316 1847 345 1906 8.
389 1837 457 1915 Τάς
473 1841 635 1923 δημοσίας
650 1838 749 1915 ὁδοὺς
764 1843 797 1904 οί
813 1862 1018 1925 παρακεκτη·
1113 1840 1190 1902 Viae
1212 1840 1351 1922 publicae
1374 1843 1464 1904 vieini
1490 1853 1623 1924 purgent
1649 1844 1694 1905 ito
1719 1854 1755 1907 ut
1776 1845 1951 1910 vehiculum

115 1955 201 2034 μένοι
224 1951 456 2035 καθαίρουσιν
479 1945 564 2012 ὥστε
587 1945 722 2032 ἅμαξαν
744 1951 907 2033 παριέναι.
1047 1948 1175 2009 mentire
1198 1949 1301 2027 possit
1515 1947 1564 2036 (fr.
1582 1954 1610 2012 1.
1627 1957 1643 2028 ς
1661 1955 1680 2013 3
1696 1951 1737 2013 D.
1752 1952 1875 2027 XLIII,
1888 1952 1951 2041 10.)

654 2054 791 2143 (Heimb.
806 2056 891 2119 Men.
906 2077 936 2137 p.
953 2054 1018 2141 58.)

178 2165 300 2241 LVIII,
318 2169 347 2227 8.
390 2161 423 2228 Ὀ
446 2159 507 2239 την
530 2161 694 2245 δημοσίαν
709 2161 790 2227 ὁδὸν
805 2165 1019 2248 άροτριώσας
1113 2161 1177 2239 Qui
1200 2161 1281 2224 viam
1304 2161 1460 2244 publioom
1483 2164 1632 2244 exaravit,
1656 2164 1752 2228 reficit
1773 2188 1848 2229 eam.

115 2275 310 2336 άνανεοῦται
335 2272 448 2348 αὐτην.
798 2269 934 2356 (Heimb.
949 2270 969 2332 l.
985 2268 1019 2355 l.)
1502 2267 1551 2355 (ir.
1569 2273 1597 2333 9.
1614 2276 1631 2348 5
1650 2274 1677 2333 1.
1692 2271 1732 2332 D.
1748 2273 1870 2349 XLIII,
1889 2271 1952 2361 11.)

178 2380 302 2454 LVIII,
319 2381 347 2452 9,
366 2379 416 2438 14.
455 2374 582 2460 Ἔξεστι
605 2380 653 2458 τῷ
677 2376 820 2463 δεσπότῃ
836 2384 898 2440 τοῦ
912 2370 1020 2461 άγροῦ
1113 2375 1248 2437 Domino
1276 2376 1341 2456 agri
1367 2377 1399 2438 in
1430 2377 1603 2440 venditione
1630 2381 1694 2441 eius
1720 2378 1797 2441 fines
1819 2382 1954 2444 minuere

116 2491 148 2549 έν
163 2490 210 2568 τῷ
220 2485 419 2570 πιπράσκειν
434 2480 537 2547 αὐτὸν
551 2494 690 2565 μειῶσαι
705 2480 784 2557 τοὺς
800 2480 899 2567 ὅρους
915 2484 1021 2547 αὐτοῦ
1047 2482 1118 2544 lieet
1140 2490 1172 2544 et
1193 2483 1237 2544 ita
1260 2502 1328 2543 eum
1344 2484 1482 2558 vendere,
1505 2505 1562 2546 neo
1584 2494 1684 2566 potest
1698 2495 1794 2548 emtor
1808 2489 1950 2550 maiorem

115 2592 169 2657 καὶ
193 2589 299 2665 οὕτως
321 2590 473 2668 πωλῆσαι
496 2588 554 2654 aaz
577 2591 618 2653 οὐ
636 2589 775 2655 δύναται
792 2592 810 2653 ό
827 2588 1020 2673 άγοραστίγς
1033 2616 1035 2659 ι
1048 2609 1220 2651 ιιιειιειιτειιι
1243 2609 1335 2669 quom
1358 2590 1386 2652 ei
1409 2590 1533 2654 vendite
1555 2600 1601 2654 eet
1618 2592 1772 2657 viudieore
1793 2604 1954 2677 praetextu

114 2702 221 2784 μεῖζον
248 2702 369 2783 μέτρον
396 2697 533 2761 ἐκδικεῖν
560 2705 622 2761 τοῦ
649 2698 843 2783 πραθέντος
870 2698 962 2779 αὐτῷ
984 2701 1020 2760 έκ
1049 2696 1244 2758 terminorum
1267 2696 1331 2775 agri
1354 2706 1426 2759 onte
1448 2699 1654 2761 venditionem
1676 2702 1855 2765 extantium.

114 2816 174 2871 τοῦ
196 2807 360 2870 δεικνῦναι
383 2802 462 2878 τοὺς
485 2801 585 2889 όρονς
607 2800 686 2879 τοὺς
709 2802 773 2889 πρὸ
791 2815 850 2881 τῆς
868 2804 1021 2889 πράσεως
1661 2805 1699 2893 (ε.
1718 2810 1748 2868 1.
1762 2809 1795 2870 Ο.
1811 2809 1872 2884 ΙΠ,
1889 2809 1954 2897 39.)

114 2915 328 2999 ὑπάρχοντας
349 2921 413 2976 τοῦ
434 2909 565 2998 άγροιῖ.ι
609 2910 722 2999 (Epun.
738 2921 831 2976 euoto
845 2913 938 2987 XXI,
957 2910 1020 2999 17.)

178 3021 300 3095 LVIII,
323 3024 356 3096 9,
380 3024 429 3082 15.
478 3017 553 3083 Ἐάν
590 2998 663 3103 περὶ
701 3016 791 3104 όρων
827 3017 878 3093 τίς
916 3020 1019 3104 ἐπάγῃ
1115 3016 1149 3079 Si
1171 3016 1238 3098 quie
1266 3016 1303 3079 de
1330 3016 1442 3079 finibus
1464 3019 1593 3082 moverit
1614 3022 1835 3101 quaestionem,
1863 3044 1954 3105 oppo

114 3129 257 3208 ζήτησιν,
282 3127 496 3190 άντιτίθεται
520 3125 555 3189 δέ
577 3127 668 3208 αὐτᾷ
688 3122 740 3189 ότι
760 3125 820 3189 οὐκ
835 3128 900 3203 έγει
922 3128 1021 3210 μέρος
1047 3132 1139 3185 netur
1166 3133 1267 3185 eutem
1296 3125 1323 3186 ei
1351 3125 1431 3205 quod
1458 3146 1518 3187 non
1545 3125 1659 3189 hebeat
1681 3138 1798 3208 partem
1821 3131 1954 3211 proprie·

114 3235 305 3308 δεσποτείας
328 3238 361 3297 ίν
385 3235 431 3315 τῷ
454 3235 558 3317 εἰγρῷ,
582 3231 705 3319 ὀφείλει
728 3233 916 3312 ζητηθῆναι
940 3234 1020 3318 πρό-
1047 3231 1119 3292 totis
1142 3231 1174 3292 in
1196 3251 1232 3292 eo
1256 3251 1336 3310 agro,
1359 3232 1444 3312 priue
1462 3233 1674 3312 inquirendum
1690 3236 1737 3297 e'st
1751 3256 1792 3297 on
1807 3237 1847 3298 eit
1861 3237 1954 3299 domi·

115 3363 211 3428 τερον
238 3345 265 3405 εί
293 3339 364 3405 ἐστὶ
391 3340 566 3419 δεσπότης,
594 3338 652 3404 καλ
679 3335 785 3413 οὕτως
812 3339 971 3421 γίνεσθαι
1000 3342 1020 3417 η
1047 3357 1113 3411 nue,
1128 3338 1218 3400 etsie
1232 3338 1298 3418 agri
1312 3358 1454 3401 mensuro
1467 3338 1609 3402 feeiendo
1622 3350 1676 3403 eet
1699 3339 1954 3431 (0.3.c.111‚39.)

114 3458 174 3513 τοῦ
196 3451 305 3533 άγροιῖ
326 3450 489 3530 μέτρησις.
596 3447 693 3532 (Epit
709 3448 750 3509 ad
764 3448 815 3510 Pr.
830 3469 869 3510 m.
887 3450 939 3523 39,
956 3441 1023 3533 86.)
1749 3439 1754 3448 ’

179 3556 302 3636 LVIII,
321 3557 371 3629 10,
388 3558 438 3617 29.
473 3551 506 3617 Ὀ
529 3553 668 3636 νόμιμον
686 3554 906 3639 παράγγελμα
920 3564 1021 3616 κινῶν
1114 3551 1177 3629 Qui
1199 3552 1360 3614 interdicto
1383 3553 1447 3633 ogit
1468 3574 1530 3615 non
1549 3555 1679 3636 emplius
1695 3557 1873 3636 ambagibus
1889 3567 1954 3620 uto·

113 3666 226 3746 μηκέτι
250 3661 416 3745 περιόδοις
438 3661 631 3745 κεχρήσθω,
654 3659 727 3724 ἀλλ’
753 3660 879 3734 εὐθέως
902 3665 1021 3733 ἐντοῖς
1049 3668 1106 3734 tur,
1129 3658 1183 3720 sed
1205 3658 1361 3721 confestim
1385 3660 1464 3743 inter¹
1480 3663 1696 3743 cognitionalis
1711 3665 1878 3727 eertomino
1892 3667 1954 3728 suis

114 3770 367 3851 διαγνωστικοῖς
381 3770 488 3848 άγῶσι
499 3776 574 3841 ταῖς
586 3767 721 3841 οἰκείαις
732 3767 882 3849 χρήσθω
897 3767 1021 3830 δικαιο-
1048 3773 1153 3828 utetur
1175 3765 1416 3846 allegationibus.
1652 3768 1690 3858 (o
1706 3773 1736 3832 4.
1753 3771 1787 3832 Ο.
1802 3771 1895 3846 VIII,
1913 3770 1954 3859 1.)

114 3877 250 3959 λογίαις.
610 3872 697 3961 (Syn.
715 3875 755 3951 K,
773 3879 801 3950 9,
819 3877 860 3936 29
877 3874 971 3937 eohoL
986 3870 1020 3959 f.)

180 3983 302 4058 LVIII,
324 3984 376 4044 19.
420 3978 495 4045 Ἐάν
517 3983 537 4043 ό
559 3983 677 4061 γείτων
699 3979 760 4046 τὸν
783 3980 1022 4063 σαθρωθέντα
1117 3979 1150 4042 Si
1172 3979 1291 4042 vicinus
1315 3981 1404 4042 uedeo
1427 4001 1497 4043 euos
1513 3983 1638 4045 vitiosos
1661 3993 1692 4046 et
1705 3986 1824 4047 ruinam
1839 3987 1953 4048 minon-

114 4088 209 4156 οίκον
231 4091 339 4155 αὐτοῦ
359 4087 417 4153 καλ
441 4089 641 4153 ἀπειλοῦντα
663 4099 791 4153 πτῶσιν
814 4086 857 4170 μὴ
877 4089 1021 4168 άνανεοῖ,
1049 4095 1096 4149 tes
1118 4108 1180 4148 non
1203 4086 1320 4161 refioiot
1333 4087 1384 4149 vel
1400 4108 1463 4149 non
1477 4100 1585 4152 ooveat
1599 4090 1703 4153 damni
1718 4093 1829 4166 infecti,
1851 4095 1956 4155 mittor

113 4199 133 4276 ί)
165 4198 209 4280 μὴ
242 4197 467 4285 άσφαλίζεταί
494 4217 533 4277 με
560 4204 623 4259 τοῦ
651 4196 773 4279 μήτινα
803 4194 1022 4276 καινοτομίαν
1049 4194 1081 4254 in
1103 4194 1332 4274 possessionem.
1563 4194 1613 4282 (fr.
1630 4200 1659 4259 4.
1676 4198 1716 4260 Ι).
1733 4199 1894 4275 XXXIX,
1911 4201 1955 4288 2.)

113 4307 243 4370 παθεῖν
265 4304 300 4387 ἐξ
323 4305 437 4384 αὐτοῦ,
461 4306 627 4386 πέμπομαι
652 4308 699 4397 είς
719 4303 831 4385 νομήν.

689 4398 694 4413 “
726 4406 1022 4497 (Syn.N‚4,11.)t

180 4520 307 4592 LVIII,
329 4518 384 4593 24,
406 4521 457 4581 23.
501 4514 576 4580 Ἐάν
601 4517 751 4603 βάλανος
774 4520 809 4579 ἐκ
831 4524 893 4580 τοῦ
915 4516 1023 4600 άγροῦ
1117 4512 1151 4575 Si
1174 4514 1262 4595 glane
1284 4534 1322 4575 ex
1345 4534 1418 4593 agro
1441 4536 1509 4578 meo
1526 4516 1557 4578 in
1581 4526 1667 4581 tuum
1686 4521 1785 4595 cadet,
1808 4520 1852 4583 oit
1870 4542 1955 4603 prae·

111 4649 179 4709 μοο
201 4631 246 4700 είς
269 4623 329 4689 τὸν
351 4622 414 4690 σόν
436 4628 532 4711 πέσῃ,
560 4625 642 4705 λέγει
667 4625 685 4686 ό
709 4624 876 4707 πραίτωρ,
905 4622 1025 4705 ἐξεῖναί
1050 4629 1097 4682 tor
1118 4621 1209 4683 linere
1229 4621 1304 4683 mihi
1326 4622 1414 4683 tertio
1437 4644 1558 4704 quoque
1586 4625 1634 4686 die
1660 4625 1760 4707 legere
1783 4635 1815 4688 et
1837 4627 1954 4690 auferre

111 4755 169 4815 μοι
199 4731 250 4796 έπὶ
277 4741 364 4816 τρεῖς
391 4734 514 4814 ἡμέρας
541 4732 680 4813 ἐκλέγειν
706 4728 764 4793 καὶ
792 4729 1021 4817 ἀφαιρεῖσθαι
1050 4747 1126 4789 εειιι.
1172 4727 1259 4788 Idem
1284 4728 1495 4809 accipiendum
1518 4739 1564 4793 est
1587 4733 1624 4794 de
1647 4733 1729 4794 omni
1751 4733 1860 4796 fluctu.

111 4840 228 4917 αὐτήν.
266 4837 306 4903 τὸ
323 4836 406 4903 αὐτὸ
423 4838 475 4903 δεῖ
485 4847 572 4902 νοεῖν
586 4836 644 4903 καὶ
659 4836 710 4902 tui
726 4834 852 4911 παντὸς
866 4833 1023 4920 καρποῦ.3
1585 4835 1634 4922 (fr.
1652 4842 1679 4901 1.
1694 4840 1735 4902 D.
1750 4840 1873 4916 XLIII,
1891 4839 1955 4929 28.)

775 4943 861 5030 (Syn.
876 4943 917 5019 B,
935 4948 963 5018 2,
983 4939 1023 5029 1.)

181 5052 300 5129 *LIX,
318 5058 346 5129 1,
363 5058 413 5116 27.
449 5051 481 5117 Ὁ
497 5052 663 5137 προδότης
678 5063 736 5130 τῆς
752 5050 838 5124 ἰδίας
861 5049 1022 5134 πατρίδος
1117 5048 1258 5112 Proditor
1280 5069 1354 5112 euoe
1375 5051 1493 5131 patriae
1507 5072 1570 5117 nou
1592 5052 1713 5134 lugetur
1731 5054 1785 5116 sed
1803 5054 1868 5117 eine
1883 5076 1954 5135 que·
2026 5132 2029 5137 Ι
2055 5115 2057 5119 ι

110 5162 154 5225 οὐ
178 5162 363 5242 πενθεῖται,
387 5157 473 5225 otto
495 5158 553 5223 καλ
576 5161 718 5246 άψόγως
736 5144 900 5243 παῖςπρῆι
914 5164 1022 5221 τοιοῦ-
1050 5156 1127 5217 rollo
1148 5156 1322 5218 huiusmodi
1343 5167 1460 5238 petrem
1483 5157 1563 5221 filine
1586 5161 1697 5222 oceidit
1714 5169 1745 5223 et
1763 5162 1855 5224 immo
1870 5182 1955 5243 prae·

110 5291 176 5333 τον
199 5267 349 5353 άναιρεῖ4
370 5266 428 5331 καλ
446 5267 631 5349 τοῦμπαλιν
645 5263 703 5331 καί
719 5265 841 5329 ἄθλων
859 5264 1022 5348 ἀξιοῦται.
1050 5263 1118 5325 ωἰίε
1145 5264 1253 5344 diguus
1285 5263 1483 5327 existimetur.
1535 5265 1609 5347 [rum
1637 5266 1752 5329 dietum
1780 5277 1827 5330 eet
1852 5268 1891 5330 de
1917 5270 1954 5331 iis

110 5375 325 5461 [προείρηται
350 5376 384 5438 δὲ
407 5371 481 5459 περὶ
503 5385 572 5438 των
587 5370 652 5459 πρὸ
672 5381 734 5437 τοῦ
749 5372 916 5454 πενθίμον
930 5374 1024 5455 έρχο-
1051 5371 1104 5451 qui
1127 5379 1198 5432 ente
1215 5371 1316 5433 luotue
1332 5372 1475 5452 temporis
1490 5371 1651 5435 decureum
1670 5373 1710 5435 od
1726 5375 1875 5436 eeoundoe
1890 5396 1955 5455 per·

109 5487 222 5565 μένων
244 5488 289 5558 είς
311 5482 464 5567 δεύτερον
479 5483 589 5564 γάμον
603 5479 661 5544 καί
677 5485 710 5544 ὲν
726 5484 773 5562 τῷ
789 5476 860 5565 περί
877 5478 1023 5561 δεντερο-
1051 5478 1178 5539 veniunt·
1199 5478 1331 5559 nuptiae,
1354 5486 1384 5540 et
1406 5478 1445 5539 de
1468 5478 1506 5540 iis
1529 5480 1580 5559 qui
1603 5482 1751 5543 secundos
1773 5483 1956 5544 contrahunt

109 5590 313 5672 γαμούντων
332 5589 558 5674 πλατύτερον]
615 5586 678 5675 (Ex
693 5588 766 5651 folio
781 5586 913 5669 quodem
929 5585 1025 5648 oodioi
1051 5585 1175 5665 nuptias
1198 5583 1290 5647 letius
1312 5584 1536 5670 tractavimus]
1643 5585 1691 5671 (ir.
1710 5592 1760 5650 35.
1777 5588 1817 5650 D.
1834 5589 1894 5664 XI,
1911 5588 1954 5675 7.)

496 5696 689 5758 ambrosiano
704 5695 742 5769 L,
758 5696 801 5756 49
818 5714 884 5774 sup.
900 5688 1026 5777 iuncto.)

191 5858 200 5889 ¹
217 5857 314 5911 Fontei
331 5856 428 5918 παῖξαι
440 5854 544 5910 ludere.
617 5853 629 5886 ²
646 5853 680 5909 V.
699 5852 811 5924 plenius
826 5868 911 5923 supro
927 5869 954 5922 p.
966 5855 1025 5904 146.

189 5944 201 5978 ⁸
217 5946 251 6002 V.
269 5963 297 6016 p.
314 5950 374 6000 154.
446 5944 459 5976 ⁴
476 5944 621 6015 hucusque
639 5961 667 6015 p.
682 5947 742 5997 15⁵1.

182 6134 249 6177 Bnss.
272 6134 299 6177 Τ.
310 6133 371 6179 VII..
