4978 7018
364 388 385 449 2
636 383 795 450 INDEX
817 383 917 451 CUM
940 384 1038 452 DEO
1062 386 1185 452 ΤΟΜΙ
1208 384 1431 453 SECUNDI.
1477 383 1632 450 LIBER
1654 384 1918 451 XIX—XXIV.

264 645 287 680 ι.
300 625 327 680 ι’.
431 579 693 702 πάγορανόμου
715 618 941 702 παραγγελίας
963 617 1020 683 καί
1048 617 1121 706 περί
1144 621 1265 684 άναδο-
1358 620 1396 681 de
1427 619 1534 682 eedilie
1564 621 1662 683 edioto
1689 629 1722 682 et
1752 621 1790 684 de
1815 620 2003 683 redhibenda
2028 642 2062 684 re
2091 630 2123 684 et
2154 622 2194 684 de
2234 632 2319 683 tto.

364 728 440 788 τέου
469 724 666 809 πράγματος
695 722 752 788 καί
787 723 860 809 περὶ
892 724 1081 800 ἀναλύσεως
1112 728 1265 811 πράσεως
1292 727 1427 790 resolute
1448 727 1600 808 emptione
1623 736 1655 789 et
1676 728 1715 790 de
1737 727 1852 789 minore
1874 728 1972 809 pretio
1995 729 2076 791 dato.

363 829 421 895 καί
444 827 585 908 ήττονος
608 841 702 912 τιμῆς
725 830 903 914 διδομένης.

247 1018 269 1053 ι.
282 996 326 1070 ιμ’.
430 951 453 1055 {z
484 1003 714 1079 παραγραφῆς
748 993 946 1077 πράγματος
983 992 1178 1076 πραθέντος
1208 992 1265 1057 καί
1359 994 1398 1056 de
1421 993 1599 1075 exeeptione
1621 994 1665 1055 rei
1687 995 1829 1057 venditae
1852 1005 1884 1057 et
1906 996 2044 1058 traditae.
2232 1007 2254 1058 t.
2271 1005 2316 1056 12.

364 1098 635 1184 παραδοθέντος.

242 1285 264 1319 ι.
278 1266 327 1320 ια’.
431 1280 454 1322 π
476 1260 714 1340 κατεχομένων.
1359 1263 1397 1324 de
1419 1261 1626 1324 evictionibus.
2233 1273 2253 1323 t
2270 1272 2315 1322 19.

719 1416 849 1470 ΒΙΒΛΙΟΝ
870 1417 906 1469 Ι(’.
1646 1419 1762 1475 LIBER
1779 1421 1844 1475 XX

260 1552 280 1586 τ.
293 1531 327 1606 γ’.
432 1523 504 1608 περί
529 1525 735 1606 πραγμάτων
758 1525 1056 1605 άντικαταλλαγής.
1360 1529 1398 1590 de
1420 1549 1519 1590 rerum
1542 1531 1772 1610 permutatione.
2234 1538 2299 1589 ta.

260 1659 282 1693 ι.
296 1638 327 1693 δ’.
431 1630 503 1715 περί
535 1632 678 1712 άγωγῶν
708 1634 907 1713 κινουμένων
938 1630 1061 1715 μεταξὺ
1093 1644 1160 1696 τῶν
1192 1656 1266 1697 συν·
1360 1638 1398 1698 de
1421 1635 1590 1698 actionibus
1613 1637 1702 1699 motin
1724 1637 1803 1699 inter
1822 1637 2035 1699 contrahentes
2058 1658 2127 1699 oum
2142 1638 2196 1700 det
2233 1645 2298 1695 te.

365 1737 605 1802 αλλασσόντων
636 1739 734 1814 ήνίκα
770 1737 867 1800 δώσει
904 1761 954 1812 τις
991 1741 1090 1824 ἑτέρῳ
1129 1750 1266 1825 πρᾶγμα
1294 1745 1362 1824 quie
1389 1744 1475 1806 alteri
1501 1764 1564 1805 rem
1592 1742 1641 1806 vel
1667 1744 1741 1824 quid
1771 1744 1866 1806 faeiat
1896 1764 1965 1805 oum
1992 1752 2082 1825 paeto
2110 1744 2196 1806 eliud

366 1844 385 1922 ή
410 1846 530 1930 ποιήσῃ
555 1869 588 1908 τι
610 1842 661 1908 ἐπὶ
685 1844 859 1922 ὑποσχέσει
883 1854 945 1908 τοῦ
970 1850 1083 1927 ἕτερον
1107 1844 1182 1910 άντί
1206 1857 1266 1912 τοῦ
1294 1851 1367 1930 quid
1389 1871 1445 1931 pro
1468 1870 1503 1912 eo
1527 1851 1609 1931 quod
1633 1850 1705 1912 feeit
1728 1850 1906 1931 aecipiendi.

367 1945 466 2037 οὗπερ
490 1953 642 2028 ἐποίησεν
664 1951 787 2036 λαβεῖν.

712 2110 843 2164 ΒΙΒΛΙΟΝ
864 2111 923 2164 ΚΝ.
1094 2104 1097 2111 ³
1639 2114 1755 2171 LIBER
1772 2115 1853 2170 XXI.

259 2247 281 2279 ι.
294 2227 330 2281 α’.
433 2179 456 2282 π
478 2217 658 2305 μαρτύρων
681 2218 912 2294 εὐϋπολήπτων
933 2216 990 2282 καί
1014 2222 1149 2301 άτίμων.
1361 2225 1399 2287 de
1420 2224 1547 2287 teetibue
1567 2224 1664 2286 bonee
1687 2225 1835 2305 opinionis
1858 2233 1888 2287 et
1911 2224 2082 2288 infamibus.
2233 2234 2297 2284 tl.

711 2377 842 2431 ΒΙΒΛΙΟΝ
862 2377 921 2430 Ι(Β’.
1629 2382 1745 2437 LIBER
1762 2383 1857 2437 XXII.

260 2522 282 2556 ι.
295 2502 331 2555 a'.
435 2445 667 2567 πάποδείξεων
675 2483 732 2549 καί
748 2485 948 2571 προλήψεων
963 2484 1019 2549 καὶ
1033 2486 1267 2570 δικαιωμάτων
1361 2492 1399 2552 de
1408 2490 1639 2572 probationibus
1649 2501 1680 2553 et
1688 2492 2194 2574 praesumptionibueetdoeumen·
2234 2502 2297 2550 tl.

206 2609 331 2673 λοιπον,
367 2592 425 2656 καὶ
453 2593 593 2665 πίστεως
620 2591 855 2673 δικαιωμάτων
880 2591 937 2655 καί
962 2593 1119 2679 διαβολῆς
1147 2595 1266 2658 αὐτῶν.
1296 2599 1333 2660 tis
1357 2607 1388 2659 et
1402 2598 1460 2660 fide
1475 2598 1722 2661 documentorum
1737 2608 1769 2661 et
1784 2600 1822 2661 de
1842 2619 1945 2661 eorum
1960 2599 2194 2680 impugnatione.

262 2789 283 2823 ι,
298 2767 330 2822 ν,
435 2713 543 2816 πτοῦ
564 2761 632 2826 πῶς
652 2762 719 2836 χρή
743 2753 967 2816 ἐπιτίθεσθαι
990 2751 1030 2817 τὸ
1054 2752 1175 2819 πιστὸν
1197 2765 1268 2830 τοῖς
1361 2758 1511 2838 quomodo
1548 2768 1667 2839 oportet
1703 2758 1792 2821 fidem
1824 2759 1954 2822 ediioere
1988 2760 2195 2822 insuumentie
2233 2767 2252 2818 t.
2266 2770 2298 2819 4.

368 2855 462 2945 παρὰ
485 2857 660 2931 δικασταῖς
683 2860 953 2945 έμφανιζομένοις
976 2860 1200 2945 συμβολαίοις.
1296 2887 1374 2946 quae
1397 2865 1480 2948 apud
1502 2865 1615 2927 indioee
1638 2865 1880 2927 manifestentur.

438 2979 450 3005 8

266 3056 288 3089 ι.
301 3038 331 3089 o'.
435 3042 457 3084 π
481 3017 585 3104 ὅρκου
608 3020 747 3099 ὀμοτέου
767 3022 829 3081 είτε
846 3030 1082 3106 προαιρετικοῦ
1096 3025 1269 3086 τουτέστιν
1362 3026 1412 3088 De
1433 3025 1626 3087 iureiurando
1648 3025 1712 3088 eive
1734 3025 1905 3088 voluntario
1928 3028 1956 3088 h.
1972 3048 1998 3089 e.
2013 3027 2114 3090 delato
2129 3028 2195 3091 sive
2234 3036 2254 3086 t
2268 3037 2295 3085 5.

368 3132 519 3190 έπακτῶν
542 3129 604 3188 εἴτε
627 3126 815 3205 ἀναγκαίου
837 3129 900 3189 εἴτε
923 3127 1120 3191 δικαστῶν.ι
1296 3134 1463 3194 necessario
1485 3133 1515 3193 lt
1538 3151 1563 3192 e.
1587 3132 1730 3194 iudioiali.

261 3323 283 3357 ι.
297 3303 331 3368 ς’.
435 3247 458 3350 π
481 3295 542 3350 τοῦ
564 3284 693 3349 ἐνδίκου
716 3282 832 3369 ὅρκουι
850 3324 892 3333 -
1362 3293 1400 3354 de
1422 3293 1616 3354 iureiurando
1638 3293 1670 3354 in
1691 3292 1753 3354 lite.
2233 3303 2254 3352 t.
2268 3304 2296 3354 6.

714 3443 844 3496 ΒΙΒΛΙΟΝ
865 3444 920 3498 ΚΓ.
1623 3449 1739 3504 LIBER
1756 3450 1867 3505 XXIII.

262 3588 283 3621 ι,
296 3570 332 3622 o'.
435 3512 685 3635 ππραγμάτων
702 3555 982 3635 χρεωστουμένωυ
1003 3556 1061 3617 ἐάν
1075 3560 1144 3619 ἐστι
1169 3556 1269 3633 δῆλον
1362 3559 1400 3620 de
1423 3557 1512 3621 rebus
1535 3559 1656 3621 debitis:
1680 3560 1706 3620 si
1728 3568 1844 3621 eertum
1867 3561 1907 3621 sit
1922 3571 1953 3622 et
1974 3569 2097 3641 petetur
2112 3569 2144 3622 et
2159 3561 2198 3622 de
2235 3570 2289 3620 tl.

368 3656 424 3721 καί
449 3659 638 3720 άπαιτεῑται
662 3655 718 3720 καί
743 3656 816 3741 περί
839 3657 1033 3736 ἐκδικήσεως
1056 3662 1175 3726 αὐτῶν.
1296 3687 1399 3727 earum
1422 3667 1590 3727 exeotione.

263 3855 285 3888 ε.
298 3833 332 3906 β,
436 3778 458 3881 π
490 3826 553 3880 τοῦ
583 3814 661 3891 τοὺς
693 3817 912 3893 τελευτῶντας
943 3822 1017 3897 ήτοι
1050 3818 1094 3885 τά
1124 3823 1269 3911 λείψανα
1363 3827 1401 3887 de
1433 3836 1552 3888 mortuo
1584 3826 1648 3887 eine
1680 3826 1718 3888 de
1753 3827 1887 3906 reliquiis
1918 3836 2104 3889 mortuorum
2135 3848 2196 3889 non
2235 3838 2253 3887 ἰ.
2267 3839 2294 3887 2.

369 3925 480 3988 αὐτῶν
501 3921 545 4004 μὴ
569 3923 805 4008 ὲνυβρίζεσθαι
828 3922 922 4011 παρὰ
944 3936 1011 3989 τῶν
1034 3928 1224 3993 δανειστῶν.
1297 3933 1465 3995 effioiendIe
1488 3932 1641 3994 iniuriae
1664 3932 1869 3995 oreditoribus.

262 4120 285 4153 ι.
298 4101 333 4174 γ’.
436 4043 458 4148 π
491 4084 600 4147 τόκων
629 4082 688 4147 καί
718 4096 858 4169 καρπῶν
889 4085 946 4150 καί
979 4090 1186 4172 πραγμάτων
1212 4089 1268 4154 καί
1363 4094 1401 4156 de
1424 4093 1523 4156 usuris
1546 4102 1577 4154 et
1599 4092 1747 4154 fructibus
1770 4101 1801 4154 et
1823 4091 1913 4155 rebus
1936 4104 1968 4155 et
1989 4093 2070 4155 omni
2100 4114 2197 4155 eooee-
2234 4104 2295 4153 te.

371 4191 479 4267 πάσης
502 4191 704 4275 προσθήκης
726 4191 783 4255 καί
806 4192 1026 4279 ὑπερθέσεως.
1297 4202 1381 4263 eione
1404 4209 1436 4263 et
1457 4220 1551 4264 meru

266 4387 288 4421 ι.
302 4365 333 4420 δ.
436 4310 459 4415 π
482 4353 786 4438 άργυροπρατικῶν
809 4355 1101 4435 συναλλαγμάτων.
1364 4361 1401 4423 de
1424 4361 1661 4439 argentariorum
1683 4360 1896 4422 contractibus.
2235 4370 2295 4419 tt.

716 4511 845 4567 ΒΙΒΛΙΟΝ
866 4514 929 4568 ΚΔ’.
1627 4517 1743 4572 LIBER
1760 4517 1865 4573 XXIV.

265 4672 286 4706 ε,
300 4653 335 4705 a'.
438 4596 693 4714 πάπαιτήσεως
709 4639 905 4724 πράγματος
921 4640 1095 4721 δοθέντος,
1119 4643 1270 4724 πράγμα-
1364 4646 1402 4707 de
1424 4646 1567 4725 petitione
1589 4646 1632 4707 rei
1654 4645 1754 4721 detee,
1776 4665 1810 4707 re
1831 4666 1892 4706 non
1913 4654 2025 4720 secute,
2048 4654 2079 4708 et
2092 4646 2197 4707 mortis
2235 4656 2255 4706 t.
2271 4658 2296 4706 1.

370 4765 428 4817 τος
451 4740 494 4825 μή
518 4744 898 4828 παρακωλουθήσαντος
920 4746 977 4811 καί
998 4748 1158 4812 θανάτου
1177 4750 1271 4829 αἰτίμ
1298 4773 1391 4814 causa
1413 4752 1527 4814 donate
1548 4773 1588 4814 re.
1689 4734 1693 4741 ¹

371 4850 580 4935 δωρουμένου
602 4851 808 4937 πράγματος.

265 4983 286 5016 ι.
300 4961 334 5035 ά.
437 4956 509 5042 περὶ
538 4959 747 5035 άπαιτήσεως
773 4958 824 5023 ὲπί
851 4964 982 5045 αἰσχρῷ
1009 4960 1028 5038 i)
1056 4962 1160 5043 αδίκῳ
1185 4962 1271 5025 διδο-
1365 4967 1403 5028 de
1441 4967 1586 5049 petitione
1625 4966 1694 5049 [rei]
1734 4966 1772 5027 ob
1810 4973 1930 5047 turpem
1968 4966 2018 5029 vel
2055 4967 2198 5028 iniustum
2236 4977 2253 5027 ἰ.
2268 4977 2296 5028 2.

370 5066 482 5144 μένουε
500 5102 542 5111 -
1300 5073 1454 5156 [oausam]
1479 5073 1578 5134 dutue.

267 5259 288 5293 ι.
302 5239 335 5312 7¹.
439 5184 703 5309 ππαραγγελίας
719 5224 785 5291 άπὸ
803 5226 978 5310 νόμοσκαὶ
995 5230 1073 5293 άνευ
1089 5231 1198 5304 αἰτίας
1213 5230 1270 5295 καί
1366 5234 1403 5295 δε
1433 5234 1620 5295 condictione
1652 5254 1691 5294 ex
1722 5233 1789 5313 lege
1822 5242 1854 5295 et
1884 5235 1948 5294 eine
1976 5255 2069 5296 cauea
2100 5244 2131 5296 et
2161 5256 2199 5297 ex
2236 5254 2254 5303 ι.
2268 5256 2297 5304 3.

373 5328 440 5395 άπὸ
456 5331 575 5395 άδίκου
598 5334 709 5408 αἰτίας
731 5333 789 5397 καί
812 5334 884 5421 περί
900 5340 1025 5413 ένοχῶν
1047 5335 1103 5399 καί
1120 5339 1269 5418 ἀγωγῶν.
1299 5341 1412 5402 iniuste
1435 5360 1529 5401 ceusu
1551 5350 1583 5402 et
1605 5341 1642 5401 de
1665 5339 1900 5420 obligationibus
1923 5349 1955 5403 et
1976 5341 2155 5403 notionibus.

270 5450 336 5506 ιδ’,
440 5439 536 5516 Μήτε
558 5438 682 5522 γαμετή
706 5440 786 5526 ὑπὲρ
810 5450 872 5504 τοῦ
893 5439 1017 5526 ἀνδρὸς
1040 5441 1059 5519 ἰ)
1082 5441 1167 5527 ἀνήρ
1192 5444 1270 5529 ὑπὲρ
1365 5447 1414 5509 Ne
1444 5467 1521 5508 uxor
1552 5467 1607 5527 pro
1638 5447 1703 5509 viro
1734 5467 1833 5527 neque
1858 5449 1906 5510 vir
1936 5468 1992 5529 pro
2023 5469 2119 5510 uxore
2151 5449 2200 5512 vel
2237 5467 2297 5520 tt.

373 5557 521 5625 γαμητης
544 5545 563 5623 ή
586 5548 693 5632 μήτηρ
716 5548 797 5632 ὑπὲρ
821 5557 882 5612 τοῦ
903 5550 985 5631 υἱοῦ,
1007 5550 1087 5631 μήτε
1102 5548 1172 5624 υίὸς
1191 5551 1270 5636 ὑπὲρ
1299 5564 1396 5616 meter
1417 5574 1472 5634 pro
1494 5553 1556 5615 filio
1578 5574 1677 5634 neque
1698 5554 1777 5615 filius
1792 5574 1846 5635 pro
1869 5563 1957 5635 patre
1971 5555 2022 5617 vel
2043 5564 2130 5635 peter
2143 5575 2198 5636 pro

373 5660 434 5714 τοῦ
461 5649 589 5738 πατρὸς
615 5652 635 5731 ή
663 5654 773 5738 πατήρ
800 5655 880 5741 ὑπὲρ
909 5658 982 5719 υἱοῦ
1009 5657 1225 5740 αὐτεξουσίου
1252 5658 1271 5736 ip·
1299 5660 1360 5722 filio
1382 5660 1514 5722 familiae
1536 5661 1586 5723 vel
1608 5661 1734 5723 libertus
1756 5681 1812 5742 pro
1834 5670 1962 5749 petrono
1985 5669 2132 5728 teneatur.

373 5757 596 5843 ἀπελεύθερος
620 5760 698 5845 ὑπὲρ
723 5763 899 5846 πάτρωνος
921 5766 1103 5842 ἰνεχέσθωι
1127 5801 1169 5812 -

446 5919 455 5952 ¹
472 5919 551 5973 loeus
568 5924 718 5991 eonuptue.
