4842 7018
448 494 509 561 142
1066 501 1219 569 LIBER
1240 502 1361 570 LVIII.
1405 503 1658 571 Tl'r.111.1v.

365 678 408 750 ιβ’.
513 677 733 743 Μονοπιίτιόν
756 684 839 764 ἔστι,
864 683 906 747 δι’
933 677 973 748 οὗ
996 707 1046 759 τις
1069 684 1208 749 δύναται
1227 687 1343 771 παρελ
1437 686 1501 749 Ιιετ
1523 695 1569 749 εει
1589 706 1644 767 ρετ
1665 685 1747 767 quod
1769 686 1836 767 quis
1854 684 1946 766 pedes
1960 684 2010 746 vel
2028 704 2118 764 eques
2142 684 2267 746 ιτεοείιε

446 784 524 847 θεῖν
555 783 631 849 ποδί
662 785 719 850 καλ
747 790 902 875 ἔφιππος·
936 794 955 868 ὴ
984 791 1018 855 δὲ
1046 791 1206 877 πιίροδος,
1235 793 1278 856 δι’
1304 787 1344 857 οὗ
1371 803 1483 876 potest:
1521 801 1621 867 ectus,
1658 813 1713 874 per
1749 812 1837 873 quem
1876 801 1907 854 et
1942 812 2064 854 currum
2099 792 2212 853 duooee
2240 802 2268 852 ει

444 889 501 954 καί
525 888 659 976 ἄμαξαν
681 896 773 975 ἔχειν
795 895 853 960 καλ
877 897 1037 981 ὑποζύγια
1065 905 1283 987 παραφερειυε
1301 940 1342 949 -
1371 902 1506 964 ἱιιιιιειιιε
1528 921 1623 981 egere
2168 898 2205 959 fr.
2223 901 2266 960 12.

1240 1009 1275 1070 fr.
1294 1013 1343 1072 12.

509 1106 551 1170 El
573 1107 630 1188 μὲν
653 1108 761 1195 λεχθῇ
785 1107 824 1173 τὸ
847 1115 968 1193 μέτρον
986 1122 1047 1178 τοῦ
1063 1117 1269 1195 μονοπατιόυ
1286 1115 1342 1180 καὶ
1437 1115 1470 1177 Si
1492 1116 1575 1177 dicte
1600 1116 1641 1177 sit
1662 1134 1802 1176 mensure
1827 1112 1942 1176 itineris
1964 1123 1995 1175 ει
2020 1122 2119 1187 nctus,
2148 1132 2189 1173 ee
2214 1132 2266 1173 ser·

443 1223 501 1290 τῆς
523 1213 687 1298 παρόδου,
716 1213 799 1280 αὐτὸ
823 1218 1041 1303 φυλάττεται·
1065 1224 1093 1284 ελ
1113 1220 1146 1285 δὲ
1166 1221 1209 1303 μὴ
1225 1222 1343 1309 λεχθῇ,
1371 1230 1472 1295 vetur;
1496 1223 1543 1284 sin
1566 1222 1673 1296 minus,
1697 1220 1809 1282 arbiter
1823 1221 1925 1283 detur:
1948 1221 1980 1282 in
2002 1221 2054 1282 vie
2075 1230 2193 1295 sutem,
2215 1221 2267 1281 nisi

444 1318 602 1398 δικαστὴς
625 1320 770 1386 δίδοται·
795 1323 844 1387 ἔπλ
869 1323 902 1388 δὲ
927 1338 984 1403 τῆς
1007 1327 1162 1403 πλατείας
1182 1329 1264 1393 ὁδοῦ
1285 1326 1343 1393 ἐὰν
1372 1327 1460 1412 [elie]
1484 1329 1566 1391 dicte
1580 1329 1628 1402 sit,
1650 1328 1787 1408 legitime
1800 1347 1944 1389 mensure
1958 1336 2107 1400 servetur,
2131 1346 2225 1407 quem
2239 1327 2267 1387 in

442 1425 485 1509 μὴ
518 1428 641 1514 λεχθῇ,
680 1426 720 1492 τδ
752 1432 902 1514 νόμιμον,
941 1430 1020 1516 ὅπερ
1053 1436 1153 1514 syroe
1191 1435 1343 1517 δι’χεστον
1370 1435 1486 1514 digesto
1509 1444 1617 1498 oetnvo
1639 1435 1759 1498 novisti.
2083 1433 2120 1496 fr.
2140 1436 2192 1495 13.
2209 1440 2225 1509 ξ
2241 1437 2266 1495 2.

445 1533 576 1615 ὄγδοον,
599 1538 843 1618 κεχρειίστηται
867 1542 1001 1625 μέτρονι
1017 1577 1059 1588 -
1157 1543 1193 1604 fr.
1212 1545 1261 1604 13.
1278 1550 1294 1621 §
1313 1547 1341 1606 2.

363 1644 407 1708 td·
514 1640 560 1706 Οὐ
588 1641 640 1706 δεῖ
663 1648 697 1707 ἔν
723 1644 889 1730 αλλοτρίφ
913 1648 1028 1731 χοιρίφ
1059 1647 1173 1730 ίξεύειν
1200 1651 1342 1725 ἄκοντος
1424 1650 1504 1712 .Non
1541 1657 1660 1732 oportet
1695 1650 1727 1710 in
1765 1649 1824 1711 elio
1865 1647 1988 1729 praedio
2029 1648 2139 1710 veneri
2176 1647 2267 1709 inrito

316 1745 320 1751 ’
443 1758 504 1813 τοῦ
526 1749 702 1813 δισπότουι
720 1787 761 1798 -
1238 1758 1273 1819 fr.
1292 1761 1341 1822 16.
1369 1756 1498 1818 domino.
2168 1754 2205 1815 fr.
2222 1757 2266 1817 16,

357 1855 405 1911 20'·
512 1852 744 1930 θίίτοιςείπον·
768 1857 933 1941 ,δίδωμί
953 1882 1014 1924 σοι
1039 1859 1341 1928 δοίκτυλονῦδα-
1434 1863 1486 1925 Ite
1507 1863 1583 1925 dixi:
1606 1863 1663 1937 „do
1678 1861 1734 1924 tibi
1749 1863 1877 1943 digitum
1896 1872 2133 1943 equsepropter
2148 1861 2266 1923 domum

291 1964 336 2029 svl·
351 1969 405 2018 δι’·
442 1985 507 2038 τος
531 1967 585 2038 είς
607 1961 675 2027 τὸν
698 1960 807 2028 οἶκόν
830 1987 902 2029 σου
928 1964 1026 2031 ὅπου
1049 1968 1078 2031 δ
1104 1966 1150 2033 δν
1171 1969 1340 2054 βούλειέἔ·
1368 1980 1453 2031 tuem
1475 1980 1506 2031 et
1532 1969 1584 2031 ubi
1610 1968 1776 2031 volueris“:
1803 1968 1962 2051 personale
1986 1967 2060 2051 [ius]
2084 1978 2134 2030 est
2157 1978 2189 2031 et
2210 1989 2266 2030 non

442 2072 656 2154 προσωπικόν
687 2075 756 2134 ἔστι
788 2071 845 2136 καλ
876 2074 916 2136 οὐ
953 2074 1115 2160 διαβαίνει
1150 2080 1194 2151 είς
1224 2078 1341 2161 κληρο-
1369 2078 1477 2139 transit
1499 2077 1538 2139 ed
1561 2077 1687 2140 heredes
1708 2085 1785 2138 tuos.
2014 2075 2050 2136 fr.
2067 2079 2119 2137 37.
2136 2075 2179 2137 D.
2196 2077 2226 2149 8,
2240 2078 2265 2135 3.

441 2178 561 2259 νόμους
583 2199 659 2242 ooo:
677 2215 716 2225 -
1089 2182 1125 2246 ir.
1142 2186 1192 2277 37.
1207 2184 1248 2246 D.
1265 2187 1294 2258 8,
1311 2188 1339 2246 3.

262 2416 412 2597 Δίρφίί
682 2443 802 2499 roeo(
820 2445 864 2514 ι’,
884 2446 1016 2501 ειειιοι
1035 2447 1094 2500 ιον
1576 2444 1934 2513 nrrnnnsrv‚n1]3n1
1952 2444 2047 2501 nvm
2288 2456 2350 2509 on

352 2546 374 2582 1.
411 2568 417 2582 ·

2285 2530 2353 2593 μμ.

454 2570 515 2640 περὶ
533 2569 630 2622 κοινῶν
649 2571 788 2639 κτημάτων
806 2573 885 2625 τοῦτο
903 2571 953 2642 μὲν
970 2572 1119 2641 πολιτικῶν,
1138 2575 1218 2627 τοῦτο
1237 2572 1266 2627 δὲ
1283 2577 1327 2626 καὶ
1423 2572 1458 2627 de
1477 2569 1669 2627 communibus
1686 2571 1862 2642 praediorum
1879 2572 1938 2626 sive
1955 2570 2126 2626 urbanorum
2146 2572 2208 2627 sive

810 2660 976 2734 ἀμροικικῶν.
1730 2662 1902 2715 rusticorum.

370 2788 405 2840 α’.
507 2781 675 2848 Πολιτικὰ
697 2785 852 2866 κτήματα
875 2784 919 2850 τολ
935 2789 1101 2869 οἰκήματα
1116 2790 1253 2871 λέγεται,
1275 2787 1341 2853 mio
1432 2787 1561 2853 Urbane
1582 2786 1708 2869 praedis
1728 2788 1871 2850 dicuntur
1892 2787 2028 2850 aedificis
2054 2789 2110 2850 etsi
2135 2790 2169 2849 in
2198 2809 2264 2869 egro

442 2894 475 2952 ἔν
497 2892 590 2972 αχρῷ
614 2886 707 2955 docco:
725 2889 785 2942 -¹
1057 2896 1093 2958 fr.
1112 2900 1190 2978 lpr.
1206 2897 1245 2957 D.
1262 2897 1291 2972 8,
1307 2900 1338 2959 4.
1368 2896 1436 2958 sint
1985 2894 2019 2956 fr.
2037 2898 2054 2955 1
2071 2915 2117 2976 pr.
2134 2896 2178 2958 D.
2195 2898 2262 2971 8‚4

511 2995 623 3072 Οὐδείς
651 2998 801 3063 δουλείαν
827 3004 911 3078 ἔχειν
938 3000 958 3078 ἢ
982 3012 1162 3087 χρεωστιῖν
1189 3001 1339 3084 δύναται,
1432 3002 1531 3065 Nemo
1553 3004 1728 3065 servitutem
1751 3001 1863 3065 hebere
1885 3002 1934 3065 vel
1956 3001 2064 3065 debere
2084 3011 2191 3083 potest
2211 3003 2263 3063 nisi

441 3109 467 3168 εί
489 3103 533 3187 μὴ
557 3107 575 3168 ὁ
599 3109 683 3182 ἔχων
706 3108 876 3183 ἀκίνητονι
894 3145 936 3155 -
1179 3110 1214 3173 fr.
1232 3116 1259 3172 1.
1276 3118 1292 3188 ξ
1313 3114 1338 3172 1.
1367 3110 1478 3172 hebent
1500 3110 1664 3191 praedium.
2101 3108 2141 3170 fr.
2160 3112 2188 3170 1.
2205 3115 2221 3185 ς
2239 3112 2262 3169 1.

371 3212 403 3284 ῥ’.
509 3211 649 3276 Δουλεία
671 3211 761 3276 ἐστίν
783 3213 850 3278 ἀπὸ
873 3216 1056 3279 καστέλλου
1079 3217 1208 3280 ἀντλεῖν
1231 3216 1249 3294 i>
1272 3215 1339 3280 απὸ
1433 3217 1569 3279 Servitus
1596 3227 1643 3279 est
1669 3237 1688 3278 e
1714 3216 1838 3279 castello
1865 3216 1986 3278 haurire
2012 3214 2062 3278 vel
2089 3235 2109 3276 ε
2142 3216 2263 3277 flumine

441 3327 594 3401 ποταμοῦ
615 3315 672 3383 διὰ
695 3321 832 3405 τρόχους
850 3359 891 3368 -
1257 3325 1548 3413 ἔν.2.1ρειτοιιιιιι.
2187 3323 2222 3385 fr.
2238 3326 2263 3383 2.
2361 3310 2362 3323 ’

371 3426 403 3481 δ’.
513 3423 563 3490 To
593 3435 732 3509 μνημεῖα
759 3426 910 3491 δουλείαν
945 3430 1006 3493 οὐκ
1037 3428 1231 3508 ἐπιδέχεται·
1265 3416 1354 3494 οίιτεΙ
1433 3431 1579 3512 sepulcro
1605 3431 1779 3493 servitutem
1805 3450 1866 3492 non
1892 3430 2041 3511 recipiunt
2067 3450 2168 3511 neque
2190 3440 2264 3491 recte

440 3532 549 3607 καλῶς
572 3544 745 3619 συμφωνεῖ
763 3557 813 3608 τις
835 3538 929 3620 μέχρι
953 3537 1057 3600 τόσου
1078 3547 1233 3620 μνημεῖον
1247 3537 1338 3623 door·
1367 3539 1528 3618 paciscitur
1554 3538 1622 3619 quis
1648 3536 1761 3621 [licere]
1788 3538 1943 3618 hucusque
1968 3537 2143 3618 sepulcrum
2177 3537 2261 3598 eitius

442 3640 547 3716 θῆναι
570 3640 590 3718 ἢ
614 3642 734 3715 τόσους
757 3646 791 3704 ευ
813 3642 904 3723 αὐτῷ
928 3654 1090 3729 ταφῆναιι
1107 3682 1149 3692 -
1257 3645 1293 3706 fr.
1309 3647 1338 3706 4.
1352 3622 1354 3677 ἶ
1367 3643 1472 3706 tollere
1494 3643 1544 3708 vel
1566 3654 1613 3706 tot
1634 3645 1677 3707 ibi
1699 3643 1828 3726 sepeliri
2187 3645 2221 3706 fr.
2235 3646 2261 3703 4.

503 3744 536 3810 ‘O
559 3747 661 3828 λέγων
683 3748 826 3834 ὀφείλειν
842 3748 1003 3812 δουλεύειν
1025 3748 1085 3813 τὸν
1101 3747 1193 3814 οἶκον
1208 3748 1247 3814 δυ
1270 3742 1354 3823 δια-λ
1432 3752 1495 3830 Qui
1532 3751 1606 3813 dicit
1642 3751 1753 3813 servire
1789 3751 1922 3821 domum,
1960 3771 2051 3831 quom
2081 3751 2202 3826 vendit,
2237 3751 2261 3811 ei

441 3855 618 3936 πιπράσκει
634 3858 681 3936 τῷ
704 3856 784 3940 παρ’
809 3857 900 3937 αὐτῷ
924 3856 1169 3939 διακεισαμένῳ,
1193 3856 1232 3923 τὸ
1254 3836 1443 3939 είδοςλοιιεε
1470 3858 1552 3939 opud
1580 3878 1613 3948 se
1640 3867 1776 3920 remanet
1806 3857 1933 3939 speciem
1961 3857 2061 3919 dicere
2087 3857 2181 3920 debet
2208 3879 2260 3920 ser·

441 3961 563 4047 ὸφείλει
590 3960 692 4042 λέγειν
719 3973 777 4038 τῆς
800 3962 949 4037 δουλείας
976 3962 1040 4027 ἐπεὶ
1069 3961 1126 4028 διὰ
1152 3962 1192 4028 τὸ
1215 3952 1483 4065 ίίδηλουῇνίιιιιίε,
1511 3966 1653 4046 quonism
1680 3974 1804 4046 propter
1830 3963 2071 4026 incertitudinem
2103 3976 2162 4028 sut
2192 3965 2260 4026 nihil

443 4067 460 4144 i>
476 4066 570 4131 οὐδὲν
585 4072 726 4153 ἔρρωται
743 4067 762 4145 λ)
779 4079 873 4132 πιῖσα
888 4069 1108 4135 ἐπιτίθεσθαι
1126 4070 1280 4135 δύναταιε
1295 4110 1336 4120 -
1367 4072 1449 4134 velet
1471 4081 1525 4133 eut
1547 4072 1643 4133 omnis
1668 4070 1826 4155 [servitus]
1848 4081 1949 4152 potest
1962 4071 2085 4153 imponi
2131 4073 2170 4135 fr.
2188 4075 2205 4133 ’ί
2220 4094 2260 4155 pr.

1205 4179 1241 4241 fr.
1259 4185 1276 4242 7
1292 4202 1337 4261 pr.

507 4281 574 4346 Καὶ
607 4282 717 4367 ὑψοῦν
745 4282 778 4346 δὲ
805 4282 860 4346 καὶ
884 4292 1022 4347 στενοῦν
1048 4281 1108 4348 τὸν
1134 4283 1251 4362 ὀχετδυ
1277 4295 1339 4350 τοῦ
1431 4285 1474 4347 Ει
1486 4283 1605 4347 elevare
1619 4292 1651 4347 et
1665 4285 1866 4365 constringere
1881 4285 2005 4347 ductum
2020 4305 2117 4365 equae
2129 4305 2259 4367 possum,
2358 4268 2359 4283 ¹

440 4386 562 4464 ὕδατος
585 4387 736 4470 δύναμαι,
760 4394 786 4453 εί
808 4388 851 4471 μὴ·
875 4387 915 4453 τδ
938 4393 1088 4454 ἔναντίον
1109 4391 1219 4474 ἔδοξεν
1242 4396 1275 4455 ἐν
1298 4397 1338 4480 τῇ
1350 4424 1353 4515 ρ
1366 4393 1422 4453 nisi
1441 4392 1625 4454 contrarium
1642 4392 1674 4453 in
1697 4391 1870 4455 venditione
1892 4392 2041 4454 convenit
2107 4392 2145 4455 fr.
2165 4395 2203 4454 11
2219 4411 2260 4474 pr.

440 4498 571 4581 προίσειι
588 4533 630 4543 —-
1184 4499 1220 4561 fr.
1239 4503 1276 4561 11
1293 4521 1338 4581 ρι.

511 4605 565 4685 Τῷ
588 4608 697 4681 ἔχοντι
720 4604 863 4688 ῥεῖθρον
890 4614 1064 4689 σιωπηρῶς
1088 4615 1337 4687 παραχωρεῖται
1431 4608 1471 4669 Ei
1497 4607 1549 4688 qni
1579 4606 1673 4667 hebet
1702 4608 1802 4668 rivum
1830 4606 1921 4667 ιεοίιε
1947 4605 2120 4668 conceditur
2146 4606 2260 4669 reficere

440 4709 479 4775 τὸ
512 4713 672 4775 ἀνανεοῦυ
704 4707 787 4773 αὐτὸ
824 4708 882 4774 καί
920 4711 1098 4796 ἐπιβαίνειν
1128 4714 1339 4797 ἑκατέρωθεν
1365 4735 1433 4775 eum
1456 4724 1486 4776 et
1508 4713 1635 4776 transire
1657 4733 1712 4794 per
1733 4712 1908 4774 alterutram
1931 4712 2029 4793 ripam
2051 4733 2120 4774 cum
2144 4713 2259 4775 artifici·

439 4815 522 4900 μετὰ
544 4828 612 4881 τῶν
634 4827 791 4894 τεχνιτῶν
813 4816 869 4880 καλ
893 4816 976 4901 πρὸς
994 4815 1033 4882 τὸ
1050 4821 1147 4903 ἔρχου
1162 4816 1242 4895 ὕλην
1257 4821 1337 4883 οίπο-
1366 4820 1422 4881 bus
1445 4830 1475 4881 et
1497 4819 1537 4881 nd
1559 4839 1636 4901 opus
1658 4819 1816 4881 materiam
1838 4818 1994 4899 deponere.
2079 4819 2114 4881 fr.
2132 4823 2184 4882 11.
2201 4825 2216 4897 ξ
2234 4822 2257 4880 1.

440 4921 629 4988 τίθεσθαι2
652 4921 714 4987 ὑπὸ
737 4922 824 4997 ἰδίας
847 4926 965 4998 αλτιάς.
1153 4926 1336 5003 fr.11.§1.

359 5028 403 5100 oi·
502 5029 535 5095 ‘O
563 5029 724 5094 δουλεύων
754 5029 811 5094 καλ
839 5033 858 5094 ὁ
886 5031 1115 5114 δουλευόμενος
1142 5029 1246 5117 ἀγρὸς
1273 5053 1337 5095 πιο-
1430 5032 1507 5095 Cum
1535 5053 1592 5094 eus
1621 5053 1714 5095 cause
1739 5033 1852 5096 fundus
1878 5035 1931 5116 qui
1956 5033 2050 5096 hebet
2075 5033 2126 5095 vel
2147 5034 2258 5116 petitur

439 5138 556 5200 λεῖταιε
574 5174 615 5184 -
1233 5139 1269 5202 fr.
1287 5144 1336 5201 12.
1364 5141 1538 5201 servitutem
1561 5140 1708 5202 venditur.
2160 5141 2195 5203 fr.
2213 5143 2257 5201 12.

359 5243 402 5315 17'·
503 5242 593 5318 Ὁδὸς
609 5244 747 5308 δύναται
773 5255 932 5321 συστῆναι
957 5245 1007 5309 ἐπὶ
1023 5250 1070 5327 τῷ
1086 5251 1119 5309 ἔν
1134 5248 1238 5329 ἡμέρα
1253 5248 1336 5332 μόνῃ
1430 5248 1495 5309 Iter
1509 5256 1609 5328 potest
1624 5248 1796 5327 consistere,
1813 5257 1848 5310 ut
1862 5247 1992 5311 interdiu
2011 5247 2107 5311 solum
2123 5248 2256 5310 iterfist:

438 5350 597 5436 βαδίζειν·
614 5349 694 5436 ὅπερ
711 5348 830 5429 σχεδὸν
845 5352 900 5416 καὶ
918 5354 1103 5434 ιἰυαχκαῖόν
1118 5357 1208 5416 ἔστιν
1224 5359 1257 5416 ἔυ
1267 5362 1337 5426 τοῖς
1364 5355 1446 5435 quod
1469 5354 1530 5416 fere
1553 5365 1584 5416 et
1606 5356 1806 5417 necessarium
1829 5356 1931 5417 estin
1954 5355 2087 5417 nedibus.
2160 5356 2257 5417 1214

440 5462 556 5532 οίκοιςι
573 5495 614 5506 -
1233 5459 1268 5521 fr.
1287 5464 1336 5522 14.

361 5567 401 5618 ιε’·
504 5565 554 5628 Ἑν
577 5565 728 5651 διαθήκῃ
752 5565 891 5648 δύναμαι
915 5567 1033 5652 βαρεῖν
1049 5564 1108 5630 τὸν
1130 5566 1337 5649 κληρονόμου
1430 5569 1467 5629 In
1495 5577 1676 5630 testamento
1703 5589 1827 5649 possum
1850 5590 1971 5631 onerare
1996 5569 2136 5632 heredem
2162 5587 2256 5631 meum

438 5694 501 5753 μου
534 5671 684 5735 δουλείαν
717 5674 880 5736 ἐπιθεῖναι
915 5677 962 5755 τῷ
994 5676 1088 5758 αχρῴ
1116 5674 1231 5736 αὐτοῦι
1248 5709 1290 5719 -
1364 5684 1398 5735 nt
1420 5675 1596 5737 servitutem
1619 5676 1756 5756 imponet
1778 5675 1881 5737 fundo.
2157 5676 2193 5737 fr.
2211 5677 2254 5734 16.

1230 5780 1265 5840 fr.
1287 5783 1335 5841 16.

509 5953 622 6008 ¹hebet
640 5954 706 6025 Syn.
779 5956 921 6028 ¹hucusq.
940 5955 1007 6027 Syn.
1042 5954 1129 6012 verbe
1150 5972 1222 6032 quoe
1240 5971 1335 6012 secun·

437 6050 484 6103 tur
501 6044 537 6098 ad
555 6044 665 6101 initium
684 6061 707 6099 c.
726 6044 785 6100 XII
803 6048 951 6117 pertinent.
