4680 7114
793 429 948 499 LIBER
969 433 1059 500 IIII.
1105 433 1194 500 TIT.
1217 432 1255 499 V.
1277 432 1333 497 VI

151 613 184 674 a
206 615 331 677 asam
353 614 492 677 nauum.
530 614 869 678 modestissimam
884 614 1054 679 manua
1284 576 1785 680 rumussnrn.1‚n1na1m

151 721 311 802 pignorum
333 741 395 782 non
417 720 635 784 foeneratorem
653 722 707 784 sed
724 722 889 785 debitorem
909 720 1054 804 speetat¹
1202 719 1247 774 De
1264 718 1451 790 pumtoribus
1468 719 1622 789 piscatione
1639 721 1669 772 et
1686 718 1746 773 iure
1763 719 1855 773 maris·

109 874 115 889 .
218 829 256 889 In
279 828 447 891 traiectitiis
470 828 583 910 absque
606 829 801 911 stipulatione
822 838 968 911 petuntur
985 851 1054 893 usu-
1148 829 1235 892 Duos
1266 828 1377 892 fundos
1409 828 1574 905 habebam,
1609 827 1734 892 vendidi
1764 827 1823 906 sibi
1854 829 1983 891 altemm
2055 873 2062 888 .

150 955 202 997 rae
224 954 263 997 ex
285 932 510 999 conventiona²
1080 945 1247 1018 pectusque
1262 956 1330 998 sum
1345 956 1384 999 ne
1398 936 1565 1016 piscareris.
1603 935 1741 1016 quamvis
1761 936 1891 999 servitus
1906 935 1982 997 mari

108 1089 114 1103 .
218 1041 357 1105 creditor
379 1043 404 1103 si
427 1064 481 1125 per
496 1064 566 1105 eum
581 1043 675 1105 stabit
690 1044 850 1124 quominus
873 1045 1053 1125 praestituto
1080 1043 1207 1124 privatis
1229 1042 1419 1124 pactionibus
1441 1063 1503 1105 non
1525 1043 1706 1123 imponatur,
1729 1050 1831 1105 tamen
1853 1043 1879 1104 si
1901 1042 1983 1104 bona

150 1157 283 1229 tempore
305 1150 497 1212 maestitiam
512 1140 649 1231 accipiat,
672 1150 840 1214 nonhabet
855 1171 965 1214 usurae
979 1153 1053 1233 peti-
1080 1151 1139 1212 fide
1161 1150 1218 1212 boc
1240 1151 1272 1212 in
1294 1148 1468 1213 venditione
1489 1159 1612 1232 pactum
1636 1158 1691 1224 est,
1713 1147 1804 1225 valet,
1827 1158 1983 1231 emtorque

148 1251 290 1319 tionem⁸
1080 1267 1111 1319 st
1133 1256 1197 1319 aius
1224 1258 1256 1319 in
1283 1256 1455 1321 venditione
1478 1257 1527 1319 vel
1548 1258 1581 1318 in
1608 1257 1774 1320 hereditate
1796 1275 1982 1319 successores

107 1410 113 1422 .
216 1363 280 1441 Qui
302 1363 462 1445 pecuniam
484 1363 629 1443 magistro
658 1364 754 1425 eredit
780 1384 868 1426 nosse
891 1365 982 1428 debet
1003 1367 1053 1428 oui
1081 1384 1202 1429 servare
1224 1360 1401 1444 coguntur.²

148 1471 191 1532 rei
213 1470 335 1551 praesit,
358 1473 620 1551 necessariumque
643 1490 708 1533 esse
731 1480 886 1553 sumptum
909 1471 949 1533 ad
971 1473 1052 1553 quod
1146 1471 1262 1533 (iurent
1283 1471 1492 1551 magistratus,
1518 1490 1557 1533 ne
1577 1472 1743 1552 piscatores
1766 1479 1858 1533 noctu
1880 1470 1981 1550 ignem
2053 1515 2060 1529 .

149 1585 316 1640 mutuatur.
360 1577 441 1639 Nam
464 1578 545 1639 siin
567 1577 739 1640 decoranda
761 1598 839 1641 nave
862 1578 979 1659 absque
1001 1599 1052 1641 ne·
1079 1578 1245 1641 adhibeant
1259 1578 1485 1660 periculumque
1498 1577 1651 1640 facessant
1665 1578 1795 1641 navibus
1811 1577 1981 1659 naviganti·

148 1684 288 1747 cessitate
305 1684 457 1766 expendit,
479 1704 541 1746 non
556 1684 680 1747 babebit
695 1684 841 1747 adversus
857 1685 1050 1748 exercitorem
1077 1686 1204 1766 busque,
1227 1686 1280 1766 qui
1302 1686 1487 1766 exipsorum
1501 1680 1606 1747 lucro⁸
1627 1683 1799 1747 existiment
1813 1706 1846 1747 se
1859 1693 1981 1766 portum

148 1790 305 1853 actionem
352 1789 385 1852 Si
415 1789 485 1871 plus
512 1791 652 1866 eredidit,
684 1811 746 1853 non
778 1793 937 1855 conveniet
967 1813 1051 1855 exer·
1078 1790 1273 1856 adventare.⁴

147 1898 271 1960 citorem
293 1898 326 1958 in
349 1906 454 1959 totum.
500 1896 580 1959 Sane
602 1898 629 1960 si
650 1899 682 1959 in
704 1897 864 1961 refectione
884 1900 972 1962 navis
994 1900 1051 1962 uti-
1144 1899 1208 1977 Qui
1230 1899 1320 1979 longo
1343 1909 1475 1980 tempore
1489 1898 1521 1959 in
1543 1897 1668 1960 flumine
1685 1897 1807 1979 publico
1823 1896 1906 1960 solus
1921 1897 1980 1979 pis·
2052 1943 2059 1958 .

146 2002 216 2067 liter
237 2003 395 2086 expendat,
418 2024 479 2066 non
502 2014 605 2066 autem
627 2004 658 2065 in
681 2004 839 2087 superfluis
858 2008 1049 2081 ornamentis,
1077 2014 1173 2080 catur,
1187 2016 1275 2069 ⁴recta
1297 2004 1435 2088 prohibet
1457 2002 1621 2068 caeteros.⁶

146 2109 297 2173 tenebitur
318 2108 493 2173 exercitos‘
1143 2113 1207 2191 Qui
1228 2114 1260 2175 in
1275 2133 1358 2175 mare
1373 2133 1421 2174 me
1436 2112 1576 2194 prohibet
1589 2111 1709 2194 piscari,
1728 2120 1847 2174 tenetur
1862 2111 1979 2174 acdona
2050 2160 2057 2174 .

103 2266 108 2279 .
212 2217 275 2295 Qui
306 2226 427 2299 propter
454 2215 624 2281 edificium⁶
655 2218 704 2281 vel
732 2227 913 2300 apparatum
945 2219 1048 2295 credit,
1075 2221 1260 2296 iniuriarum,
1283 2219 1535 2301 quemadmodum
1550 2219 1603 2300 qui
1618 2239 1666 2281 me
1683 2219 1823 2301 prohibet
1844 2218 1889 2280 uti
1911 2218 1979 2280 loco

146 2323 239 2386 babet
260 2321 509 2405 praelationem.⁰
1075 2326 1197 2408 publico
1223 2327 1273 2391 νο]
1300 2326 1390 2389 rebus
1417 2327 1498 2389 meis.
1543 2325 1588 2386 illi
1611 2325 1664 2407 qui
1690 2325 1811 2407 publice
1833 2326 1980 2388 conduxit

101 2479 108 2493 .
210 2431 244 2494 si
265 2431 297 2492 in
319 2430 498 2494 fabricanda
519 2431 569 2494 vel
591 2431 739 2493 mutanda
760 2431 810 2495 νο]
827 2433 956 2495 emenda
969 2455 1048 2497 nave
1074 2433 1166 2496 datur
1180 2433 1331 2515 legitimus
1347 2433 1485 2496 defensor
1499 2432 1526 2495 si
1534 2432 1683 2495 conducto
1698 2432 1744 2494 uti
1758 2428 1980 2513 prohibeatur.⁶

144 2537 265 2613 credidi,
287 2537 337 2601 vel
352 2539 378 2600 si
393 2558 503 2601 navem
517 2537 641 2600 vendidi
655 2538 843 2621 creditorque
858 2560 934 2615 sum,
949 2540 1047 2603 babeo
1141 2540 1335 2605 Consuetudo
1344 2542 1482 2621 quamvis
1492 2540 1540 2614 sit,
1555 2549 1658 2601 nmen
1673 2548 1720 2601 est
1729 2549 1834 2601 conus
1849 2538 1929 2620 leges
1944 2550 1979 2604 ut

144 2645 360 2727 praelationem
383 2654 452 2727 post
473 2641 609 2707 liscum.⁷
995 2697 999 2704 .
1075 2648 1199 2729 quidam
1215 2655 1286 2710 ants
1301 2647 1391 2710 aedes
1407 2667 1479 2710 suas
1494 2657 1628 2710 caeteros
1647 2646 1760 2728 piscari
1775 2644 1979 2727 prohibeant⁷

101 2802 107 2816 .
210 2753 364 2816 Posterius
387 2752 510 2815 medens
533 2762 598 2814 tum
620 2752 796 2833 praefertur,
819 2774 888 2816 cum
904 2755 936 2815 iu
951 2774 1047 2816 arma
1141 2755 1348 2835 Agricultores
1381 2764 1413 2816 et
1442 2755 1606 2835 piscatores
1637 2774 1699 2815 non
1731 2762 1881 2833 cogrmtur
1911 2774 1979 2835 pro·

143 2870 279 2923 mentum
302 2861 389 2923 navis
412 2860 506 2923 credit
528 2859 586 2921 sibi
604 2859 755 2940 obligatae
770 2860 820 2923 vel
838 2862 869 2922 in
885 2860 1048 2924 refectione
1074 2871 1183 2924 ventus
1206 2882 1276 2925 suos
1293 2862 1333 2924 ad
1348 2860 1438 2923 urbes
1453 2860 1568 2924 deferre
1582 2869 1613 2922 et
1627 2880 1682 2942 per
1696 2881 1728 2922 se
1743 2860 1824 2941 ipsos
1840 2861 1977 2936 vendere,

143 2968 193 3030 vel
214 2967 247 3028 in
269 2968 353 3030 victu
375 2977 538 3030 nautarum
560 2966 610 3029 vel
632 2975 668 3029 ut
689 2976 788 3031 servet
815 2966 967 3049 obligatas
990 2968 1048 3031 sibi
1075 2969 1128 3031 sed
1150 2968 1221 3032 licet
1243 2969 1312 3030 aliis
1334 2969 1452 3031 tradere
1474 2976 1504 3030 ο]
1519 2967 1559 3029 ad
1581 2967 1704 3048 propria
1717 2967 1823 3031 munia
1840 2965 1978 3031 reverti⁸

142 3069 332 3138 marescal
358 3075 390 3136 in
417 3074 567 3137 solutions
593 3075 662 3155 ipsa
688 3073 781 3135 nauli
830 3073 938 3137 fortius
965 3077 1046 3138 euim
1139 3076 1235 3138 Recte
1257 3076 1365 3154 molem
1388 3076 1420 3136 in
1442 3075 1518 3136 mari
1541 3073 1615 3136 facit
1628 3084 1659 3137 et
1674 3074 1814 3137 aedificet
1828 3075 1859 3136 in
1875 3074 1977 3138 littore

142 3181 259 3262 obligat
281 3202 373 3263 quam
396 3182 530 3262 precium
552 3201 652 3243 rerum
679 3200 758 3261 quas
785 3182 817 3242 in
840 3181 952 3245 horreis
975 3192 1048 3246 sunt
1073 3184 1125 3264 qui
1147 3182 1224 3245 nulli
1246 3182 1468 3245 incommodum
1491 3178 1618 3243 adfert⁰

142 3287 194 3352 νο]
216 3286 404 3351 mesinauli.⁸
1139 3290 1202 3368 Qui
1211 3290 1244 3351 in
1253 3309 1336 3351 mare
1346 3289 1440 3370 pilam
1449 3287 1523 3350 iacit
1537 3288 1677 3351 dominus
1686 3288 1809 3370 quidem
1824 3289 1918 3370 ipsius
1933 3289 1976 3364 fit,

99 3446 105 3461 .
209 3396 285 3474 Qui,
299 3396 421 3459 nautico
448 3395 570 3458 foenore
596 3395 789 3458 foenerantur
815 3394 841 3456 si
872 3398 1046 3459 convenerit
1072 3395 1397 3459 sedbaudlieetiacere
1406 3395 1431 3458 si
1441 3416 1513 3458 usus
1521 3392 1977 3477 marialittorisveimpeditur.¹⁰

140 3511 175 3564 ut
206 3503 289 3584 apud
320 3523 371 3565 eos
401 3502 568 3584 periculum
600 3502 640 3564 sit
666 3503 896 3583 acceperintque
926 3504 1044 3584 pignus,
1138 3504 1223 3567 Usus
1238 3505 1322 3585 ripae
1340 3502 1473 3565 fluminis
1488 3501 1629 3584 publicus
1644 3510 1702 3577 est,
1725 3510 1756 3564 et
1769 3502 1883 3566 volenti
1905 3503 1976 3566 licet

141 3606 286 3690 negocio⁹
308 3608 463 3690 deperdito
486 3610 512 3671 si
534 3629 583 3670 res
605 3608 784 3690 pignoratos
801 3609 833 3669 in
848 3617 970 3691 promtu
985 3611 1046 3673 sint
1072 3609 1224 3691 adpellere
1245 3611 1349 3673 navim
1371 3618 1403 3672 et
1424 3611 1455 3671 in
1477 3610 1545 3692 ripa
1562 3629 1673 3691 ponere
1688 3610 1821 3672 smeiuas
1839 3610 1975 3698 rqtiaque

139 3715 216 3778 nibil
242 3737 293 3779 eos
319 3715 435 3778 iuvant
481 3714 557 3776 nibil
584 3715 664 3778 enim
689 3716 816 3778 interest
841 3716 939 3797 ipsine
961 3718 1045 3780 navi-
1072 3717 1224 3799 exsiccare
1238 3725 1269 3779 et
1283 3718 1315 3779 iu
1328 3717 1504 3779 fluminibus
1518 3717 1663 3797 navigare
1685 3716 1848 3797 funemque
1863 3716 1974 3778 arbori-

138 3821 278 3902 gaverint
293 3823 344 3886 vel
357 3823 517 3904 pecuniam
533 3830 724 3884 numeratam
743 3823 774 3883 in
791 3822 864 3886 navi
882 3823 1045 3887 habuerint
1071 3824 1128 3886 bus
1150 3825 1182 3885 in
1203 3825 1271 3905 ripa
1293 3824 1390 3886 enatis
1413 3823 1555 3904 adligare,
1578 3823 1744 3886 dominium
1767 3831 1868 3885 autem
1890 3823 1975 3904 ripae

139 3950 196 3993 nec
218 3949 264 3991 ne.
309 3929 396 3993 Tune
418 3930 497 3991 euim
519 3930 649 3992 maiores
671 3927 821 3991 debentur
842 3951 952 3994 usurae
974 3952 1043 3994 cum
1072 3930 1273 4013 arborumque
1287 3931 1629 4014 pertinetaddominum
1645 3926 1973 4010 incuiusagrosunt¹¹

138 4037 334 4100 foeneratoris
348 4036 483 4117 periculo
498 4036 695 4118 accipiuntur.
731 4036 784 4117 qui
799 4037 967 4118 periculum
982 4059 1041 4100 non
1136 4037 1239 4101 Littus
1253 4048 1300 4101 est
1315 4058 1411 4120 usque
1425 4059 1460 4100 οο
1475 4057 1535 4119 quo
1550 4036 1842 4100 excurritmaximus
1854 4037 1972 4100 fluctus
2045 4088 2051 4102 .

139 4144 308 4225 suscipiunt
329 4143 458 4206 maiores
481 4163 589 4206 usuras
611 4163 673 4207 non
694 4152 823 4224 possunt
845 4145 972 4225 exigere.
985 4142 1013 4182 ¹⁰
1069 4144 1156 4206 ldem
1179 4145 1210 4205 in
1232 4144 1352 4226 palude,
1375 4145 1434 4206 nisi
1456 4153 1521 4207 tota
1542 4144 1653 4225 privati
1675 4145 1749 4207 iuris
1771 4141 1860 4207 situ.
1873 4140 1900 4181 ¹³

94 4301 101 4314 .
205 4251 327 4313 Foenus
342 4250 637 4331 nauticaepecuniae
652 4250 860 4332 crescitsuper
873 4251 1042 4331 legitimum
1124 4285 1200 4340 1⁸10„
1273 4285 1338 4340 ¹1).
1350 4284 1560 4355 V111,4,1spr.
1632 4284 1743 4340 nqueo?
1768 4285 1818 4340 ,ed
1835 4303 1861 4340 v·
1880 4303 1971 4357 sup„

138 4357 263 4421 modum
284 4355 430 4439 quamdiu
451 4358 484 4418 in
505 4355 639 4439 periculo
666 4366 720 4418 est
766 4356 874 4438 quodsi
900 4359 987 4422 navis
1009 4360 1041 4420 in
1067 4374 1132 4429 ⁴1),
1151 4374 1271 4444 XLVII,
1281 4380 1305 4442 a,
1319 4379 1360 4429 ιο.
1432 4373 1497 4428 ⁸1).
1515 4373 1619 4441 XLIV,
1629 4379 1654 4442 3,
1665 4379 1689 4429 t.
1767 4374 1832 4431 οΙ).
1852 4375 1971 4446 XLVII,

137 4472 204 4527 tuto
228 4466 275 4539 sit,
298 4470 418 4526 οοοοοιι]
439 4484 549 4526 usurae
573 4465 701 4526 maiores
724 4461 908 4543 legitimis¹¹
1070 4467 1163 4533 10,1e.
1182 4465 1238 4533 gt.
1311 4463 1375 4519 Ἰ).
1395 4462 1456 4519 eod.
1487 4462 1544 4519 cfr.
1563 4461 1631 4534 Syn.
1649 4462 1684 4532 A,
1704 4469 1780 4534 36,1.
1854 4464 1920 4519 Ἰ).
1937 4465 1971 4535 L,

93 4624 100 4637 ,
204 4569 344 4632 creditor
369 4570 536 4652 periculum
558 4570 761 4650 navigationis
788 4591 850 4634 nou
872 4572 1039 4653 suscipiens
1069 4552 1344 4711 {J’D2'm'3Din’
1365 4558 1489 4697 11,¹2⁸.D
1515 4552 1729 4697 Ιωὸᾓδχξιω
1748 4558 1775 4674 ll
1792 4554 1927 4696 {1133}
1949 4643 1971 4698 ν

137 4678 264 4800 ΜΨ
287 4697 395 4739 mum
417 4697 479 4739 ‘¹⁰¹¹
502 4674 654 4801 aporpiqss
702 4784 710 4799 ·
910 4786 917 4800 Ι
1018 4787 1025 4800 ,
1066 4683 1155 4786 latina
1171 4683 1267 4788 versio⁸
1281 4683 1407 4788 Venturi.
1437 4683 1515 4787 Nihil
1531 4660 1656 4786 inbael)
1664 4659 1969 4802 tituloVIIraeebfltdrb

91 4839 98 4852 ,
203 4783 237 4846 Β]
258 4784 433 4847 foenerator*
442 4793 632 4848 nuncraverrt
646 4784 813 4866 pauculum
829 4804 894 4847 esse
908 4806 940 4846 ιιι
955 4805 1039 4849 ιιονι-
1066 4826 1117 4876 m
1143 4819 1294 4875 adduntur
1311 4825 1405 4875 tame„
1416 4821 1493 4892 leges
1505 4822 1633 4876 mugga,
1646 4820 1700 4889 (tq,
1710 4819 1798 4889 vm),
1817 4837 1889 4892 quas
1900 4823 1969 4878 „fis

135 4891 258 4973 gatione
273 4912 334 4973 qua
350 4890 490 4955 convenit
508 4890 666 4972 solumque
674 4887 709 4964 ¹³,
732 4892 877 4955 exercitor
890 4913 962 4955 vero
978 4893 1038 4955 alio
1066 4910 1194 4981 cognitae
1212 4914 1278 4964 sunt
1295 4926 1385 4980 mque
1404 4926 1438 4964 θ]
1456 4916 1499 4964 0³3
1514 4915 1625 4966 nosnos
1636 4910 1772 4966 versioni„
1789 4912 1968 4981 praestantia,

134 5008 243 5080 pergat
251 5009 282 5061 st
290 4997 476 5080 periclitemi-
484 4997 534 5062 vel
542 5008 662 5079 praeter
670 5000 823 5080 propriam
832 5019 956 5062 oausam
964 5020 1038 5062 mer-
1065 5002 1097 5053 ut
1119 4999 1231 5053 omnino
1254 4998 1453 5055 describendae
1475 4998 1629 5054 videantur.
1669 4998 1848 5053 admonendi
1874 5004 1968 5054 tamma

134 5125 184 5168 003
199 5104 351 5186 deperdgq
370 5115 447 5186 pum
461 5106 489 5169 si
503 5104 640 5168 imperit
654 5106 758 5188 aliqua
772 5126 852 5187 quae
865 5126 963 5169 emere
977 5127 1038 5169 non
1064 5104 1159 5143 summ
1177 5088 1220 5156 (ut
1236 5105 1312 5143 nune
1330 5104 1364 5143 ex
1375 5104 1448 5143 novo
1465 5087 1605 5143 florentini
1623 5087 1688 5143 libri
1704 5088 1874 5160 apographo,
1893 5090 1968 5160 quod
2081 5110 2083 5114 ¹

133 5211 450 5293 debuerigperqculum
460 5213 519 5276 hoo
527 5213 567 5276 ad
576 5213 795 5276 foeneratorem
801 5234 822 5275 11
823 5234 862 5276 on
870 5210 1039 5295 Pertinet„
1064 5194 1115 5280 pro
1133 5193 1178 5232 me
1196 5176 1317 5280 confecit
1328 5179 1372 5233 vir
1389 5177 1565 5281 doctissimus
1577 5176 1604 5232 S.
1617 5176 1767 5280 blinocchi,
1785 5179 1897 5233 omuino
1910 5195 1967 5234 cer·

1064 5271 1120 5321 tror
1136 5264 1183 5335 fio)
1200 5265 1318 5323 Venturi
1336 5282 1499 5335 vernonem,
1517 5266 1638 5338 rdeoque
1657 5283 1716 5322 erus
1728 5284 1859 5338 ςιοοοιιω
1871 5267 1968 5323 arche·

205 5352 376 5408 warda.
431 5352 496 5408 Ἰ).
506 5353 567 5409 eod.
578 5359 604 5409 i.
658 5352 722 5408 ⁸1).
733 5353 794 5409 eod
804 5358 829 5410 8.
883 5353 948 5407 ⁴1).
958 5353 1036 5423 XIV,
1064 5361 1171 5427 typum
1190 5355 1377 5426 etiampriora
1390 5355 1548 5411 illaXVIH
1562 5356 1685 5426 capitula
1698 5356 1875 5425 continuisse,
1894 5373 1967 5427 quas

134 5447 159 5511 1,
178 5445 194 5496 ‘l
212 5458 254 5513 pr.
327 5442 404 5497 ⁶sic.
477 5442 542 5497 ⁶1).
561 5442 653 5512 XLII,
672 5447 697 5512 6,
715 5447 757 5496 66.
831 5442 893 5497 7Ι).
913 5442 973 5499 eod.
992 5448 1035 5499 64.
1063 5446 1093 5498 in
1111 5444 1325 5500 heimbacbiana
1348 5444 1470 5500 aditiom
1488 5445 1687 5500 desiderantur.
1724 5443 1795 5500 eum
1818 5450 1911 5501 autam
1930 5446 1967 5502 ad

204 5530 268 5586 ⁸1).
287 5530 353 5599 XX,
372 5536 398 5600 4,
417 5538 442 5586 5.
462 5537 487 5586 6.
523 5532 618 5588 Verba
639 5532 763 5603 precium
785 5533 1036 5589 rerum-masinauli
1063 5533 1193 5589 XVIIIum
1211 5533 1281 5588 illud
1300 5534 1475 5604 desperatum
1493 5533 1552 5589 fere
1570 5539 1655 5605 caput
1669 5533 1966 5606 virgrsecaelinguae

130 5617 279 5691 adscripsit
302 5620 362 5691 ipss
380 5620 498 5677 Venturi
521 5623 570 5692 qni
594 5621 673 5677 addit
694 5626 726 5676 ut
746 5619 814 5693 ὑπὲρ
832 5624 1035 5693 κτινομισθέων.
1063 5627 1137 5678 certe
1156 5640 1212 5677 non
1234 5623 1379 5694 imperitus
1400 5623 1584 5694 pervenisset,
1607 5622 1676 5678 nihil
1698 5623 1798 5679 melius
1820 5640 1851 5678 se
1873 5622 1966 5679 facere

131 5707 205 5764 Vide
223 5708 289 5780 Syn.
308 5708 345 5779 X,
364 5715 390 5779 6,
410 5714 451 5765 19.
536 5710 695 5782 'radmor
777 5710 900 5766 1⁰Forte
917 5710 1036 5767 refertm
1061 5713 1273 5782 posseputavit,
1292 5727 1376 5783 quam
1389 5713 1496 5782 etipsa
1508 5728 1610 5783 graeca
1623 5711 1800 5782 describeret,
1819 5714 1966 5769 omnivar-

130 5796 209 5853 locas
228 5798 264 5853 ad
282 5798 301 5853 ].
317 5804 330 5853 l
344 5798 376 5856 (l.
389 5799 439 5869 IV,
452 5804 496 5871 66,
514 5817 587 5872 qnae
604 5801 695 5871 periit
769 5799 791 5832 ¹¹
810 5798 878 5855 Cod
891 5799 940 5869 IV,
953 5805 996 5870 66,
1009 5806 1033 5856 2.
1061 5802 1140 5856 sione
1158 5800 1362 5871 praetermissa
1390 5801 1446 5856 Pro
1460 5801 1602 5874 χρηννύιιν
1619 5802 1723 5872 legitur
1733 5800 1801 5857 ibid
1810 5803 1879 5875 χρῆν
1891 5803 1965 5856 νάειν

203 5887 225 5921 ¹⁸
242 5886 417 5944 Oodeodt.
431 5887 682 5961 Cir.Syn.X,2,It.
739 5887 1034 5961 ¹⁸Solumqueestpro
1062 5894 1146 5962 atque
1163 5907 1213 5961 pro
1231 5889 1299 5943 κατὰ
1318 5892 1422 5964 dsptor
1438 5891 1615 5963 καταθὴριον.
1650 5890 1684 5945 In
1701 5892 1764 5961 ipsa
1780 5892 1843 5964 legs
1855 5890 1965 5949 Rhodia

128 5980 175 6030 κα]
182 5974 275 6048 μόνον.
303 5978 459 6034 Damtoeot
471 5977 757 6035 memtsefibendum.
818 5977 840 6011 ¹⁴
858 5976 1033 6034 Codeodl.
1062 5979 1161 6033 XXIX
1180 5978 1323 6034 dumtaxat
1339 5979 1431 6049 prlora
1449 5981 1542 6051 capita
1559 5980 1747 6035 inveniuntur.

190 6074 258 6119 sm.
281 6075 367 6120 nvn
1709 6073 1743 6128 It

2032 2551 2057 2600 ὅ.

2032 2765 2057 2815 6.

2031 3086 2055 3138 i.

2030 3301 2055 3351 8.

2029 3516 2054 3566 9.

2165 3089 2197 3125 U.
