4680 7114
471 435 536 500 200
884 428 1224 497 BASILICORUM
1246 426 1554 495 FRAGMENTA
1576 426 1875 495 DIIPIIRDI'PA

536 615 661 689 LVIII,
678 618 710 688 3,
734 616 782 676 12.
834 612 1055 678 Μονοπάτιόν
1082 617 1151 676 ἐστι
1180 611 1222 674 δι’
1253 604 1293 675 οὗ
1319 633 1370 685 τις
1462 612 1526 674 Iter
1556 620 1603 673 eet
1631 632 1694 692 que
1720 611 1788 692 quis
1814 609 1905 692 pedes
1932 608 1982 672 vel
2011 629 2096 691 eques
2117 632 2228 678 οοιιιιιιιιι

472 720 610 785 δύναται
634 720 815 804 παρελθεῖν
837 718 914 783 ποδί
936 718 993 785 καί
1009 724 1159 808 έφιππος,
1181 719 1251 796 ἡδὲ
1268 719 1370 803 πάρο·
1397 726 1507 799 potent,
1530 727 1615 782 aetus
1637 739 1720 793 varo,
1743 717 1795 780 ubi
1811 725 1950 779 armenta
1964 727 1995 779 et
2008 718 2229 785 iumentetrainae

471 828 529 904 δος
552 828 593 892 δι’
619 822 657 904 ἧς
678 824 735 890 καλ
757 824 907 912 βούκολα
928 825 985 890 καλ
1000 827 1161 909 ὑποζύγια
1176 829 1370 912 περιφέρειν.
1398 825 1475 888 litet
1957 820 2005 910 (fr.
2024 827 2071 887 12.
2084 825 2118 887 D.
2131 826 2230 911 VIIII.)

951 932 1063 1019 (Epan
1079 944 1171 997 aucta
1184 933 1289 1009 XLII,
1306 930 1370 1019 67.)

535 1049 661 1127 LVIII,
678 1056 711 1126 3,
729 1054 778 1114 12.
821 1048 896 1114 Ἐάν
923 1050 1170 1135 παραχωρήσης
1191 1071 1247 1131 μοι
1269 1048 1371 1112 ἕλκειν
1464 1048 1498 1112 si
1528 1048 1602 1109 mihi
1633 1049 1681 1110 iun
1712 1049 1835 1111 οεεεετίε
1866 1068 1978 1130 aquam
2013 1048 2131 1110 dueendi
2155 1060 2231 1113 anu

472 1159 560 1245 ὓδωρ
575 1157 632 1223 καλ
647 1156 690 1241 μὴ
706 1159 822 1245 ὁρίσῃς
836 1155 897 1221 τὸν
911 1159 1023 1237 τόπον,
1047 1155 1123 1231 ὅλος
1143 1153 1282 1242 όάγρδς
1298 1155 1371 1220 δον·
1398 1157 1577 1219 indicaveris
1598 1156 1706 1231 locum,
1729 1164 1810 1218 tetus
1832 1176 1906 1235 ager
1920 1156 2025 1230 eervit3
2048 1156 2233 1236 aedpotiulaa

470 1266 560 1331 λεύει.
596 1265 722 1353 μάλλον
744 1264 778 1329 δὲ
801 1266 835 1327 οί
855 1265 953 1329 τόποι
977 1266 1009 1327 οί
1030 1262 1074 1347 μη
1096 1267 1226 1342 ἔχοντες
1247 1263 1372 1345 κτίσμα
1398 1283 1475 1344 quae
1496 1284 1558 1325 ιιοιι
1580 1262 1696 1325 habent
1717 1262 1885 1325 aedificium
1908 1283 1961 1325 eeu
1978 1264 2082 1326 vineae
2102 1263 2233 1327 seueriore

471 1373 491 1451 ἢ
513 1373 676 1456 ἀμπέλους
698 1371 718 1449 ἢ
742 1371 875 1456 δένδρα,
902 1369 958 1435 ὅτε
984 1369 1044 1448 τὴν
1066 1368 1175 1452 ἀρχὴν
1197 1373 1217 1447 ἡ
1240 1370 1372 1434 δουλεία
1398 1392 1467 1433 uum
1489 1371 1575 1433 initio
1598 1371 1791 1433 eonstituitur
1811 1370 1949 1433 servitus,
2054 1367 2098 1454 (fr.
2113 1372 2154 1431 21.
2167 1374 2234 1455 autu

472 1482 678 1544 συνίσταται.
1085 1477 1138 1565 (ib.
1153 1477 1290 1553 XLVII,
1308 1475 1371 1564 68.)

537 1605 663 1680 LVIII,
684 1609 716 1678 3,
739 1606 789 1666 20.
832 1603 878 1666 Ἡ
900 1603 1032 1668 δουλεία
1058 1613 1208 1690 φυσικῶς
1229 1600 1287 1666 καλ
1311 1602 1372 1665 οίικ
1465 1603 1600 1668 Servitus
1614 1602 1860 1667 nauualiternee
1873 1601 2049 1665 manufacta
2063 1601 2166 1663 laedae
2176 1614 2236 1683 potat

472 1709 538 1776 ἀπὸ
558 1711 793 1796 χειροποιήτου
815 1708 905 1784 τινός
928 1709 1067 1774 δύναται
1091 1708 1150 1773 τδν
1173 1707 1372 1773 δουλεύοντα
1398 1711 1525 1774 fundum
1552 1711 1743 1786 servientem,
1770 1710 1847 1773 forte
1872 1709 2013 1771 imbrium
2040 1708 2237 1771 abundantiaui

472 1815 578 1903 ἀγρόν
599 1817 767 1903 βλάπτειν,
791 1813 893 1895 τυχδν
915 1813 983 1881 ἀπό
1006 1817 1141 1903 ὄμβρων
1164 1817 1373 1898 πλεονασμοῦ
1398 1840 1437 1882 ex
1451 1819 1556 1882 vieInie
1572 1818 1652 1900 agria
1665 1818 1716 1883 vel
1730 1818 1813 1880 fonte
1826 1818 1957 1880 invento.
1995 1813 2046 1901 (fr.
2056 1819 2104 1877 20.
2118 1818 2165 1891 51.
2175 1816 2236 1895 δελ)

472 1925 492 2003 ἢ
515 1923 582 1989 ἀπὸ
607 1925 753 2001 πλησίων
771 1925 885 2008 ἀγρῶν
899 1923 919 2000 ἢ
934 1921 1002 1988 ἀπὸ
1018 1935 1121 2006 πηγῆς
1136 1924 1371 2010 ἀναφανείσης.

953 2031 1049 2117 (Epit
1064 2032 1105 2094 ad
1119 2031 1169 2094 Pr.
1184 2052 1223 2092 nu
1241 2034 1291 2105 39,
1307 2028 1372 2116 55.)

538 2157 658 2224 LVIII,
670 2159 814 2232 3,21.22.
837 2152 903 2221 'Ore
918 2153 991 2240 περὶ
1006 2157 1221 2237 καινοτομίας
1235 2156 1372 2237 κτίσμα-
1465 2158 1544 2221 Oum
1575 2156 1613 2219 de
1643 2176 1724 2221 novo
1756 2175 1845 2238 opere
1871 2156 1902 2216 in
1930 2153 2067 2216 aedificio
2092 2154 2137 2217 vel
2157 2155 2239 2215 enfin

472 2287 530 2340 τος
552 2264 572 2342 ἢ
595 2261 684 2349 ὅρων
698 2264 822 2345 γίνεται
838 2262 979 2345 ζήτησις,
1003 2265 1063 2328 οίικ
1078 2266 1281 2345 ἀπαιτοῦμεν
1294 2260 1372 2338 τοὺς
1400 2266 1537 2347 quaestio
1559 2264 1621 2339 fiat,
1643 2284 1704 2326 non
1726 2264 1904 2345 requirimus
1927 2271 1963 2324 ut
1980 2272 2146 2343 praesentes
2158 2263 2239 2343 pariae

472 2372 657 2456 παριόντας
684 2369 800 2434 εἰδέναι
829 2372 962 2446 πάντως
989 2370 1040 2435 έπλ
1068 2370 1171 2434 ποίων
1193 2370 1330 2435 ὑπάτων
1343 2370 1371 2447 λ
1399 2375 1496 2436 aeiant
1518 2372 1628 2453 quibua
1650 2370 1824 2434 oonsulibus
1846 2370 1895 2435 vel
1917 2370 2041 2451 quando
2063 2369 2094 2432 id
2112 2370 2240 2432 tentanti

473 2480 552 2543 ποτε
579 2482 723 2560 γέγονεν,
751 2477 823 2541 ἀλλ’
854 2481 881 2542 εί
908 2480 1071 2556 ἀνηκόασι
1098 2474 1191 2561 παρά
1217 2487 1285 2541 τῶν
1307 2482 1371 2541 tm-
1399 2480 1452 2543 ned
1474 2500 1514 2543 an
1537 2479 1709 2542 audiverint
1729 2479 1770 2541 ab
1792 2478 1837 2553 iia,
1859 2478 1912 2558 qui
1933 2477 2059 2539 scierint
2079 2477 2126 2539 vel
2144 2476 2242 2538 audierit

473 2589 644 2668 σταμένων
670 2585 690 2661 λ)
713 2586 933 2649 ἀκουσάντων
955 2587 1034 2649 πότε
1056 2581 1096 2649 τδ
1119 2588 1216 2669 ἔργον
1238 2588 1372 2666 ἐγένετο.
1400 2588 1522 2670 quando
1545 2607 1621 2669 opus
1644 2586 1684 2649 eit
1705 2586 1830 2648 fantum.
2002 2584 2053 2662 (fr.
2069 2584 2117 2648 28.
2130 2584 2164 2645 D.
2177 2586 2242 2655 223.)

597 2780 599 2785 Α
1118 2690 1171 2777 (ib.
1186 2692 1291 2766 XLII,
1308 2690 1373 2778 69.)

538 2809 659 2883 LVIII,
676 2814 704 2884 3,
722 2811 772 2870 23.
810 2807 960 2893 Στράτα
982 2807 1214 2872 συνίστασθαι
1233 2807 1371 2872 δύναται
1465 2811 1528 2874 via
1558 2806 1702 2872 nonantui
1731 2818 1832 2891 potest
1857 2806 1907 2870 vel
1933 2806 2026 2870 letior
2051 2807 2132 2870 VIII
2156 2804 2243 2887 pediu

472 2915 530 2980 καί
553 2917 742 3000 πλατυτέρα
763 2925 831 2979 τῶν
853 2915 886 2994 η’
910 2915 1020 2980 ποδῶν
1041 2912 1099 2979 καί
1122 2919 1307 3001 στενωτέρα
1321 2914 1371 2980 ἐπὶ
1400 2918 1448 2982 vel
1480 2918 1636 2999 angustior
1666 2917 1698 2978 in
1724 2924 1844 2978 tantum
1870 2922 1906 2976 ut
1927 2914 2103 2978 vehiculum
2126 2914 2163 2975 ire
2183 2913 2244 2993 poni

472 3032 646 3104 τοσοῦτον,
674 3023 728 3110 ἐφ’
754 3020 836 3086 ὅσον
864 3022 1036 3087 δύνασθαι
1060 3023 1170 3104 ὄχημα
1193 3022 1372 3109 φέρεσθαι.
1399 3026 1480 3088 Nam
1503 3024 1659 3105 angustior
1680 3044 1822 3085 mensura
1843 3023 1899 3085 iter
1920 3022 1994 3084 fauit
2017 3043 2080 3083 non
2100 3021 2178 3084 vienn

473 3127 513 3194 τδ
536 3127 603 3212 γάρ
627 3131 828 3214 στενώτερον
849 3127 973 3194 τούτου
986 3132 1107 3214 μέτρον
1122 3126 1202 3192 όδδν
1217 3137 1306 3193 ποιεῖ
1315 3126 1372 3192 καί
2067 3125 2115 3212 (fr.
2131 3131 2165 3190 23
2177 3148 2208 3207 pr.
2217 3126 2246 3184 in

473 3238 513 3301 οὐ
535 3238 696 3323 στράταν.
952 3235 1048 3324 (Epit
1064 3237 1105 3299 ad
1119 3237 1169 3298 Pr.
1184 3256 1224 3298 ιιι.
1240 3239 1291 3310 39,
1308 3231 1373 3321 82.)

538 3363 660 3438 LVIII,
677 3367 705 3437 3,
722 3366 773 3425 38.
810 3362 976 3443 Ποταμοῦ
990 3362 1272 3445 παρεντιθεμένου
1287 3360 1373 3423 σννί-
1466 3364 1608 3426 Flumine
1628 3361 1844 3424 interveniente
1865 3362 1992 3424 servitus
2012 3361 2148 3424 οοιιείεέίέ
2164 3360 2185 3419 ai
2200 3357 2246 3439 pei

473 3492 595 3535 σταται
613 3468 752 3551 δουλεία,
773 3465 831 3532 ἐὰν
850 3467 926 3533 ποδὶ
942 3479 1082 3555 περιῖται
1098 3467 1118 3545 λ)
1133 3471 1284 3555 γέφυραν
1299 3470 1372 3549 έχει,
1400 3472 1457 3534 bue
1479 3471 1601 3534 transiri
1622 3478 1723 3551 potent
1744 3477 1799 3531 aut
1823 3471 1947 3551 pontem
1975 3469 2085 3545 habet,
2111 3489 2166 3530 non
2187 3476 2247 3528 uua

474 3579 514 3642 οὐ
535 3575 599 3660 μὴν
621 3579 679 3640 έοίν
702 3581 770 3640 ἐστι
794 3577 1005 3661 ναυσίπορος.
1042 3580 1068 3639 εί
1092 3574 1126 3639 δὲ
1148 3574 1243 3638 ἄλλοι
1259 3573 1373 3638 δεσπό
1401 3579 1427 3641 εἰ
1458 3577 1642 3660 pontonibue
1672 3576 1848 3638 traiieiatur.
1899 3575 1934 3638 Si
1964 3584 2071 3637 tamen
2101 3575 2150 3637 alii
2178 3573 2247 3634 donn

474 3707 529 3748 ται
557 3680 635 3758 τοὺς
662 3684 792 3747 έκεῖθεν
817 3691 879 3747 τοῦ
906 3691 1058 3764 ποταμοῦ
1083 3684 1216 3760 έχουσιν
1240 3677 1372 3765 ἀγροὺς,
1401 3706 1488 3767 agree
1511 3685 1592 3747 ultra
1613 3684 1727 3746 flumen
1749 3684 1889 3759 habeant,
1912 3684 2003 3746 etiam
2027 3684 2111 3763 ipaue
2129 3683 2197 3745 vnn
2211 3700 2249 3740 ωι

473 3791 548 3856 δέον
578 3789 649 3855 ἐστὶ
679 3789 736 3855 καλ
768 3788 890 3865 αὐτοὺς
921 3798 1140 3875 παραχωρεῖν.
1192 3794 1218 3852 εί
1251 3788 1285 3851 δὲ
1316 3786 1373 3852 καί
1401 3794 1507 3856 eadere
1538 3800 1664 3875 oportet
1709 3790 1764 3853 Sin
1795 3800 1826 3852 et
1855 3791 1921 3872 ipse
1948 3789 2036 3854 illinc
2063 3811 2148 3872 agree
2173 3787 2249 3849 huba

473 3896 575 3973 αὐτὸς
601 3899 730 3962 ἐκεῖθεν
756 3901 924 3979 κέκτηται,
953 3898 993 3961 οὐ
1019 3896 1233 3962 διακόπτεται
1257 3897 1277 3973 ι)
1300 3894 1373 3958 δου·
1401 3901 1531 3963 servitus
1549 3919 1611 3962 non
1625 3898 1860 3979 interrumpitur.
1897 3897 1960 3960 Via
1978 3900 2063 3960 enim
2079 3910 2250 3961 eonaunnw

473 4006 553 4069 λεία.
597 4008 617 4083 ὴ
640 4003 706 4092 γάρ
725 4003 803 4079 ὁδὸς
826 4004 1008 4089 πληροῦται
1031 4004 1222 4092 φθάνουσα
1241 4002 1335 4068 πόλιν
1352 4001 1373 4079 λ
1400 4006 1450 4071 vel
1471 4007 1593 4069 civitate
1614 4013 1703 4068 tenus
1725 4004 1776 4068 vel
1797 4025 1892 4087 usque
1913 4004 1953 4066 ad
1970 4007 2057 4069 viam
2079 3996 2251 4088 publiunu

473 4112 637 4196 δημοσίαν
664 4109 745 4176 όδδν
771 4111 791 4189 η
814 4108 966 4194 ποταμὸν
991 4112 1197 4195 ναυσίπορον
1219 4109 1238 4187 λ)
1261 4114 1373 4195 ἕτερον
1401 4115 1441 4177 ad
1462 4112 1575 4176 flunien
1598 4111 1770 4195 navigabile
1791 4112 1842 4175 vel
1863 4112 1903 4174 ad
1926 4112 2023 4175 aIIum
2047 4104 2250 4193 agrumeiw

473 4218 580 4301 ἀγρόν
602 4227 664 4283 τοῦ
687 4218 926 4301 δουλευομένου.
954 4217 1067 4306 (Epan.
1083 4228 1173 4282 aneta
1187 4217 1291 4292 XLII,
1308 4214 1373 4302 64.)
1401 4223 1528 4285 servitus
1550 4220 1684 4283 debetur.
2126 4215 2170 4304 (fr.
2183 4211 2250 4277 383*

538 4346 660 4422 LVIII,
679 4348 707 4420 7,
726 4349 752 4408 1.
775 4343 816 4408 α’.
857 4342 1000 4430 Θυρίδας
1022 4342 1073 4419 τλς
1095 4346 1189 4421 ἔσχεν
1204 4340 1254 4406 eu
1271 4339 1373 4406 πολὺν
1465 4345 1600 4407 Lumina
1615 4344 1725 4426 aliquis
1747 4344 1856 4407 habuit
1877 4345 1968 4425 longo
1990 4352 2127 4427 tempore
2141 4353 2168 4405 et
2179 4340 2251 4402 viu'nn

470 4454 597 4537 χρόνον
622 4450 680 4515 καὶ
707 4453 725 4515 ό
753 4452 870 4534 γείτων
896 4454 1037 4539 ἀνυφῶν
1064 4447 1125 4515 τδν
1151 4449 1236 4514 ίδιον
1258 4458 1373 4526 τοῖχον
1399 4453 1546 4534 parietem
1583 4472 1671 4515 nuum
1702 4451 1794 4515 altius
1826 4451 1959 4514 tollendo
1996 4451 2161 4514 luminibus
2190 4444 2252 4507 οδε)

473 4564 642 4623 ἐπισκοτεῖ
652 4567 726 4633 ταῖς
741 4559 872 4645 θυρίσι,
895 4557 987 4635 καλὴ
1006 4557 1157 4642 διάταξις
1173 4557 1372 4643 ἀντιγράφει
1401 4560 1583 4622 constitutio
1615 4560 1656 4634 ei,
1693 4560 1745 4639 qui
1775 4558 1892 4621 lumina
1922 4557 2047 4635 habuit,
2087 4561 2130 4622 εἰο
2153 4549 2252 4619 miii*

474 4665 557 4749 πρὸς
584 4662 645 4730 τδν
671 4667 838 4745 ἐσχηκότα
860 4663 922 4739 τάς
945 4665 1092 4751 θυρίδας
1115 4661 1233 4738 οὕτως·
1263 4668 1289 4728 εί
1315 4661 1372 4727 καλ
1400 4668 1487 4730 Licet
1509 4666 1559 4730 vel
1579 4666 1711 4728 maxima
1734 4666 1909 4730 servitutem
1931 4687 1992 4729 non
2015 4667 2163 4730 eonoennit
2180 4661 2253 4723 vicine

473 4770 518 4837 τά
539 4774 687 4857 μάλιστα
713 4773 864 4837 δουλείαν
891 4773 931 4837 οίι
957 4774 1192 4859 παρεχώρησεν
1214 4773 1233 4834 ό
1256 4771 1373 4853 γείτων
1400 4773 1491 4836 altiue
1522 4794 1584 4835 non
1610 4772 1749 4847 tollendi,
1780 4782 1881 4836 tamen
1912 4773 2042 4856 longum
2075 4784 2184 4855 tempus
2207 4762 2253 4847 qul

472 4880 667 4944 κωλύουσαν
689 4875 793 4943 αὐτόν
816 4880 967 4967 ὑψῶσαι,
994 4879 1066 4944 ἀλλ’
1093 4872 1152 4942 οὖν
1175 4880 1193 4941 ό
1218 4875 1317 4952 πολὺς
1339 4881 1373 4940 έν
1399 4881 1560 4944 intervenit
1582 4881 1757 4943 servitutem
1779 4881 1811 4941 in
1832 4879 1918 4942 illum
1941 4882 2110 4956 constituit,
2130 4888 2252 4941 etum

473 4991 521 5069 τῷ
551 4991 638 5070 μέσῳ
671 4984 864 5072 διαδραμὼν
888 4988 1011 5071 χρόνος
1038 4985 1163 5062 ταύτην
1195 4989 1372 5062 συνέστησε
1399 4988 1528 5049 formam
1550 4987 1754 5050 aedifiaiomm
1776 4984 1941 5049 adulterari
1964 5009 2027 5049 non
2051 4987 2136 5063 sinit,
2161 4976 2254 5047 medei

472 5094 548 5158 κατ’
579 5094 684 5158 αὐτοῦ
710 5092 770 5172 τὴν
792 5093 952 5175 δουλείαν,
979 5091 1033 5174 μὴ’
1046 5103 1229 5178 συγχωρῶν
1251 5090 1290 5156 τὸ
1314 5094 1372 5178 ἀρ·
1399 5094 1425 5156 ie
1441 5094 1494 5176 qui
1507 5093 1648 5175 pulsatur
1663 5115 1717 5156 nea
1733 5094 1764 5157 vi
1778 5115 1835 5157 nee
1849 5094 1928 5157 ulam
1943 5115 1998 5159 nea
2013 5097 2149 5177 pruentia
2162 5086 2254 5175 ρυεόί(ι

469 5211 571 5281 χαῖον
593 5212 707 5285 σχῆμα
728 5212 795 5266 τῶν
818 5202 1007 5285 οἰκημάτων
1030 5199 1371 5286 παραχαράττεοθαι,
1974 5205 2013 5282 (ο.
2033 5207 2064 5265 1.
2078 5203 2150 5266 cod.
2163 5188 2252 5271 IIIis

473 5311 576 5393 μόνον
593 5314 619 5372 εί
635 5312 655 5372 ό
670 5311 863 5392 ένοιγόμινος
877 5307 920 5391 μὴ
938 5308 999 5395 βία
1013 5306 1057 5390 μη
1072 5308 1194 5395 λάθρα
1208 5304 1251 5391 μὴ
1267 5328 1372 5395 παρα-

474 5416 584 5495 κλήσει
607 5420 743 5499 νέμεται.
940 5414 1027 5502 (syn.
1044 5415 1080 5492 Δ,
1096 5418 1147 5491 40,
1165 5419 1207 5479 24
1223 5415 1316 5479 εολιολ
1330 5412 1373 5500 b.)

539 5542 664 5618 LVIII,
682 5547 714 5618 7,
732 5545 781 5604 12.
834 5539 881 5605 ot
903 5539 943 5605 τδ
965 5545 1086 5628 μέτρον
1107 5551 1175 5604 τῶν
1196 5540 1374 5622 κτημάτων
1467 5539 1539 5602 Non
1569 5540 1677 5603 modun
1707 5541 1911 5622 praediorum,
1949 5541 2003 5604 ned
2044 5545 2170 5607 servitus
2200 5548 2255 5615 uque

475 5648 546 5713 ἀλλ’
580 5651 600 5726 ι)
633 5648 764 5713 δουλεία
793 5646 833 5713 τό
865 5656 927 5712 τοῦ
956 5645 1079 5722 ὕδατος
1109 5651 1231 5733 μέτρον
1262 5648 1373 5732 όρίζει·
1402 5647 1525 5709 ιιιοόιιιιι
1552 5647 1665 5711 definit
1713 5648 1806 5710 Forte
1833 5648 1914 5710 enim
1941 5648 2036 5712 ambo
2066 5650 2107 5713 ab
2133 5642 2254 5728 aliquoi!

474 5753 577 5834 τυχδν
598 5754 665 5843 γάρ
681 5754 741 5819 δύο
756 5757 840 5831 τινὲς
856 5754 1014 5841 ἐλάβομεν
1029 5757 1122 5843 παρά
1140 5777 1230 5830 τινος
1246 5754 1376 5820 δίκαιον
1403 5775 1501 5838 aquae
1522 5754 1677 5818 dueendae
1694 5757 1872 5838 aeeepimuu,
1895 5776 2011 5838 egoque
2028 5779 2139 5840 agrum
2155 5754 2254 5818 maiorne

475 5860 598 5938 ὕδατος
612 5860 705 5945 κάγὼ
721 5863 778 5945 μὲν
793 5859 882 5941 εἶχον
898 5860 1004 5950 ἀγρδν
1018 5865 1161 5945 μείζονα,
1180 5865 1199 5926 ό
1216 5861 1250 5927 δὲ
1266 5866 1375 5947 ἕτερος
1403 5862 1479 5926 alter
1500 5863 1644 5926 minorem
1666 5863 1836 5927 habuimus.
2143 5862 2177 5951 (u
2190 5854 2247 5922 123

476 5971 610 6035 ἐλάττω.
945 5969 1031 6058 (Syn.
1050 5971 1085 6045 Δ,
1101 5972 1153 6046 40,
1170 5973 1211 6033 27
1228 5970 1321 6033 ochoi
1336 5966 1374 6055 e)
