4876 7034
450 486 471 554 8
820 475 1186 544 ussteicouuu
1215 475 1372 543 LIBER
1392 475 1471 542 XV.
1501 471 1654 540 rimi.
1685 474 1792 544 cAP.
1812 480 1962 543 lli-lu.

392 704 401 723 ,
450 634 562 798 regimme
591 653 650 758 ροό
667 645 899 795 ἀπριτρόντσς,
934 650 1016 733 πλὴν
1041 654 1104 714 τῶν
1130 651 1277 735 τροφῶν,
1307 649 1363 731 τῆς
1399 653 1595 794 quitprseter
1626 652 1756 723 ciberis,
1792 652 1848 715 iter
1881 660 1913 712 ct
1940 652 2159 735 nerigetionem
2194 650 2324 714 luciendi

333 790 340 803 .
454 760 528 800 οοσ
551 759 601 797 και
624 758 680 796 τοο
701 760 722 796 π
743 757 805 809 σος.
1399 756 1477 795 sun.

339 847 419 898 uti.
516 832 568 900 ια’.
596 837 682 898 Uiri·
724 835 763 897 Εἰ
784 836 820 899 δέ
840 835 923 899 θέλει
946 830 962 897 ό
986 831 1123 899 ἀπαιτῶν
1144 829 1294 908 δαπάναις
1315 834 1366 897 καί
1467 835 1525 896 xi.
1562 834 1665 917 Ulpi.
1696 838 1729 897 Si
1752 858 1823 899 rere
1844 839 1956 917 petitor
1977 842 2038 897 suis
2060 842 2198 917 impensis
2223 849 2253 897 et
2275 860 2324 916 pe·

318 918 437 971 ¹²·V¹·¹·
456 918 586 1007 κινδόιῳ
600 918 760 1000 ἀότοῦ”)
784 918 1051 1002 ἀποκαταστῆναι,
1078 918 1158 984 ἔνθα
1185 920 1365 1004 ψηφίζεται,
1401 923 1496 981 τίσοΙο
1527 940 1581 982 suo
1618 925 1659 982 ibi
1692 927 1810 982 restitui
1839 926 1927 1000 velit,
1966 924 2016 983 ubi
2053 926 2216 999 iudicetur,
2256 944 2323 984 reus

457 1008 583 1072 δι’δισσιν
603 1002 713 1090 ἓγγόας
734 1002 751 1069 ό
773 1002 966 1089 ἀναγόμενος.
1402 1006 1537 1068 setisdet.

340 1117 421 1168 inii.
521 1103 571 1188 ιβ’.
599 1109 693 1170 Pseu.
717 1101 754 1169 ‘0
773 1105 807 1169 ii
828 1109 906 1187 κακῇ
925 1104 1034 1180 πίστει,
1052 1104 1080 1168 τί
1098 1103 1154 1183 μέν
1169 1107 1202 1169 ie
1220 1102 1368 1188 ἀλλοτρίῳ
1467 1105 1541 1165 xii.
1570 1104 1677 1166 Paul.
1706 1106 1741 1165 Si
1762 1110 1802 1166 sit
1823 1108 1917 1168 moise
1938 1108 2006 1167 fidei
2029 1127 2187 1183 possessor,
2208 1111 2235 1170 si
2255 1110 2322 1188 qui·

325 1195 360 1259 Dr
376 1188 429 1238 ‘⁰ss
457 1191 544 1278 τόπῳ
570 1191 719 1275 ἐδράξατο
754 1194 808 1253 τοῦ
832 1193 1028 1272 πράγματος,
1056 1183 1094 1252 τά
1124 1187 1206 1253 asisii
1234 1190 1368 1270 λέγομεν.
1404 1191 1469 1249 dem
1490 1195 1522 1249 in
1541 1196 1601 1252 elio
1623 1194 1690 1251 loco
1709 1211 1769 1250 rem
1789 1204 1893 1251 nectus
1917 1197 1973 1262 sit,
1994 1196 2091 1251 eedem
2111 1194 2245 1254 dicimus.
2288 1192 2323 1255 Si

459 1279 485 1342 ei
505 1277 539 1341 δέ
558 1273 726 1359 μετήγαγεν
741 1274 831 1350 αάτό,
857 1272 935 1338 ἔνθα
956 1269 975 1356 ῆ
994 1274 1062 1356 δίκη
1084 1274 1211 1357 λέγεται,
1234 1274 1296 1337 issi
1312 1272 1368 1335 δα·
1403 1295 1475 1334 rere
1498 1278 1533 1334 eb
1555 1297 1589 1336 eo
1611 1278 1688 1347 ioco,
1711 1277 1760 1334 ubi
1781 1295 1869 1335 censs
1890 1280 2000 1357 egitur,
2024 1297 2087 1336 εισι
2107 1298 2169 1339 rem
2190 1288 2323 1340 trsnstu-

458 1358 636 1445 ποιήμασιν
655 1360 775 1434 οἰκείοις
797 1358 1052 1440 ἀποκαθίστησιν.
1407 1360 1493 1433 ierit,
1517 1362 1580 1420 iliic
1600 1360 1824 1420 sumtibus'suis
1845 1364 1990 1420 restituit.

327 1472 433 1600 Βιπέοεᾰ
523 1459 569 1545 ιγ’.
599 1462 684 1524 Um.
716 1461 837 1525 Δι’ίισσι
854 1459 889 1523 δέ
910 1459 960 1521 καί
982 1458 1037 1541 τῆν
1057 1459 1177 1541 ζημίαν,
1201 1455 1254 1523 liv
1271 1456 1370 1540 γέγονε
1470 1460 1559 1522 Xlll.
1598 1458 1700 1541 Ulpi.
1735 1461 1865 1522 Prsestst
1888 1473 1983 1521 sutem
2005 1465 2095 1523 etism
2114 1466 2269 1539 demeum,
2298 1466 2324 1522 si

510 1642 557 1704 ίάν
572 1643 685 1735 πρῆγμα
701 1644 803 1718 κινητόν
823 1646 967 1720 ίκδικῆται,
987 1644 1076 1733 εἰμέν
1093 1640 1148 1703 ἀπὸ
1164 1639 1232 1719 βάτα
1247 1645 1309 1715 φίδε
1325 1663 1373 1700 νο-
1457 1642 1500 1697 ίί.
1526 1642 1618 1713 [Cpr.
1639 1645 1657 1699 ί.
1673 1646 1726 1712 so]
1753 1645 1842 1699 Sires
1855 1646 1969 1699 mobilis
1984 1646 2157 1713 vindicetur,
2173 1646 2322 1715 siquidem

459 1718 537 1791 μεὀις,
555 1712 571 1785 ἢ
586 1723 656 1773 ntra
673 1718 740 1774 ίστίν
753 1714 851 1791 ὀφείλει
869 1718 1002 1783 δίδοσθαι,
1020 1739 1037 1787 η
1053 1714 1123 1773 ἔνθα
1139 1709 1289 1772 άπαιττίται
1305 1708 1373 1770 ἀνα-
1408 1728 1425 1764 τι
1444 1714 1536 1767 bonne
1555 1716 1618 1767 lidei
1642 1732 1820 1783 possessore,
1844 1716 1891 1769 vel
1912 1719 1961 1769 ubl
1987 1722 2032 1769 est
2051 1717 2131 1771 reddi
2154 1718 2254 1779 debet,
2279 1716 2325 1766 rei

460 1787 561 1859 ίσίμασι
584 1787 633 1843 τοῦ
651 1779 774 1862 άκτσρσς,
805 1782 823 1843 ἀ
847 1787 919 1853 ίιιτὸς
937 1786 982 1856 τῆς
1004 1785 1104 1862 τροφῆς
1122 1789 1150 1841 έν
1167 1784 1200 1860 τῆ
1224 1779 1278 1858 όδῆ
1301 1778 1374 1855 irrui
1408 1783 1458 1835 ubi
1475 1785 1585 1852 petitur
1601 1786 1743 1838 sumtibus
1761 1787 1872 1837 sciticet
1893 1786 2014 1847 actoris,
2040 1788 2087 1854 qui
2107 1795 2191 1840 extre
2214 1787 2325 1840 clbsrie

440 1857 517 1928 ’πίηί
530 1858 656 1929 γίνονται.
1408 1854 1437 1905 in
1456 1854 1558 1906 itinere
1576 1855 1620 1907 rei
1640 1856 1670 1907 in
1689 1856 1871 1925 navigatione
1889 1854 1956 1907 lecti
1975 1862 2053 1913 sunt,

512 1934 603 2015 άνάγν.
619 1943 656 2014 pis.
669 1934 703 2005 ις’
719 1942 753 1997 τί.
770 1936 795 2013 γ’
812 1941 865 2014 διγ.
882 1933 919 2013 spi
936 1938 998 2015 περί
1014 1936 1069 1996 noir
1085 1933 1116 1997 τό
1133 1932 1272 1996 δεπόσιτον
1291 1929 1375 2003 [σἰπο-
1460 1937 1502 1991 82.
1540 1938 1657 2006 [Acon.
1680 1939 1717 2023 στί
1735 1940 1754 1996 ί.
1768 1940 1823 2007 iu]
1858 1939 1936 2012 Lege
1959 1941 2008 1994 lib.
2028 1940 2097 1996 XVI
2118 1938 2193 1994 sits
2222 1939 2278 2010 dig.
2293 1940 2326 1991 12

460 2011 645 2074 καθίσταίται.
1409 2008 1444 2061 de
1465 2023 1509 2072 eo,
1529 2009 1579 2061 ubi
1599 2009 1758 2077 depositum
1778 2011 1952 2067 restituitur.

512 2093 591 2170 μῆέκ
606 2092 654 2152 τοῦ
671 2090 801 2169 παρόντος
818 2095 926 2166 νομίσῃς
942 2093 995 2166 διγ.
1010 2088 1072 2158 τοίς
1087 2094 1250 2168 πσοσέσσρας
1265 2087 1374 2161 τῆντάν
1459 2092 1502 2146 88.
1530 2094 1647 2161 [Απσιι.
1667 2094 1704 2147 αδ
1721 2095 1740 2149 ί.
1755 2096 1810 2162 lo]
1846 2095 1888 2148 Ne
1909 2095 2008 2149 credes
2021 2110 2056 2147 ex
2072 2092 2126 2147 boc
2144 2094 2200 2162 dig.
2213 2108 2325 2161 posses·

462 2160 550 2222 τόπον
566 2164 633 2234 ἔχειν
650 2159 779 2237 ίπιίσγήν.
813 2159 903 2237 ἀνάγν.
920 2159 950 2218 τὸ
967 2164 1067 2235 ἐφεξῆς.
1409 2177 1489 2217 sores
1505 2163 1631 2217 locorum
1646 2166 1815 2217 electionem
1831 2164 1944 2219 bebere.
1971 2165 2108 2218 Conlerss
2126 2178 2249 2232 sequens
2267 2163 2325 2232 dig.

424 2296 428 2302 .
516 2242 794 2325 ἀποίόίεταιῆόρἑο.
813 2244 1287 2333 [ίόινῆίίτόνσίκίτηνωοαους
1304 2238 1375 2302 ἀπο-
1459 2246 1503 2304 ti.
1531 2248 1661 2317 [Steplt.
1678 2249 1765 2303 ιἰιιίιισ
1783 2249 2135 2317 t.1i‚1s,13,14‚15pr.]
2157 2247 2324 2300 Absolvitur

462 2320 619 2390 καθίστησιν
635 2318 704 2375 ἔνθα
721 2318 798 2381 ἐστίν,
816 2316 840 2373 εἰ
854 2340 893 2391 μη
909 2316 962 2393 ἀρα
980 2314 995 2374 ό
1010 2319 1121 2391 πετέταρ
1138 2316 1262 2388 decimae
1277 2316 1375 2387 μᾶλλον
1409 2333 1495 2382 reus,
1519 2321 1544 2372 si
1562 2334 1674 2372 serrum
1692 2319 1731 2373 ibi
1750 2324 1886 2373 restituet
1904 2323 1951 2373 ubi
1970 2327 2031 2383 est,
2052 2319 2106 2372 nisi
2124 2317 2199 2370 lorte
2217 2317 2326 2385 petitor

461 2388 533 2446 ἔνθα
551 2384 800 2464 [σσνικρστῆ]θητὸ
817 2385 981 2464 δικαστήριον
997 2382 1213 2454 ἀποκαταστῆσαι
1230 2378 1311 2440 αὐτόν
1329 2381 1376 2440 τόν
1409 2388 1507 2451 metit,
1534 2389 1583 2440 ubl
1604 2389 1764 2453 iudicetur,
1794 2406 1908 2444 serrum
1933 2389 2048 2443 restitui
2070 2404 2123 2441 suu
2145 2386 2272 2455 periculo
2296 2394 2327 2438 et

462 2459 563 2527 οἰκέτην
572 2454 694 2530 καδίόνιρ
704 2455 788 2530 οἰκείῳ
799 2456 839 2520 τε]
852 2457 896 2513 καί
907 2452 1099 2528 δαπανήμασιν.
1124 2449 1183 2510 τότε
1192 2451 1247 2538 γάρ
1258 2448 1376 2536 ἀναγκά-
1409 2467 1514 2510 sumtu.
1541 2458 1623 2509 Tunc
1636 2461 1711 2512 enim
1732 2474 1804 2512 reus
1815 2462 1934 2528 petitori
1951 2475 2050 2512 cerere
2065 2458 2179 2529 cogitur
2196 2457 2230 2509 de
2242 2471 2325 2508 servo

462 2531 533 2595 ζεται
557 2523 572 2584 ό
593 2529 791 2602 diversorium
815 2524 917 2583 διδόναι
932 2526 968 2598 τῷ
985 2527 1110 2599 πετίιορι,
1128 2520 1166 2580 ὅτι
1183 2544 1252 2580 κατα
1268 2544 1312 2580 τον
1327 2523 1375 2581 τοῦ
1409 2529 1438 2578 in
1456 2527 1519 2580 ioco
1531 2527 1631 2580 iudicii
1650 2530 1827 2582 restituendo
1844 2560 2095 2581 ...............
2112 2528 2137 2578 si
2152 2541 2217 2579 reus
2231 2526 2326 2578 bonae

462 2599 553 2655 δικαστ
586 2599 629 2653 iou
652 2591 735 2653 τόπον
755 2590 950 2666 ἀποκαθίστησι
972 2592 1017 2652 τὸν
1034 2595 1142 2663 οἰκέτην.
1173 2590 1197 2650 εἰ
1212 2613 1261 2678 μεν
1276 2623 1318 2642 ···
1335 2588 1376 2648 ὅτι
1410 2596 1474 2647 iidei
1498 2611 1647 2662 possessor
1665 2602 1718 2660 sit,
1744 2598 1822 2651 dictu
1840 2599 1933 2651 locum
1953 2597 2074 2663 hebent,
2103 2601 2129 2649 si
2147 2612 2215 2648 vero
2232 2596 2326 2646 maine

462 2664 716 2809 ίοαίαιο
735 2659 1375 2818 ‘renitescereimmitit
1409 2665 2326 2806 istriensiireiziteiieeueruere

515 2800 516 2803 ,
547 2802 553 2819 ρ
578 2804 590 2824 ν
716 2775 724 2800 ι
796 2799 803 2817 o
879 2802 885 2821 1
1005 2800 1011 2817 ,
1114 2802 1126 2818 .
1191 2801 1204 2815 ,
1349 2774 1374 2804 ,ι
1664 2773 1672 2800 ν
2187 2771 2196 2795 ν
2234 2805 2240 2819 ‚

462 2808 891 2956 iiiiiiiiiii‘ttiliii
906 2805 1376 2947 iiiiiiiiffiiiissliii
1410 2804 2327 2940 {iiiiii‘'iiiiii'‘”iiiiiii‘iiiiiii‘iiiii:

464 2939 532 3028 ἅπερ
555 2943 618 3019 περὶ
639 2947 708 3018 picea
727 2944 787 3015 φίδε
804 2946 902 3017 νομέως
918 2939 1072 3015 φθάσαντες
1088 2945 1204 3016 εἴπομεν.
1236 2939 1260 2998 εἰ
1275 2943 1305 3000 δέ
1321 2937 1376 2998 ἀπό
1411 2950 1518 2997 testete
1536 2954 1596 3010 est,
1619 2946 1799 2998 subtractum
1816 2963 1929 3001 servum
1955 2948 2012 2999 alio
2037 2944 2237 3008 transtulerit,
2263 2942 2324 2995 iilic

464 3012 538 3077 [mu]
551 3009 645 3079 τόπον,
662 3000 724 3086 ένηί
741 3011 932 3088 πρακατήρχθη
949 3010 980 3069 τό
1000 3007 1174 3086 δικαστήριον,
1191 3006 1373 3081 [ἀπαχθέντα]
1409 3029 1474 3066 eum
1492 3017 1603 3068 restitui
1620 3022 1744 3084 oportet,
1762 3016 1836 3069 unde
1850 3018 2017 3071 subtrectus
2034 3022 2088 3075 est,
2108 3015 2250 3066 sumtibus
2268 3013 2327 3065 sei-

461 3081 508 3140 τόν
524 3079 624 3154 οἰκέτην
640 3076 765 3153 ἀλλαχόσε
781 3086 942 3155 μετέστησεν,
959 3087 1011 3139 ίκιι
1028 3103 1108 3138 curer
1123 3084 1222 3153 σφειλει
1238 3075 1376 3137 ἀπσκαθί-
1409 3083 1477 3136 iicet
1497 3087 1547 3136 rel.
1582 3083 1646 3137 Nun
1664 3084 1758 3137 solum
1777 3094 1873 3138 eutem
1895 3102 1955 3139 rem
1975 3100 2040 3139 reus
2068 3085 2222 3137 restituere
2241 3080 2326 3134 debet

461 3157 590 3217 στασθαι,
614 3148 682 3209 ὅθεν
697 3151 743 3208 καί
759 3185 835 3202 ·····
851 3173 894 3209 sm
912 3145 1081 3225 δαπανήμασι
1096 3152 1184 3222 μέντοι
1200 3150 1248 3206 soi
1264 3147 1373 3237 ένάγον-
1410 3153 1446 3212 ei,
1467 3155 1514 3219 qui
1533 3155 1562 3205 in
1584 3169 1641 3207 rem
1655 3157 1796 3206 actionem
1814 3157 1951 3222 instituit,
1971 3154 2022 3207 sed
2040 3155 2136 3213 etiem,
2154 3156 2180 3205 ei
2198 3152 2326 3205 deterior

461 3224 545 3286 τοτ’).
584 3216 617 3278 oi
640 3218 721 3294 μόνον
744 3222 774 3278 δέ
795 3222 826 3278 τὸ
851 3222 964 3309 πρᾶγμα
985 3219 1038 3296 χρῆ
1059 3216 1105 3276 τόν
1126 3213 1282 3294 ίναγόμινσν
1305 3239 1375 3276 arro-
1410 3220 1486 3272 lectu
1505 3231 1559 3282 est,
1578 3223 1663 3276 iudex
1682 3224 1767 3275 etiam
1787 3224 1871 3278 buius
1890 3227 1932 3279 rei
1951 3226 2089 3278 retionem
2106 3223 2213 3275 babere
2230 3221 2326 3275 debet.

460 3289 620 3360 καταστῆσαι
642 3290 677 3364 τῷ
700 3289 830 3360 κινήσαντι
850 3311 896 3359 την
917 3312 942 3347 ιν
964 3292 1036 3371 diu,
1051 3283 1116 3346 iiii
1140 3287 1204 3371 κ[αἰ
1225 3285 1260 3352 εἰ]
1287 3294 1376 3366 γε’-σν
1410 3291 1499 3360 Finge
1518 3293 1592 3344 enim
1612 3307 1673 3344 eum
1695 3292 1874 3346 debilitatum
1897 3295 1943 3348 vei
1965 3293 2148 3347 verberatum
2166 3291 2210 3344 rel
2226 3291 2327 3343 vulne·

462 3363 572 3434 ἐγένετο,
595 3354 674 3434 λόγον
690 3355 787 3431 όφιίίει
801 3358 847 3415 καί
861 3354 957 3417 τούτου
972 3363 1141 3427 ποιήσασθαι
1156 3378 1204 3413 τοο
1219 3309 1374 3431 pereurid]
1412 3370 1503 3413 retum
1523 3376 1636 3414 servum
1652 3364 1816 3427 restituere,
1836 3370 1930 3432 petet,
1955 3362 2031 3433 quod
2057 3365 2143 3416 etiem
2168 3361 2326 3415 deterioru-

462 3429 591 3497 δικαστής.
626 3431 677 3494 θές
698 3428 750 3503 γάρ
771 3424 812 3485 ότι
834 3424 1084 3503 ἀκρατηριασθέντα
1100 3424 1117 3497 ῆ
1132 3425 1375 3501 μαστιγωθένιαῆ
1410 3432 1499 3482 tionis
1524 3432 1591 3484 inde
1616 3432 1810 3502 contingentis
1829 3435 1904 3486 rutio
1933 3447 1952 3484 a
1974 3432 2069 3486 iudice
2094 3429 2193 3484 heberi
2211 3430 2328 3488 debeat,

461 3500 692 3573 τρασμιιτισθέντα
704 3500 747 3554 τόν
759 3495 859 3567 οἰκέτην
872 3492 1076 3568 ἀποκαθίστησι,
1090 3494 1221 3571 πρόδηλον
1232 3492 1375 3571 όςόφείίει
1411 3513 1580 3567 quemquem
1601 3509 1630 3553 et
1651 3501 1723 3570 legis
1747 3503 1878 3570 Aquiliae
1905 3504 2018 3555 actione
2046 3516 2198 3570 possessos·
2223 3516 2325 3554 conre-

462 3567 508 3622 καί
529 3568 574 3636 τῆς
596 3566 722 3647 ίντεόθεγ
745 3560 929 3636 άπομειιίσεσις
950 3564 995 3623 διά
1018 3566 1067 3624 τοῦ
1083 3564 1230 3633 δικάζοντος
1249 3570 1376 3656 γίνεσθαι
1410 3569 1468 3620 uiri
1485 3573 1586 3638 possit,
1605 3573 1630 3624 si
1651 3585 1763 3623 servum
1784 3571 1953 3626 deteriorem
1971 3571 2103 3625 reddidit.
2138 3569 2219 3623 Unde
2240 3584 2328 3638 quee-

314 3648 329 3673 ⁵
404 3672 409 3681 ·
463 3632 550 3710 λόγον,
572 3632 595 3692 εἰ
616 3635 661 3718 καὶ
684 3657 717 3691 τα
738 3633 850 3709 μάλιστα
866 3635 911 3721 καί
926 3637 962 3725 τῆ
979 3630 1100 3710 decemp
1116 3637 1229 3718 trapetas
1244 3660 1260 3695 α
1277 3640 1376 3695 neoni-
1410 3638 1494 3704 ritur,
1511 3654 1547 3692 en
1567 3656 1624 3693 uon
1646 3640 1717 3692 alies
1735 3641 1820 3694 iudex
1841 3642 1877 3695 de
1892 3645 1921 3694 in
1940 3657 1998 3695 rem
2016 3645 2129 3694 ectione
2147 3653 2328 3709 cognoscens

462 3725 518 3779 σσρ
535 3706 737 3776 μιθσδισεσθιιι
750 3705 793 3774 γε’
809 3727 858 3762 ova
873 3727 918 3763 ιον
936 3709 1034 3777 οιιέιην
1050 3726 1206 3776 ιιιπσιηκως.
1236 3704 1316 3772 [ὅθεν
1330 3711 1375 3793 ζη-
1409 3706 1541 3761 damnum
1560 3713 1619 3762 sive
1645 3709 1900 3765 deteriorationem
1924 3715 2076 3765 aestinmre
2101 3715 2131 3761 et
2155 3723 2235 3762 reum
2259 3722 2327 3775 pro·

463 3778 553 3839 τεῖναι,
575 3772 599 3860 εξ
613 3772 662 3832 οὐκ
679 3768 773 3840 diflert
782 3726 837 3840 ii]
859 3774 905 3845 τῆς
928 3772 953 3832 ἰν
969 3777 1018 3850 ῥέμ
1034 3769 1197 3852 ἀκροώμενος
1215 3769 1313 3851 όφείίιι
1327 3799 1375 3848 την
1409 3783 1508 3844 pterea
1529 3780 1718 3832 condemnere
1736 3780 1847 3845 debeat,
1866 3797 1950 3851 quem
1968 3783 1992 3833 si
2019 3781 2184 3835 remittetur
2202 3779 2228 3830 ei
2246 3776 2326 3828 ectio

464 3844 555 3923 ζημίαν
581 3863 639 3927 ptos
665 3840 826 3918 ἀπομιέσισιν
849 3845 1026 3918 διατιμᾶσθαι
1052 3844 1097 3902 καί
1124 3843 1302 3915 καταδικάζειν
1328 3847 1374 3903 lui
1410 3847 1644 3918 legisiiquiiieel
1667 3850 1705 3901 Et
1718 3850 1815 3903 Labeo
1828 3854 1878 3915 eit,
1900 3866 1999 3904 cerere
2012 3853 2165 3920 petitorem
2178 3853 2327 3914 oportere,

463 3933 547 3986 τοστηι
567 3933 612 3970 τον
628 3916 696 4001 ρ’έσν,
722 3911 746 3996 εἰ
761 3910 798 3985 μῆ
821 3915 1008 3992 παραγαρηθῆ
1030 3909 1100 3988 citui
1121 3910 1136 3972 ό
1160 3908 1308 4004 &oddonis
1329 3916 1375 3973 καί
1409 3917 1472 3987 iege
1490 3921 1604 3986 Aquilio
1621 3935 1652 3971 se
1671 3934 1728 3970 non
1748 3931 1889 3974 acturum.
1924 3923 2004 3985 Quee
2021 3920 2165 3973 sententie
2178 3916 2327 3970 Labeonis

463 3982 544 4064 φησίν
559 3984 671 4066 iupiter,
692 4003 789 4052 χηιαι
806 3979 853 4041 τόν
868 3987 942 4041 πετίτ
975 4006 993 4040 α
1009 3987 1133 4041 καιιτίσνα
1150 3982 1261 4054 διδόναι,
1283 4007 1323 4044 οτι
1339 3980 1373 4044 mi
1410 4001 1477 4039 sere
1505 3996 1558 4043 est.
1607 3989 1637 4042 si
1661 4003 1730 4042 vero
1757 3995 1838 4044 metit
1866 3999 1948 4045 ector
1971 3991 2068 4059 potius
2094 3988 2166 4058 legis
2193 3986 2327 4056 Aquiliae

462 4048 668 4120 mindereris
750 4073 774 4107 ν.
799 4053 845 4110 καί
859 4053 928 4111 ἐστίν
977 4054 1047 4125 ηθῆς
1064 4050 1111 4111 mir
1126 4055 1258 4127 ίαβιόνος
1273 4052 1374 4131 γνώμη.
1409 4058 1521 4109 eetione
1545 4059 1604 4121 uti,
1633 4072 1825 4124 possessorem
1855 4060 1965 4114 absolvi
1996 4064 2112 4128 oportet
2140 4058 2176 4108 eb
2203 4058 2233 4108 in
2262 4069 2327 4108 rem

467 4118 490 4177 si
505 4124 601 4203 Ιμέντοι
626 4119 749 4195 βούλεται
771 4125 867 4195 pillos
891 4120 906 4181 ό
930 4118 1014 4198 ἀκιοιρ
1038 4119 1086 4180 τόν
1106 4117 1238 4181 imiliter
1263 4125 1373 4195 κινῆσαι,
1408 4127 1531 4192 actione,
1552 4135 1687 4196 quantum
1706 4133 1810 4183 attinet
1826 4130 2091 4184 condemnationem
2107 4126 2143 4179 ob
2163 4125 2328 4179 deteriore-

500 4210 570 4271 ίίτοῖ
581 4192 639 4266 ῥίον
656 4187 824 4272 inciperim
840 4189 885 4262 τῆν
903 4206 1017 4255 runem,
1035 4188 1086 4250 ὅσοι
1103 4182 1273 4267 ῆιιινίπίτῆ
1291 4216 1374 4253 κατα·
1408 4198 1515 4248 tionem
1532 4198 1585 4249 rei.
1620 4197 1722 4267 itaque
1742 4200 1845 4253 electio
1864 4201 1983 4269 petituri
2008 4196 2102 4252 dende
2123 4201 2183 4259 est,
2206 4210 2263 4248 non
2290 4199 2328 4247 ut
2429 4192 2430 4217 ³

462 4210 523 4332 ἀάφ
541 4282 586 4343 της
608 4261 654 4315 τοῦ
676 4282 831 4343 πραγματσς
846 4257 1041 4335 ἀπσμιιάσιιις.
1077 4256 1174 4335 όφιίίιι
1193 4261 1374 4339 τοιγαρσόνῆ
1408 4266 1527 4334 triplum
1552 4264 1619 4331 (boc
1650 4274 1694 4319 est
1723 4270 1855 4338 simplum
1880 4268 2112 4322 deteriorationis
2134 4281 2185 4334 per
2208 4267 2238 4317 in
2263 4278 2329 4316 rem
2429 4280 2430 4285 ¹

453 4334 574 4416 ’έπιίογη
589 4330 716 4388 δίδοσθαι
732 4351 767 4402 την
783 4333 914 4403 πετίταρι,
937 4327 988 4401 cip
1002 4331 1046 4389 ίνα
1061 4330 1092 4389 τό
1114 4329 1274 4407 τριπλάσιον,
1295 4355 1375 4391 sovr-
1408 4336 1560 4398 actionem,
1580 4344 1609 4387 et
1627 4351 1727 4390 rursus
1740 4339 1856 4408 duplum
1869 4338 2103 4393 deteriorationis
2113 4350 2166 4403 per
2181 4336 2328 4388 actionem
2429 4342 2430 4349 ’

464 4417 533 4479 εστιν
557 4396 640 4481 σπλήν
662 4402 711 4473 μέν
727 4399 773 4471 τῆν
791 4402 897 4474 μείωσιν
921 4400 965 4458 διά
986 4399 1079 4470 τῆςίν
1116 4403 1163 4489 ἐμ,
1186 4398 1324 4475 διπλάσιον
1345 4406 1374 4461 δι’
1409 4404 1646 4476 ίιιςίεΑοσίίίοα),
1665 4407 1715 4460 sed
1734 4416 1766 4460 ut
1783 4409 1908 4478 duplum,
1926 4410 1951 4462 si
1970 4408 2105 4468 voluerit,
2122 4404 2227 4467 demni,
2245 4403 2330 4472 quod
2429 4460 2430 4463 ,

464 4471 542 4524 πολιν
558 4490 603 4548 της
618 4468 778 4541 μειάσειις·)
794 4468 838 4527 διά
854 4470 902 4528 rod
920 4468 1060 4535 ἀκονίέίσο,
1088 4465 1097 4488 ’
1148 4470 1192 4528 irc
1208 4468 1240 4529 τό
1256 4472 1374 4539 danicis,
1408 4489 1490 4527 servo
1509 4474 1608 4526 dutum
1626 4481 1684 4540 est,
1710 4481 1824 4531 ectione
1841 4478 1914 4549 legis
1932 4476 2061 4546 Aquiliae
2086 4490 2172 4541 usus,
2200 4488 2236 4528 ex
2261 4474 2330 4526 inil-

464 4538 518 4609 εἴγε
535 4541 649 4611 θείηση,
670 4535 715 4594 τὸν
732 4535 862 4597 ἀκασίίιον
877 4540 953 4597 nem
969 4540 1014 4610 τῆς
1036 4539 1081 4596 ίπί
1104 4540 1152 4598 mi
1173 4540 1275 4599 οἰκέτου
1296 4564 1375 4616 γενσ-
1409 4546 1530 4596 tintinne
1550 4545 1693 4612 nimirum,
1711 4555 1912 4619 consequetur.
1947 4548 2069 4613 insuper
2087 4546 2112 4598 si
2131 4559 2243 4597 serrum
2260 4558 2329 4597 ver·

462 4609 540 4693 μριὀς
556 4609 655 4681 ζημίας.
678 4612 706 4672 ἐξ
722 4604 851 4683 ἀρνήσεως
868 4605 993 4681 δηλονότι,
1013 4610 1157 4681 κομίσηται.
1187 4608 1254 4696 πρὸς
1273 4608 1375 4678 τούτοις
1408 4614 1540 4666 heretum
1560 4613 1690 4680 tradidit,
1703 4613 1806 4672 Labeo
1818 4619 1869 4683 eit,
1883 4617 1968 4673 etiem
1980 4617 2149 4669 iniuriarum
2161 4620 2329 4682 competere

463 4696 487 4763 fs
502 4680 705 4763 μαστιγωθένρα
721 4679 834 4761 παραδῷ
851 4677 897 4735 τὸν
913 4678 1021 4751 οἰκέτην,
1042 4681 1111 4752 λέγει
1130 4683 1242 4756 iupiter,
1268 4680 1313 4738 καί
1328 4680 1375 4750 τῆν
1409 4684 1553 4736 uodonem
1572 4685 1700 4753 petitori.

462 4766 646 4822 ινισιιρισρονμ
662 4768 768 4822 αγσιγην
783 4745 905 4825 ἀρμόζειν
921 4748 956 4822 τῷ
973 4749 1103 4823 πετίταρι.

467 4892 482 4913 ν
516 4832 631 4906 sordid.
665 4827 1197 4908 εἰγετσγόνένᾶίίηιμέντόπηιῆδίκη
1215 4832 1324 4907 triario,
1346 4838 1374 4892 ἐν
1461 4835 1504 4890 85.
1537 4833 1653 4889 coiis.
1671 4837 1722 4905 [sd
1738 4839 1756 4891 ί.
1773 4840 1825 4906 11].
1860 4837 1985 4894 Silurte
2006 4838 2064 4891 elio
2084 4835 2202 4890 loculis
2221 4843 2331 4905 coepte

463 4901 531 4972 αλίηι
547 4900 578 4957 di
594 4902 741 4975 ψηφίζεται.
1061 4914 1067 4928 ·
1409 4911 1463 4971 est,
1486 4905 1544 4960 elio
1562 4906 1715 4962 iudicetur.

499 4984 572 5067 „roi
596 4980 691 5042 ἀναν.
727 4982 794 5044 ὥστε
816 4984 909 5068 εἰμέν
925 4981 1049 5061 βούλεται
1072 4984 1256 5063 δαπανήμασιν
1273 4987 1375 5056 οἰκείοις
1460 4988 1502 5043 dd.
1529 4992 1635 5044 Αποιι.
1658 4993 1708 5060 [cd
1726 4993 1810 5060 ί.ίί].
1843 4993 1943 5061 itaque
1961 4992 1987 5044 sl
2008 4991 2067 5044 suis
2083 4989 2223 5043 sumtibus
2239 4996 2331 5044 ector

1217 5053 1232 5074 u

462 5048 477 5108 ό
495 5075 580 5127 σσιτσιρ
598 5056 736 5137 ἐνεχθῆναι
752 5053 783 5113 τό
800 5077 912 5131 πραγμα
934 5057 1003 5114 ἔνθα
1021 5064 1200 5134 συγκροτεῖται
1215 5081 1273 5151 ηιοι
1288 5061 1374 5133 κρίνε-
1407 5059 1532 5113 voluerit
1551 5078 1610 5114 rem
1629 5062 1734 5115 edlerri
1753 5064 1802 5115 ubi
1821 5064 1918 5132 egitur
1936 5061 1994 5115 sire
2009 5062 2164 5120 iudicetur,
2180 5074 2249 5112 reus
2268 5057 2331 5114 huc

462 5144 520 5187 ται,
538 5126 736 5193 καταδικαζιται
751 5127 829 5183 τοῦτο
847 5121 962 5183 anasei
983 5129 1057 5200 ρ’έος,
1074 5124 1173 5211 οάμῆι
1190 5149 1235 5185 και
1249 5131 1373 5186 nemim
1408 5127 1503 5182 iacere
1527 5131 1745 5193 condemnetur,
1776 5147 1865 5200 neque
1889 5139 1984 5184 temen
2011 5131 2143 5185 setisdet.
2193 5129 2224 5181 si
2251 5144 2330 5183 rere

463 5193 575 5273 δίδωσιν.
602 5192 723 5279 ρίμέντοι
740 5193 785 5253 τόν
800 5196 916 5253 κίνδυνον
931 5193 1056 5283 rigidus]
1073 5194 1088 5254 ό
1105 5219 1191 5271 ακτσιρ
1210 5193 1372 5269 ἀναδέχεται,
1407 5199 1563 5266 periculum
1582 5203 1692 5255 itineris
1713 5205 1834 5255 actorin
1848 5217 1878 5254 se
1897 5200 2030 5268 suscipit,
2049 5207 2118 5252 tunc
2134 5198 2221 5252 etiam
2238 5201 2332 5252 setis·

462 5281 521 5316 τστε
537 5262 581 5318 καί
597 5285 612 5332 η
630 5268 740 5321 sautius
756 5265 871 5333 δίδοται,
886 5264 931 5322 καί
946 5286 1022 5331 σοτσς
1038 5262 1054 5324 ό
1070 5263 1167 5332 σκοπός
1180 5269 1228 5325 τοῦ
1242 5263 1374 5343 παρόντος
1407 5270 1501 5320 detur.
1543 5270 1581 5322 Et
1608 5269 1679 5325 beer
1701 5278 1746 5324 est
1772 5272 1917 5325 sententie
1943 5268 2027 5323 huius
2059 5269 2162 5340 digesti
2187 5275 2217 5321 et
2240 5283 2330 5337 pree·

463 5328 509 5386 καί
524 5331 571 5387 τοῦ
587 5331 766 5408 προλαβόντος
782 5335 834 5409 διγ.
1406 5336 1544 5390 cedentis.

512 5435 607 5486 στεφ.
642 5420 719 5476 τοῦτο
737 5416 840 5491 νόησον,
863 5418 886 5475 εἰ
901 5416 939 5492 μῆ
955 5412 1007 5494 ἀρα
1023 5415 1078 5509 ἀπό
1092 5416 1280 5510 μόραῆί)ῆίξ
1296 5416 1372 5494 iiim
1458 5420 1500 5475 di.
1537 5421 1649 5492 steph.
1677 5423 1727 5490 [σιί
1752 5426 1770 5481 ί.
1793 5423 1823 5477 is
1848 5422 1929 5475 veri.-
1956 5422 1985 5475 si
2011 5421 2173 5475 deterior
2195 5437 2250 5474 res
2273 5423 2331 5477 sit

838 5484 844 5500 Ι
966 5493 972 5502 ι

463 5480 548 5564 αἰτίας
564 5487 624 5555 δίχα
641 5485 718 5545 δόίσσ
735 5492 779 5546 καί
797 5495 913 5554 κονίσας
927 5511 975 5546 τσο
992 5511 1151 5565 ποσσοσαρος
1167 5515 1182 5548 ο
1199 5491 1298 5563 οἰκέτης
1315 5497 1372 5550 ἐτι-
1397 5491 1525 5563 sacta}
1548 5495 1756 5566 liucintetiige,
1771 5496 1825 5547 nisi
1838 5493 1914 5547 lerte
1928 5492 2002 5561 [leto
2015 5494 2149 5561 quodem]
2163 5494 2254 5545 ναίει
2265 5494 2331 5547 uiis

463 5557 578 5624 ίεντηοε.
613 5558 670 5614 ίπιί
684 5561 738 5631 γάρ
761 5556 843 5624 cisum
860 5557 1022 5631 ἐτελεύτησε,
1036 5555 1189 5619 ’ἀπολέεται
1205 5558 1221 5621 ό
1238 5563 1370 5632 έναγθείς,
1406 5577 1493 5615 euusu
1511 5571 1627 5631 praeter
1645 5563 1740 5616 dolum
1761 5571 1790 5615 et
1805 5564 1917 5632 culpem
1936 5565 2112 5633 possessoris
2129 5578 2228 5615 sersus
2248 5576 2330 5616 mos·-

536 5767 578 5825 12)
600 5764 674 5824 Espi.
690 5767 735 5816 iol.
752 5772 806 5817 ibt.
822 5773 880 5818 ibi.
898 5773 924 5817 et
941 5769 991 5829 inc.
1009 5770 1054 5821 ici.
1066 5771 1108 5821 ³1.
1122 5772 1163 5821 eo.

531 5930 561 5996 η)
583 5932 726 6015 ίίιίιίείιιιίοι·Ι
737 5947 809 5986 csse:
833 5955 884 5988 ιιιι.
1475 5946 1501 6009 ε)
1522 5944 1590 5994 ced:
1609 5940 1652 5995 διά
1670 5941 1716 6011 ripe
1729 5938 1864 6010 μιιάσειις.

530 6007 560 6068 ν)
579 6005 622 6051 Sic
641 6017 775 6063 perspicue
793 6008 888 6056 codex.
927 6009 976 6058 Sed
995 6010 1142 6073 legendum:
1161 6013 1322 6080 ίναγομένσν.
1478 6018 1501 6080 t)
1519 6013 1564 6065 stc
1581 6012 1641 6066 cod.
1661 6014 1752 6062 bsbere
1771 6013 1912 6068 videbatur.
1990 6076 1991 6081 ρ
