4842 7018
417 450 479 516 106
1083 445 1238 515 LIBER
1258 444 1350 512 LIII.
1392 445 1482 513 ult.
1504 443 1578 515 vll.

413 628 465 694 έπλ
498 626 538 697 τό
568 628 611 713 μή
646 627 849 711 γεύσασθαι.
901 626 958 692 κοιλ
993 629 1084 692 ἔνθα
1112 626 1155 709 μή
1186 626 1317 713 ὁρισθῇ
1343 648 1383 692 ne
1408 627 1559 709 degustem
1586 636 1618 691 et
1644 627 1696 691 nbi
1723 648 1785 691 non
1807 629 1847 692 sit
1869 637 2018 692 statutum
2041 630 2249 710 deputationi

413 740 455 822 τῇ
481 735 587 817 γεύσει
613 736 747 823 χρόνος,
775 733 952 812 ὁτιδήποτε
980 732 1120 799 δύνοιται
1150 736 1169 797 d
1192 736 1316 815 ἀγορα-
1343 743 1476 816 tempus,
1504 734 1756 816 quandooumque
1782 744 1883 816 potest
1909 745 2027 817 emptor
2047 736 2189 813 vendere,
2217 745 2250 799 et

414 840 495 920 στής
512 840 706 924 γεύσασθαι
722 839 780 907 καλ
795 846 855 917 έοις
869 833 909 905 οὑ
924 839 1090 922 γεύσηται,
1109 849 1171 905 τού
1185 841 1316 924 πράτου
1342 839 1438 903 donee
1468 849 1580 921 gustet,
1612 841 1776 905 venditoris
1803 851 1850 906 eat
1874 843 2052 925 perieulum.
2099 844 2248 924 emptoris

413 948 503 1013 toris
535 951 554 1013 d
585 946 765 1023 κίνδυνος.1
815 948 894 1034 ὑπὲρ
932 940 992 1011 οὖν
1028 955 1090 1011 τοῦ
1120 949 1317 1031 ἀγοραστού
1341 947 1422 1009 enim
1449 947 1553 1011 favore
1574 948 1691 1022 aeoidit,
1720 958 1755 1012 ut
1776 949 1978 1011 eonstituatur
2003 958 2123 1031 tempus
2152 950 2247 1032 degn·

412 1059 504 1121 έστιν
525 1056 712 1142 ὁρισθῆναι
735 1054 777 1143 τῇ
799 1054 905 1136 γεύσει
925 1055 1064 1138 γρόνονι
1081 1091 1122 1103 -
1341 1054 1473 1116 stationi
1911 1055 1946 1117 ir.
1961 1059 1992 1117 4.
2009 1061 2026 1134 fi
2045 1060 2072 1117 1.
2087 1056 2126 1119 D.
2148 1059 2200 1131 18,
2217 1061 2246 1119 6.

980 1161 1016 1223 fr.
1031 1166 1095 1239 ae
1115 1166 1142 1224 1.
1157 1163 1197 1224 Ι).
1216 1165 1265 1239 ιε,
1282 1165 1311 1224 e.

327 1274 372 1327 ια’.
478 1267 555 1352 Πρὸ
583 1280 641 1347 τῆς
668 1269 852 1352 μετρήσεως
875 1269 894 1330 ὁ
921 1267 1073 1341 κίνδυνος
1100 1263 1160 1330 τόν
1182 1269 1314 1349 πράτην
1407 1267 1490 1330 Ante
1512 1288 1684 1333 mensuram
1707 1268 1873 1350 perieulum
1902 1268 1942 1331 ad
1968 1268 2156 1332 venditorem
2179 1290 2245 1351 per

411 1376 489 1460 ὁρᾷ·
513 1380 540 1438 εἰ
563 1375 598 1440 δὲ
621 1379 640 1440 ὁ
663 1373 858 1461 ἀγοραστής
879 1373 1063 1438 ὲνεπόδισιν
1077 1377 1111 1436 έν
1127 1374 1312 1457 προθέσμφ
1339 1374 1428 1449 tinet;
1451 1374 1533 1455 quod
1555 1374 1581 1436 si
1604 1382 1722 1459 emptor
1743 1374 1847 1438 feeerit
1869 1374 2030 1455 quominus
2046 1376 2149 1438 statim
2165 1376 2243 1437 aoei-

409 1481 532 1566 λαβεῑν,
556 1480 640 1564 μετά
661 1491 771 1549 ταῦτα
798 1483 817 1545 ὁ
840 1480 969 1567 πράτης
991 1477 1059 1545 ἀπὸ
1081 1481 1185 1562 μόνον
1212 1478 1312 1544 δόλου
1338 1490 1431 1561 peret,
1457 1479 1567 1543 ddude
1593 1481 1731 1544 venditor
1757 1502 1795 1544 ex
1821 1481 1893 1545 dolo
1920 1490 2041 1545 tantum
2068 1490 2199 1544 tenetur

409 1591 565 1666 ἑνέγεταιε
582 1586 645 1637 -¹
1227 1587 1264 1649 fr.
1281 1592 1310 1650 5.
2159 1589 2197 1651 fr.
2213 1593 2241 1650 5.

330 1696 373 1770 ιβ.
474 1693 549 1759 ’Ede
575 1695 716 1774 πωλήσω
743 1690 865 1761 έκατδν
891 1693 1035 1779 κεράμια
1061 1698 1097 1756 ὲκ
1127 1692 1224 1757 τοῦδε
1250 1700 1312 1757 τοὺ
1404 1692 1605 1757 Sivendidero
1615 1704 1737 1757 eentum
1747 1695 1910 1776 amphoras
1921 1694 2241 1771 huiusoevinidieeus

258 1804 305 1872 fot.
319 1809 374 1860 ιε’.
410 1798 522 1865 ολνου8
537 1804 647 1867 ελπιὸν·
663 1808 689 1866 ελ
704 1802 747 1885 μή
763 1801 948 1885 μετρήσεως
962 1798 1025 1881 ἐγὼ
1045 1798 1232 1864 κινδυνεύεις
1248 1796 1312 1847 -⁴
1337 1800 1413 1876 „nisi
1431 1798 1642 1883 adme[tiatur,
1660 1822 1723 1864 nou
1735 1802 1792 1865 erit
1811 1802 2003 1866 venditum“:
2027 1802 2122 1866 donee
2135 1802 2239 1886 adme]

1059 1906 1095 1970 fr.
1111 1911 1140 1969 5.
1156 1906 1196 1967 D.
1214 1908 1264 1981 18,
1282 1910 1310 1967 6.
1337 1906 1432 1969 tiatur
1453 1926 1509 1987 ego
1531 1908 1698 1989 perieulum
1721 1908 1858 1971 sentiam
1986 1908 2022 1971 fr.
2039 1912 2068 1970 5.
2084 1908 2124 1970 D.
2144 1910 2195 1985 18,
2212 1913 2238 1972 6.

328 2020 372 2093 ιγ.
474 2015 634 2092 Ἐπύλησέ
656 2036 707 2090 τις
729 2010 895 2103 φανεροὺς
912 2014 1075 2097 κεράμους
1096 2014 1189 2075 οἴνου
1211 2033 1310 2098 φανε-
1403 2012 1551 2075 Vendidit
1571 2015 1639 2095 quis
1660 2024 1759 2078 oertsa
1774 2015 1935 2097 amphoras
1957 2014 2022 2077 vini
2036 2023 2119 2078 eerto
2133 2017 2239 2096 pretio,

409 2130 471 2205 ρσύ
485 2123 676 2203 τιμήματος,
693 2117 766 2185 οἷον
785 2118 905 2185 έκατόν
919 2121 1082 2203 κεράμους
1097 2118 1177 2182 δέκα
1196 2131 1309 2200 νομμῐ,
1336 2117 1431 2181 veluti
1453 2128 1575 2183 eentum
1597 2121 1759 2203 amphoras
1780 2121 1883 2185 deoem
1911 2122 2024 2196 eureis;
2057 2123 2179 2198 aoeidit,
2205 2132 2239 2183 ut

409 2227 529 2312 συνέβη
552 2225 633 2313 [πρὸ
656 2227 729 2312 τῆς]
753 2225 969 2311 παραδόσεως
988 2225 1227 2312 ἀφανισθῆναι
1249 2222 1310 2290 τδν
1336 2235 1407 2287 ante
1421 2227 1611 2290 traditionem
1626 2237 1866 2310 eorrumperetur
1880 2229 1998 2301 vinum;
2016 2229 2050 2302 si,
2065 2249 2135 2291 oum
2151 2248 2238 2310 para·

408 2331 512 2399 ολνον·
535 2339 563 2399 ελ
584 2335 642 2416 μὲν
664 2335 801 2416 ἑτοίμοις
823 2337 958 2412 έγοντος
976 2340 1038 2397 τοὺ
1055 2331 1187 2414 πράτου
1202 2352 1308 2415 παροι·
1335 2340 1385 2394 tus
1411 2342 1491 2396 esset
1512 2332 1650 2397 venditor
1671 2334 1712 2396 ad
1734 2334 1899 2397 tradendas
1922 2335 2094 2417 amphoras,
2120 2356 2236 2399 moram

408 2441 523 2505 δοῦναι
555 2438 634 2515 τοὺς
660 2442 832 2526 κεράμους,
860 2439 1042 2521 ὑπερέθετο
1070 2441 1089 2502 ὁ
1117 2436 1309 2521 ἀγοραστής
1335 2437 1407 2501 feeit
1428 2447 1545 2520 emptor
1566 2440 1599 2501 iu
1621 2439 1795 2521 aoeipiendo
1817 2441 1888 2505 vino
1911 2451 1943 2503 et
1963 2450 2071 2523 postea
2084 2452 2236 2505 mutatum

406 2547 520 2633 λαβεῖν
549 2546 610 2613 τόν
639 2544 731 2611 οἶνον
761 2546 818 2611 κοιλ
849 2543 991 2630 ὕστερον
1016 2545 1185 2631 ἐστράφη,
1217 2545 1308 2627 αύτῷ
1335 2554 1389 2619 est,
1411 2545 1469 2628 ipsi
1491 2547 1620 2627 emptori
1641 2546 1809 2628 perieulum
1830 2549 1970 2629 pertinet
2008 2551 2125 2612 sivero
2141 2548 2236 2610 nullo

407 2657 455 2737 τῷ
478 2656 654 2742 ἀγοραστῇ
669 2652 898 2719 κινδυνεύεται.
936 2650 1012 2715 εἰδὲ
1028 2651 1180 2733 οὐδαμῶς
1195 2653 1214 2715 ὁ
1230 2654 1307 2733 ἀγο·
1334 2652 1424 2715 modo
1446 2662 1563 2734 emptor
1584 2673 1702 2716 moram
1724 2652 1794 2716 feeit
1815 2655 1847 2716 in
1869 2656 1941 2718 vino
1959 2655 2144 2736 accipiendo,
2168 2676 2236 2718 ven·

407 2759 534 2845 ραστής
556 2762 739 2846 ὑπέρθεσιν
762 2762 912 2839 εποίησεν
934 2762 980 2833 ελς
995 2755 1034 2822 τό
1050 2757 1230 2843 λαμβάνειν
1247 2756 1317 2849 τὸν
1334 2758 1413 2821 ditor
1434 2760 1580 2823 damnum
1602 2761 1701 2822 sentit
1949 2782 1974 2823 ο.
1992 2764 2010 2822 2
2026 2783 2071 2843 pr.
2087 2761 2122 2824 O.
2137 2767 2170 2837 4,
2186 2765 2235 2824 48.

408 2863 510 2949 οἶνον,
534 2871 553 2933 ὁ
579 2869 707 2951 πράτης
729 2865 917 2932 κινδυνεύσω
934 2901 976 2912 -
1021 2886 1047 2927 e.
1063 2868 1082 2927 2
1097 2886 1142 2947 pr.
1158 2864 1193 2928 O.
1208 2867 1239 2939 4,
1254 2870 1306 2929 48.

465 2970 598 3059 Ἕτερον
615 2970 657 3052 ήν
671 2978 698 3038 ελ
713 2970 819 3048 οὑτως
837 2973 994 3049 λπιόλησε·
1016 2972 1148 3053 ,πάντα
1164 2992 1230 3054 μου
1247 2969 1307 3036 τδν
1399 2972 1497 3035 Aliud
1527 2982 1614 3048 esset,
1646 2974 1671 3035 si
1702 2974 1747 3036 ita
1772 2974 1969 3037 vendidisset:
2001 2995 2110 3050 „omne
2136 2996 2234 3039 meum

406 3076 498 3145 οἶνον
513 3078 553 3149 τό
569 3081 784 3163 ἀποκείμενον
796 3076 923 3161 έντῷδε
942 3081 988 3159 τῷ
998 3078 1136 3162 ὼρει’ῳ“·
1152 3078 1306 3142 ἐνταῦθα
1333 3078 1439 3141 τίουσι
1466 3080 1546 3161 quod
1571 3081 1737 3161 repositum
1764 3090 1811 3143 est
1836 3082 1868 3142 in
1898 3082 1990 3145 hoeoe
2019 3082 2159 3145 horreo“:
2188 3083 2234 3144 hio

404 3185 471 3273 γάρ
487 3185 545 3253 έάν
567 3186 624 3253 καλ
647 3184 709 3262 τάς
730 3188 816 3261 κλεῖς
843 3194 905 3249 τοῦ
927 3186 1045 3269 ὁρείου
1073 3182 1307 3270 παραδέδωκεν
1332 3186 1412 3248 enim
1435 3188 1492 3249 etsi
1515 3186 1617 3249 elavos
1639 3185 1736 3250 horrei
1758 3186 1917 3250 tradiderit
1937 3188 2077 3252 venditor
2098 3190 2233 3271 emptori

405 3297 424 3358 ὁ
448 3296 577 3381 πράτης
599 3297 646 3376 τῷ
669 3296 854 3380 ἀγοραστῇ,
871 3293 963 3374 αὐτῷ
979 3295 1026 3374 τῷ
1043 3292 1218 3376 ἀγοραστῇ
1240 3312 1306 3353 κιν-
1333 3292 1428 3373 ipsius
1443 3294 1587 3375 emptoris
1602 3302 1648 3356 eet
1662 3293 1837 3375 perieulum
1875 3294 1998 3359 ethaeo
2015 3296 2119 3358 omnia
2136 3295 2232 3358 loeum

405 3400 580 3467 δονεύετοιι.
625 3399 682 3465 καὶ
706 3409 815 3468 ταῦτα
837 3400 949 3464 πάντα
968 3399 1088 3483 χάραν
1111 3400 1244 3475 έγουσιν
1267 3398 1307 3460 ού
1332 3399 1446 3462 habent
1467 3420 1529 3462 non
1551 3400 1649 3463 solum
1675 3400 1708 3461 in
1729 3401 1813 3475 vino,
1845 3400 1899 3463 aed
1925 3401 2017 3463 etiam
2044 3403 2076 3463 in
2097 3402 2165 3465 oleo
2187 3401 2232 3465 vel

403 3509 507 3590 μόνον
534 3505 584 3572 tori
608 3503 708 3588 οἶνον,
736 3504 822 3572 ἀλλά
848 3504 905 3570 καλ
928 3505 1039 3571 έλαιον
1061 3502 1081 3581 ή
1104 3511 1197 3568 σῖτον
1224 3500 1306 3580 ήτά
1332 3505 1483 3568 frumento
1506 3506 1555 3569 vel
1577 3507 1645 3569 aliis
1668 3506 1816 3570 similibus
1839 3506 1977 3571 venditis.

405 3614 491 3678 ἀλλα
506 3613 638 3689 τούτοις
654 3612 754 3696 ὁμοιοι
770 3614 958 3697 πραθέντα.
998 3633 1024 3675 ο.
1035 3614 1063 3673 2.
1081 3614 1204 3688 §1-2.
1221 3609 1255 3673 C.
1265 3609 1305 3673 ib.
1853 3635 1878 3676 o.
1896 3617 1924 3676 2.
1941 3620 1958 3691 δ
1977 3619 2071 3679 1-2.
2086 3616 2121 3679 C.
2136 3618 2167 3692 4,
2182 3617 2230 3678 48.

361 3765 367 3777 .
469 3718 545 3785 Ὲάν
562 3723 581 3784 ὁ
598 3719 744 3806 πραθεὶς
759 3715 848 3795 οἶνος
863 3728 1013 3807 φυσικῶς
1028 3717 1212 3805 ἀφανισθῇ
1228 3714 1306 3801 πρὶν
1399 3719 1433 3782 Si
1455 3720 1611 3783 venditum
1634 3721 1738 3783 vinum
1754 3720 1934 3784 naturaliter
1947 3732 2123 3805 eorruptnm
2146 3723 2231 3784 fuerit

407 3827 424 3905 ή
447 3826 535 3914 λάβῃ
561 3825 666 3894 αὑτὸν
693 3830 712 3891 ὁ
740 3824 944 3914 ἀγοραστής,
972 3828 999 3889 εἰ
1028 3823 1128 3906 μηδὲν
1152 3821 1223 3907 περὶ
1246 3834 1306 3900 τῆς
1331 3834 1494 3907 antequam
1520 3826 1552 3887 id
1575 3827 1725 3907 sosiperat
1746 3837 1871 3909 emptor,
1895 3829 1920 3889 si
1942 3828 2019 3889 nihil
2040 3828 2079 3891 de
2100 3828 2231 3891 bonitate

403 3933 564 4010 καλλονῆς
587 3935 606 3996 ὁ
631 3934 760 4018 πράτης
784 3931 1061 4018 διεβεβαιώσατο,
1089 3932 1262 4012 ζημιοῦται
1285 3933 1304 3994 ὁ
1331 3932 1504 3996 adfirmavit
1525 3933 1675 4008 venditor,
1697 3934 1842 3996 damnum
1860 3935 1900 3995 ad
1915 3944 2081 4016 emptorem
2104 3944 2230 4016 speetat;

403 4037 609 4125 ἀγοραστής·
631 4042 738 4123 ἑαυτῷ
761 4036 827 4125 γάρ
850 4039 1046 4126 μεμφέσθω,
1070 4040 1132 4102 stre
1154 4036 1198 4119 μή
1221 4035 1304 4118 έγεύ-
1331 4040 1388 4102 sibi
1411 4040 1491 4102 enirn
1518 4040 1660 4122 imputet,
1687 4040 1751 4104 siva
1774 4061 1836 4103 non
1862 4040 2037 4121 degustavit
2063 4043 2128 4107 sive
2155 4041 2230 4104 male

403 4167 504 4228 σατο,
537 4150 600 4209 εἴτε
626 4157 737 4221 κακῶς
764 4145 936 4228 ἐγεύσατο·
968 4150 994 4208 εἰ
1023 4144 1057 4209 δέ
1084 4146 1258 4226 ἐγίνωσκεν
1284 4146 1304 4207 ὁ
1331 4146 1516 4226 degustavit
1538 4147 1618 4227 quod
1642 4148 1668 4209 si
1690 4147 1807 4211 seiebat
1824 4149 1964 4211 venditor
1977 4168 2039 4211 non
2054 4148 2229 4211 duraturum

403 4254 531 4337 πράτης
557 4251 601 4335 μή
624 4256 729 4334 μένειν
755 4250 859 4319 αὑτὸν
885 4257 945 4327 έως
972 4259 1033 4318 τοὺ
1058 4258 1187 4334 καιροῦ,
1213 4250 1301 4315 καθ’
1331 4252 1362 4314 id
1398 4273 1492 4334 usqne
1527 4254 1568 4316 ad
1601 4263 1732 4336 tempus,
1769 4274 1830 4336 quo
1861 4256 2020 4318 constituit
2050 4256 2128 4318 illud
2160 4254 2228 4327 tolli,

402 4353 443 4429 οὑ
464 4361 579 4445 ἔταξεν
601 4356 705 4426 αὑτὸν
728 4359 930 4442 ἐπαρθῆναι,
953 4362 1098 4436 ἐνέχεται
1117 4361 1162 4432 εἰς
1177 4353 1216 4420 τὸ
1233 4355 1303 4422 δια·
1331 4358 1483 4422 tenebitur
1504 4362 1611 4441 quanti
1632 4381 1670 4424 ea
1691 4381 1738 4424 res
1760 4361 1824 4427 erit
1959 4362 1994 4422 fr.
2014 4364 2062 4425 16.
2077 4362 2118 4423 D.
2136 4365 2188 4437 18,
2203 4364 2228 4425 6.

402 4469 520 4554 φέρονε
538 4501 578 4515 -
1031 4465 1066 4526 fr.
1085 4467 1134 4528 16.
1149 4464 1190 4527 D.
1208 4467 1257 4539 18,
1274 4468 1302 4527 6.

326 4577 366 4640 ae.
465 4571 499 4638 Ὀ
521 4570 714 4659 ἀγοραστής
736 4571 918 4655 ὑπέρθεσιν
941 4571 1083 4648 ποιήσας
1100 4575 1144 4644 ate
1164 4569 1225 4647 τήν
1242 4578 1304 4635 τοῦ
1396 4573 1526 4655 Emptor
1547 4575 1599 4655 qui
1621 4593 1736 4637 morsm
1762 4573 1876 4638 ieoerat
1903 4575 1936 4635 in
1962 4575 2059 4655 pretio
2085 4574 2227 4638 solvendo

402 4680 586 4762 τιμήματος
607 4677 801 4764 καταβολήν
823 4713 1133 4726 -----
1157 4676 1302 4754 ήδύνατο
1330 4715 2226 4733 -----------

402 4783 459 4851 διά
480 4784 541 4851 τδν
563 4787 665 4850 τόκον
687 4787 706 4848 ὁ
725 4785 855 4870 πράτης
878 4783 1032 4859 δανείσας
1055 4786 1100 4858 ὡς
1123 4781 1209 4858 εἰκός
1231 4805 1302 4869 κερ·
1329 4794 1448 4868 poterat
1468 4798 1593 4869 propter
1619 4808 1728 4850 usuras
1751 4789 1890 4851 venditor
1912 4788 2084 4864 fenerando,
2111 4799 2147 4851 ut
2176 4808 2227 4869 par

402 4893 537 4958 δαίνεινι
555 4929 594 4941 -
1197 4891 1232 4953 ir.
1250 4893 1301 4955 20.
1329 4901 1384 4969 eet,
1406 4893 1527 4957 lucrari
2126 4896 2162 4957 fr.
2180 4896 2225 4958 20.

321 5004 364 5071 ιη’.
465 4996 540 5063 'Ede
563 5002 582 5062 ὁ
605 4999 735 5084 πράτης
760 4997 817 5062 κοιλ
850 5000 870 5061 ὁ
897 4996 1090 5081 ἀγοραστής
1119 4997 1303 5083 ὑπέρθεσιν
1396 5000 1429 5063 Si
1455 5000 1594 5063 venditor
1620 5010 1652 5064 et
1676 5012 1793 5083 emptor
1819 5021 1935 5063 moram
1958 5001 2083 5064 feoerint
2109 5003 2141 5063 in
2169 5002 2226 5065 vini

401 5110 445 5180 εἰς
468 5104 528 5183 τήν
551 5105 742 5190 παράδοσιν
764 5113 826 5169 τοῦ
847 5108 940 5169 ολνον
963 5104 1136 5184 ποιήσωσι,
1158 5105 1260 5186 μόνος
1282 5105 1301 5166 ὁ
1329 5106 1503 5181 traditione,
1530 5107 1654 5188 perinde
1676 5118 1723 5170 est
1745 5128 1782 5171 ao
1804 5109 1829 5170 si
1857 5129 1911 5189 per
1938 5118 2106 5190 emptorem
2133 5109 2225 5171 solum

402 5209 596 5299 ἀγοραστής
610 5211 786 5294 ἐμποδίσαι
802 5211 904 5276 δοκεῖς
921 5248 963 5260 -
989 5211 1026 5275 fr.
1042 5214 1082 5275 51
1099 5233 1144 5293 pr.
1159 5210 1261 5286 D.19,
1275 5214 1301 5273 1.
1329 5214 1469 5277 stetisset.
1903 5215 1939 5278 fr.
1957 5219 1995 5278 51
2014 5236 2059 5296 pr.
2075 5216 2115 5277 D.
2133 5219 2183 5291 19,
2200 5216 2223 5274 1.

314 5324 365 5378 ιε’.
464 5317 498 5384 ‘O
520 5320 649 5405 πράτης
671 5327 733 5383 τοῦ
755 5323 847 5383 οἴνου
869 5318 1052 5403 ὑπέρθεσιν
1067 5328 1171 5382 ποιων
1186 5315 1302 5381 δίδωσι
1396 5320 1547 5384 Venditor
1577 5322 1641 5385 vini
1672 5322 1723 5404 qui
1755 5342 1869 5385 moram
1901 5321 1974 5384 facit
2004 5323 2134 5403 pretium
2167 5322 2223 5394 dat,

401 5424 462 5504 τήν
493 5424 591 5508 τιμήν
622 5428 684 5489 εἴτε
712 5422 796 5510 πρὸς
822 5424 882 5491 τόν
909 5423 1028 5511 καιρὸν
1059 5435 1117 5501 τῆς
1150 5426 1302 5508 πράσεως
1328 5428 1392 5490 eive
1415 5428 1455 5489 ed
1477 5436 1595 5509 tempus
1613 5428 1804 5501 venditionis,
1827 5429 1891 5492 sive
1913 5428 1975 5490 litis
1990 5429 2222 5500 contestationis3

402 5532 421 5610 ή
445 5543 503 5610 τῆς
527 5532 796 5620 προκατάρξεως·
819 5531 877 5596 κοιλ
900 5529 983 5618 πρός
1005 5528 1066 5597 τόν
1088 5533 1192 5595 τόπον
1213 5532 1303 5594 ένθα
1328 5544 1359 5596 et
1385 5534 1549 5597 seeundum
1575 5533 1684 5609 loenm,
1711 5534 1764 5597 ubi
1795 5544 1983 5599 eontraotum
2015 5545 2061 5597 est
2091 5545 2147 5599 aut
2177 5533 2223 5596 ubi

402 5639 627 5727 συνεφωνήθη
659 5637 679 5716 ῆ
707 5639 797 5703 ἔνθα
819 5638 997 5719 δικάζεται,
1030 5640 1074 5711 ὡς
1101 5635 1145 5703 ἀν
1176 5640 1195 5701 ὁ
1223 5639 1301 5720 ἀγο·
1328 5640 1471 5703 iudicium
1499 5649 1658 5722 aoeeptum
1685 5649 1739 5715 eet,
1767 5641 1856 5703 sieuti
1883 5648 2000 5723 emptor
2021 5641 2154 5723 elegerit:
2181 5641 2222 5705 siu

458 5799 610 5807 ‘m

473 5883 645 5956 ¹hnousqne
670 5884 752 5940 simil.
772 5882 838 5955 Syn
929 5883 1024 5956 'Syn
1115 5883 1221 5938 ὀῖκοο
1239 5884 1300 5941 eod

472 5971 484 6005 ⁴
501 5972 587 6029 Plura
604 5973 766 6030 exciderunt
783 5972 819 6028 ef.
837 5974 999 6030 versionem.
