4978 7018
918 488 1071 557 LIBER
1092 490 1237 557 XXXII.
1282 490 1372 557 TIT.
1394 490 1438 556 Π.
2049 490 2090 554 st

324 670 364 731 nt
387 671 499 749 μέντοι
521 689 557 750 γε
576 672 595 733 ό
613 671 725 751 μόνων
739 683 892 757 φυσικῶν
907 672 1035 737 παίδων
1051 672 1161 757 πατὴρ
1256 672 1290 736 si
1312 681 1413 735 tamen
1440 674 1541 755 isqui
1568 682 1691 736 tantum
1714 673 1900 736 naturalium
1928 673 2091 735 liberorum

259 773 316 838 διά
328 797 421 849 τινας
436 772 584 860 τυχηράς
599 779 809 861 περιστάσεις
826 780 886 844 οὐκ
901 779 1045 859 ίσχύσειε
1060 790 1161 845 τοῦτο
1190 788 1237 843 est
1257 788 1345 860 pater
1366 801 1421 861 per
1442 781 1589 862 quosdam
1616 780 1756 843 fortuitos
1784 801 1872 844 casus
1901 802 1961 844 non
1988 782 2093 846 voleat

258 882 393 967 πρᾶξαι,
426 883 584 946 τελευτῶν
616 883 650 947 δέ
677 886 732 949 ἐπί
756 908 846 961 τινος
873 897 940 951 τῶν
967 888 1162 972 ἔμπροσθεν
1189 886 1246 949 hoc
1268 887 1376 961 facere,
1398 887 1526 950 moriens
1549 897 1650 950 autem
1666 888 1699 950 in
1721 887 1823 969 aliquo
1838 897 1928 950 antea
1942 888 2091 950 dictorum

257 992 433 1074 εἰρημένων
465 991 627 1072 θεμάτων
656 992 799 1076 γράψειε
837 992 1009 1072 διαθήκην
1045 993 1161 1080 βουλό·
1189 1014 1315 1055 casuum
1338 995 1491 1076 scripserit
1512 1004 1726 1058 testamentum
1742 996 1848 1057 volens
1862 995 1920 1057 sibi
1942 996 2092 1076 legitimos

256 1117 352 1177 μενος
375 1097 466 1179 αὐτῷ
482 1099 637 1180 γνησίους
653 1094 734 1163 εἶναι
751 1096 829 1174 τούς
845 1099 967 1175 παῖδας
983 1100 1161 1178 διαδόχους
1189 1121 1254 1163 εεεε
1276 1101 1386 1164 liberos
1408 1122 1594 1165 successores
1609 1111 1640 1165 et
1661 1102 1751 1164 huius
1769 1103 1812 1164 rei
1827 1102 1936 1164 damus
1951 1104 1979 1164 ei
1997 1102 2092 1165 iacul-

256 1202 313 1267 καί
341 1203 464 1269 τούτου
491 1203 622 1287 δίδομεν
654 1207 745 1288 αὐτῷ
777 1208 969 1293 παρρησίαν
1002 1207 1162 1290 δεομένων
1189 1216 1291 1282 tatem,
1314 1229 1383 1271 cum
1405 1219 1513 1291 petant
1534 1210 1579 1272 ita
1601 1218 1632 1272 et
1653 1209 1742 1272 liberi
1764 1218 1974 1291 postmortem
1996 1209 2091 1291 petris

256 1313 366 1392 μέντοι
389 1309 446 1375 καί
471 1308 558 1375 οὕτω
581 1323 649 1375 τῶν
672 1312 800 1377 παίδων
821 1312 905 1396 μετά
927 1314 1078 1393 τελευτὴν
1100 1325 1162 1379 τοι]
1188 1315 1279 1396 idque
1307 1315 1434 1378 doceant
1461 1325 1492 1377 et
1518 1317 1681 1379 ostendant
1707 1317 1803 1397 patris
1825 1325 2039 1379 testamentum
2061 1326 2092 1379 et

256 1402 319 1502 n-p}
341 1415 399 1481 καὶ
422 1427 522 1482 τοῦτο
546 1418 775 1484 διδασκόντων
792 1420 849 1485 καί
869 1421 1085 1486 δεικνυόντων
1100 1418 1161 1497 τάς
1188 1422 1312 1484 heredes
1335 1422 1411 1484 fiant
1433 1424 1597 1485 secundum
1624 1423 1721 1504 legem
1743 1432 1774 1486 et
1800 1423 1858 1486 hoo
1879 1423 1993 1484 donum
2016 1425 2092 1486 acci·

256 1533 318 1588 τοῦ
343 1510 412 1610 {cpe
444 1524 615 1604 διαθήκας
645 1524 702 1592 καί
740 1528 1037 1614 κληρονομούντων
1071 1526 1161 1593 κατὰ
1188 1528 1276 1609 piant
1306 1529 1402 1610 patris
1434 1540 1465 1592 et
1493 1530 1624 1611 imperii,
1657 1530 1716 1593 hoo
1747 1538 1793 1593 est
1823 1530 1903 1593 idem
1925 1550 1963 1593 ao
1994 1530 2093 1593 dicere

255 1628 316 1695 τόν
347 1633 450 1714 νόμον
479 1631 537 1697 καί
567 1643 669 1699 τοῦτο
697 1634 807 1721 δωρον
838 1639 1005 1713 ἐχέτωσαν
1035 1622 1099 1722 δερ-ς
1126 1658 1161 1700 τε
1189 1644 1317 1698 naturae
1339 1645 1370 1698 et
1391 1636 1474 1699 iuris.
1997 1658 2022 1699 c.
2041 1640 2090 1700 10.

254 1736 311 1802 καί
333 1737 515 1823 βασιλείας,
538 1738 663 1805 ταύτδν
686 1741 720 1806 δέ
743 1747 834 1806 ἐστιν
856 1748 955 1807 εἰπεῖν
978 1742 1108 1831 φύσεώς
1126 1766 1161 1806 τε

254 1843 311 1908 καί
335 1847 454 1927 νόμους
478 1884 520 1894 -
1067 1854 1160 1914 c.10.

217 1989 219 1993 ·
323 1949 522 2035 Θεσπίζομεν
545 1959 593 2036 τῷ
608 1957 751 2039 παρόντι
774 1957 863 2038 νόμῳ
887 1954 966 2031 dicre
989 1961 1016 2021 εί
1038 1961 1096 2039 μέν
1112 1979 1161 2031 τις
1253 1955 1398 2019 Iubemus
1420 1960 1574 2039 praesenti
1600 1958 1665 2038 lege
1688 1967 1724 2019 ut
1746 1958 1861 2039 siquis
1883 1957 2091 2021 haheatlibe

256 2061 324 2137 ἐχοι
338 2059 460 2135 παῖδας
469 2062 626 2143 νομίμους
641 2061 684 2146 μὴ
695 2062 868 2127 δύνασθαι
885 2072 956 2138 τοῖς
966 2062 1160 2150 παισλνλτῇ
1187 2083 1236 2124 ros
1257 2062 1408 2145 legitimos
1431 2085 1492 2126 non
1514 2065 1611 2146 possit
1632 2066 1735 2129 liberis
1753 2084 1896 2128 eorumve
1910 2065 2001 2127 matri
2023 2064 2091 2146 (hoc

254 2164 383 2229 τούτων
395 2152 467 2252 μ-ρι·
483 2167 1161 2255 τοῦτογάρκύριοντῆςέμπροσθενηγού-
1187 2170 1268 2231 euim
1289 2171 1443 2251 proprium
1465 2172 1572 2253 prioris
1599 2192 1755 2235 censemus
1777 2172 2011 2252 constitutionis)
2037 2170 2091 2234 sed

255 2273 348 2355 μεθα
365 2272 546 2358 διατάξεως
561 2273 648 2340 άλλά
662 2275 727 2341 κάν
745 2281 776 2340 εί
788 2301 819 2341 τι
837 2279 935 2342 πλέον
950 2278 1160 2362 ἐπιχειρήσειε
1188 2285 1218 2338 et
1233 2276 1259 2338 si
1274 2277 1347 2357 quid
1363 2278 1494 2358 amplius
1510 2279 1642 2360 coeperit
1656 2280 1728 2341 dare
1744 2299 1924 2360 quocunque
1938 2279 2035 2353 modo,
2058 2277 2090 2339 id

254 2378 370 2444 δοῦναι
392 2382 479 2445 καθ’
505 2382 700 2461 οίονδύποτε
722 2385 857 2469 τρόπον,
881 2394 981 2450 τοῦτο
1003 2395 1071 2448 τῶν
1086 2386 1159 2449 παί-
1187 2383 1350 2445 liberorum
1372 2384 1427 2446 liat
1444 2385 1659 2466 legitimorum:
1682 2395 1714 2449 et
1728 2387 1754 2447 si
1768 2386 1855 2448 liberi
1869 2406 1930 2448 non
1946 2385 2014 2459 sint,
2038 2385 2091 2448 sed

255 2487 322 2550 δων
343 2488 502 2570 γίνεσθαι
526 2501 594 2553 των
615 2493 773 2572 γνησίων·
796 2488 861 2556 κάν
879 2496 905 2555 εί
921 2491 1034 2566 παῖδες
1049 2491 1083 2556 δέ
1100 2493 1161 2556 ούκ
1188 2490 1253 2553 sola
1284 2491 1461 2565 concubina,
1488 2491 1559 2554 huio
1586 2492 1742 2555 dimidiam
1769 2494 1890 2555 unciam
1922 2492 2091 2573 relinquere

255 2590 324 2675 εἷεν,
341 2593 493 2673 παλλακὴ
510 2595 544 2660 δὲ
559 2598 652 2679 μόνη,
672 2598 779 2685 ταύτῃ
794 2596 834 2663 τδ
850 2597 1043 2680 ημιούγκιον
1058 2621 1159 2663 κατα·
1188 2597 1237 2660 vel
1259 2598 1366 2660 donari
1388 2599 1591 2661 concedimus.
1917 2601 1942 2662 o.
1960 2602 2009 2662 12.
2027 2605 2043 2676 5
2061 2601 2090 2660 2.

253 2702 482 2783 λιμπάνεσθαι
505 2702 525 2779 ί)
549 2701 737 2789 δωρεῖσθαι
761 2714 1006 2791 συχχωροῦμενε
1023 2743 1066 2753 -

985 2834 1010 2875 c.
1029 2815 1077 2874 12.
1095 2819 1111 2890 ξ
1130 2815 1158 2875 2.

320 2916 361 2980 Et
376 2918 487 2998 μέντοι
504 2916 627 2992 παῖδας
642 2919 703 2983 ούκ
718 2922 787 2997 έχοι
803 2921 959 3000 γνησίους
973 2921 1080 2996 ἤτινα
1092 2928 1159 2983 των
1253 2917 1286 2980 Si
1308 2938 1380 2983 vero
1403 2918 1513 2981 liberos
1536 2940 1597 2982 non
1619 2919 1733 2983 habeat
1754 2921 1902 3002 legitimos
1921 2919 1972 2984 vel
1989 2940 2091 2983 ascen·

254 3024 426 3104 άνιόντων,
450 3019 499 3097 οἷς
522 3025 652 3111 ἀνάγκη
667 3028 771 3106 νόμου
785 3026 1047 3108 καταλιμπάνειν
1061 3029 1159 3110 μέρος
1186 3025 1321 3088 dentium
1336 3027 1496 3107 quendam,
1516 3027 1626 3108 quibus
1641 3028 1715 3089 iuris
1730 3027 1909 3090 necessitato
1923 3027 2091 3109 relinquere

254 3132 444 3206 τηςοίκείας
454 3131 645 3215 περιουσίας
655 3132 812 3217 προσήκει
823 3129 1159 3215 τούςδιατιθεμένους
1186 3140 1304 3213 partem
1319 3133 1367 3195 sui
1381 3134 1556 3214 patrimonii
1572 3142 1691 3215 oportet
1709 3143 1876 3208 testatores,
1891 3134 2016 3197 licentia
2027 3143 2091 3196 esto

254 3236 351 3300 ddecet
373 3239 458 3301 ἐστιν
481 3236 538 3302 καί
561 3243 606 3312 είς
628 3235 690 3313 τάς
713 3238 842 3303 δόδεκα
864 3239 1000 3321 ούγκίας
1015 3240 1160 3327 γράιμειν
1186 3248 1218 3302 et
1248 3261 1286 3302 ex
1317 3240 1477 3303 duodecim
1508 3242 1605 3302 unciis
1635 3241 1763 3303 scribere
1794 3241 1949 3303 naturales
1980 3241 2091 3304 liberos

254 3339 331 3417 τοὺς
354 3340 518 3430 φυσικούς
541 3344 663 3419 παῖδας
690 3346 915 3429 κληρονόμους
937 3344 994 3410 καί
1021 3345 1160 3429 διαιρεῖν
1187 3347 1310 3409 heredes
1333 3355 1365 3410 et
1387 3347 1521 3410 dividere
1542 3349 1621 3410 inter
1642 3367 1693 3410 eos
1708 3347 1845 3430 quolibet
1866 3348 1956 3409 modo
1979 3368 2027 3410 res
2041 3347 2091 3411 vel

253 3454 297 3524 είς
329 3446 451 3525 αύτούς
481 3451 568 3515 καθ’
603 3448 643 3515 δν
673 3450 717 3516 δν
742 3451 928 3537 βούλωνται
957 3455 1085 3538 τρόπον
1116 3448 1160 3516 τά
1186 3475 1241 3535 per
1271 3454 1424 3535 simplices
1456 3455 1636 3517 donationes
1663 3455 1713 3518 vel
1739 3465 1862 3537 propter
1887 3456 2010 3537 nuptias
2040 3455 2091 3517 vel

254 3557 438 3642 πράγματα
463 3556 520 3621 καί
549 3556 681 3634 ἣκατά
705 3556 831 3643 δωρεάς
857 3561 965 3634 άπλας
993 3560 1159 3645 δπρογα-
1186 3582 1240 3643 per
1271 3562 1374 3624 dotem
1405 3561 1455 3624 vel
1486 3582 1541 3643 per
1576 3582 1788 3644 quamcunque
1819 3562 1910 3624 aliam
1942 3562 2091 3624 rationem

253 3664 368 3745 μιαίας
390 3664 410 3741 ί)
432 3662 523 3729 κατά
538 3674 679 3751 προῖκας
698 3664 819 3741 δκαθ
837 3671 950 3751 ἐτερον
965 3666 1159 3744 οίονδὴποτε
1186 3669 1352 3749 legitimam
1383 3688 1455 3730 suas
1485 3670 1518 3731 in
1548 3690 1600 3731 eos
1631 3669 1768 3732 conferre
1799 3669 1994 3732 substantias.
2047 3670 2092 3730 ita

254 3771 382 3855 τρόπον
412 3774 552 3853 νόμιμον
578 3768 639 3847 τάς
671 3774 798 3838 ἑαυτῶν
828 3778 872 3849 είς
899 3776 1039 3848 ἐκείνους
1065 3795 1159 3856 μετα·
1187 3777 1267 3838 enim
1289 3795 1350 3837 non
1373 3776 1503 3856 amplius
1525 3775 1704 3857 indigebunt
1725 3775 1907 3857 quibusdam
1927 3776 1966 3837 ed
1988 3775 2091 3856 impie

254 3887 367 3959 γαχεῑν
390 3878 519 3952 ούσιάς·
546 3879 633 3943 ούτω
651 3877 717 3964 γάρ
742 3882 849 3945 οὐκέτι
869 3880 1048 3958 δεήσονταί
1060 3901 1160 3944 τινων
1187 3892 1281 3945 tatem
1309 3882 1359 3947 vel
1387 3884 1426 3945 ad
1448 3883 1614 3964 periurium
1636 3884 1765 3964 paratis,
1793 3883 1846 3945 sed
1873 3891 1981 3964 sponte
2003 3902 2091 3944 suam

255 3982 338 4068 πρός
365 3983 521 4069 εἰσέβειαν
550 3985 570 4063 η
598 3985 681 4071 πρὸς
708 3989 880 4072 ἐπιορκίαν
907 3988 1054 4070 ἑτοίμων,
1086 3986 1157 4052 ἀλλ’
1187 4010 1263 4071 pure
1285 3989 1484 4052 declarabunt
1506 3991 1704 4052 voluntatem.
1917 4010 1942 4051 c
1961 3989 2010 4051 12.
2028 3995 2044 4066 ξ
2062 3991 2090 4051 3.

254 4090 405 4155 αὐτόθεν
427 4090 488 4169 την
510 4094 637 4157 ἑαυτῶν
658 4094 827 4178 καθαρῶς
850 4094 1057 4173 διαθησουσι
1081 4096 1160 4175 γνά-

253 4220 388 4280 μηνε-
939 4224 965 4266 ο.
983 4202 1159 4280 lussit.

320 4306 361 4369 El
389 4304 423 4368 δὲ
447 4308 552 4383 έχοιέν
578 4330 672 4382 τινας
694 4319 762 4371 τῶν
784 4310 957 4389 άνιόντων,
985 4307 1046 4387 τὴν
1073 4310 1160 4390 νόμι-
1246 4311 1339 4388 Quod
1354 4312 1380 4373 si
1394 4310 1542 4392 quosdam
1558 4310 1694 4374 habeant
1703 4312 1908 4385 ascendentes,
1923 4311 2091 4394 legitimam

253 4434 317 4494 μον
338 4413 683 4495 καταλιμπανὲτωσαν
698 4415 813 4489 αὐτοῖς
830 4411 1041 4500 prosperrimo
1058 4416 1160 4497 νόμος
1186 4417 1361 4499 relinquent
1386 4419 1428 4480 eis
1450 4417 1629 4499 portionem,
1657 4439 1748 4499 quam
1776 4419 1824 4479 ius
1850 4427 1882 4480 et
1904 4438 1959 4480 nos
1983 4418 2090 4480 consti·

253 4517 310 4582 καὶ
334 4523 422 4602 ἡμεῖς
444 4519 615 4602 ἐτάξαμεν.
660 4517 700 4584 τό
720 4520 754 4584 δὲ
777 4518 895 4586 λοιπόν
912 4520 1004 4586 άπαν
1022 4527 1067 4596 είς
1082 4518 1160 4596 τοὺς
1187 4526 1312 4598 tuimus;
1345 4534 1446 4587 cetera
1475 4545 1548 4589 vero
1585 4544 1664 4606 quae
1702 4532 1865 4605 supersunt
1900 4523 2090 4586 naturalibus

254 4622 416 4714 φυσικοὺς
439 4625 562 4701 παῖδας
589 4627 704 4691 άδειαν
726 4631 894 4706 ἐχέτωσαν
921 4632 1157 4714 παραπέμπειν.
1186 4631 1289 4694 liberis
1307 4631 1398 4693 lioect
1415 4632 1458 4692 eis
1476 4632 1689 4694 transmittere.
1727 4638 1759 4693 et
1777 4632 1835 4694 hoc
1853 4631 1980 4692 dicimus
1998 4630 2036 4691 de
2054 4630 2091 4692 iis

253 4730 309 4796 καί
332 4741 442 4797 ταῦτα
464 4735 574 4820 φαμὲν
597 4732 648 4798 ἐπὶ
671 4745 738 4798 τῶν
760 4738 944 4823 ἐγγράφοις
966 4735 986 4813 η
1009 4736 1159 4818 νομίμοις
1186 4739 1239 4818 qui
1260 4739 1291 4799 in
1314 4738 1434 4818 scriptis
1455 4747 1486 4800 et
1512 4738 1654 4817 legitimis
1676 4737 1886 4801 voluntatibus
1913 4737 2092 4818 consignent

254 4839 518 4925 συμβουλὴσεσιν
549 4840 802 4922 ἀποτιθεμένων
829 4840 889 4920 τὴν
921 4845 1048 4907 ἐαυτων
1079 4845 1159 4925 γνά
1186 4865 1273 4907 snam
1295 4853 1435 4907 mentem.

254 4967 390 5027 pqoz—
835 4951 1157 5028 c.l2.§3is.ibid.

320 5053 361 5117 Ei
384 5056 495 5134 μέντοι
519 5052 716 5130 τελευτήσειέ
732 5077 782 5129 τις
805 5057 944 5136 γνησίας
963 5058 1055 5140 αὐτῷ
1080 5078 1157 5122 παν·
1251 5058 1378 5121 sivero
1402 5059 1548 5120 moriatur
1569 5057 1636 5139 quis
1658 5057 1775 5119 nullam
1791 5058 1913 5120 omnino
1927 5058 2102 5138 ingenuam>

254 5159 352 5233 τελως
374 5170 474 5241 γονης
497 5160 558 5238 ούχ
582 5161 735 5241 ὑπούσης,
759 5163 888 5226 παίδων
906 5165 1017 5251 φαμέν
1034 5164 1054 5241 ἢ
1069 5165 1158 5245 ἐγγό-
1185 5166 1300 5245 prolem
1327 5165 1452 5239 habens,
1479 5164 1556 5227 filios
1586 5165 1714 5227 dicimus
1741 5165 1792 5227 vel
1818 5174 1944 5246 nepotes
1971 5164 2020 5228 vel
2047 5186 2090 5228 sc

253 5288 320 5329 νων
341 5266 361 5343 ἢ
389 5276 448 5342 τῆς
470 5266 587 5352 ἐφεξῆς
610 5266 770 5347 διαδοχῆς
793 5270 868 5334 οὐδὲ
896 5272 1035 5353 νομίμου
1063 5292 1157 5352 γαμε-
1185 5281 1311 5353 quentes
1327 5292 1522 5347 successores,
1538 5292 1634 5353 neque
1649 5271 1816 5351 legitimam
1831 5292 1965 5347 uxorem,
1981 5272 2091 5335 deinde

253 5383 312 5450 τῆς
338 5369 410 5437 εἶτα
436 5373 622 5451 τελευτήσω
655 5374 698 5458 μὴ
727 5376 925 5459 διαθέμενος
951 5375 1012 5454 την
1040 5377 1158 5441 οὐσίαν
1186 5380 1332 5442 moriatur
1362 5379 1447 5441 nullo
1478 5379 1517 5442 de
1546 5379 1717 5441 substantia
1744 5378 1825 5440 facto
1852 5387 2033 5441 testamento
2060 5388 2091 5440 et

253 5478 310 5543 καί
333 5481 494 5566 άφίκοιτο
519 5485 691 5563 συγγένεια
717 5480 820 5560 τυχόν
850 5483 870 5561 η
900 5482 956 5547 καί
980 5484 1157 5567 ἐλευθερω·
1185 5485 1310 5548 veniant
1347 5486 1467 5566 cognati
1504 5485 1580 5548 forte
1616 5485 1667 5549 vel
1704 5485 1905 5547 manumissor
1941 5485 2091 5547 bonorum

253 5584 311 5664 της
322 5589 402 5660 ίσως
416 5584 476 5664 τὴν
491 5586 698 5667 διακατοχην
712 5592 900 5654 κατασείων
915 5588 1021 5654 τεκαὶ
1038 5595 1157 5654 ἐπανα·
1184 5593 1404 5673 possessionem
1420 5593 1544 5674 cupiens
1558 5601 1589 5654 et
1604 5612 1761 5673 quaerens,
1781 5591 1831 5655 vel
1846 5592 1938 5654 etiam
1953 5601 2090 5654 nostrum

253 5695 451 5776 τεινόμενος,
484 5694 504 5771 λ
535 5693 591 5759 καί
625 5694 664 5760 τδ
692 5684 849 5780 ἡμέτερον
875 5706 1024 5778 ταμιεῖον
1051 5696 1158 5776 (ούδέν
1185 5698 1290 5761 fiscum
1313 5699 1399 5778 (nihil
1422 5701 1500 5761 enim
1524 5699 1551 5760 ei
1573 5699 1605 5759 in
1628 5698 1686 5762 hoo
1707 5699 1881 5781 parcimus),
1909 5720 1978 5761 oum
2001 5698 2092 5761 fuerit

253 5797 317 5884 γάρ
339 5802 463 5864 ἐκείνου
485 5803 525 5864 τό
548 5823 583 5883 γε
607 5801 657 5867 ἐπί
680 5802 803 5868 τούτου
825 5802 1028 5890 φειδόμεθα)
1052 5806 1099 5880 είη
1123 5803 1157 5867 δέ
1186 5805 1268 5886 apud
1291 5826 1361 5867 eum
1385 5806 1466 5868 domi
1482 5825 1640 5886 quousque
1655 5806 1767 5868 vixerit
1788 5805 1883 5868 libera
1897 5805 2007 5867 mulier
2021 5825 2091 5868 con-

253 5907 345 5989 αὐτῷ
372 5904 463 5971 κατά
488 5906 548 5972 τόν
577 5906 670 5973 οίκον
701 5914 759 5983 ἐως
792 5920 906 5994 περιῆν
932 5909 1094 5995 ἐλευθέρα
1121 5932 1156 5973 τε
1185 5912 1314 5975 cubinae
1335 5932 1419 5974 more
1442 5911 1619 5974 cohabitans
1642 5921 1674 5974 et
1695 5912 1750 5973 filii
1772 5934 1810 5975 ex
1825 5932 1863 5975 ea
1877 5912 1927 5991 (de
1942 5911 2091 5974 eiusmodi

253 6012 342 6095 γυνὴ,
365 6017 400 6078 ἐν
422 6014 591 6093 παλλακῆς
614 6016 759 6098 σχήματι
783 6024 933 6080 συνοῦσα
959 6015 1016 6080 καί
1042 6015 1154 6091 παῖδες
1183 6020 1318 6100 personis
1333 6019 1413 6080 enim
1428 6026 1549 6081 tsntum
1563 6018 1639 6081 haec
1658 6019 1867 6100 praecipimus,
1892 6019 1944 6082 ubi
1967 6020 2090 6082 omnino
