4978 7018
431 1444 565 1508 LIBER
586 1442 695 1518 XXX,
718 1441 906 1508 TITULUS
929 1442 955 1504 Ι.
1053 1530 1112 1615 [ἄν
1363 1442 1496 1506 LIBER
1517 1442 1626 1520 XXX,
1650 1443 1838 1509 TITULUS
1860 1443 1886 1505 1.

1113 1533 1145 1612 ο]
1229 1567 1232 1573 ·

92 1641 140 1711 sot.
153 1643 205 1695 ³8¹·
242 1640 373 1725 ροίστην
396 1638 521 1720 δοῦναι,
544 1640 606 1718 οίιχ
628 1640 788 1724 ῆνιρασις
807 1635 893 1702 ἀλλά
908 1633 948 1701 τδ
965 1636 1146 1725 σύμφωνον
1174 1647 1338 1720 emptorem
1356 1639 1438 1715 dare,
1461 1661 1523 1702 non
1540 1640 1675 1704 venditio
1690 1640 1744 1702 sed
1758 1650 1882 1721 pactum
1901 1639 2079 1702 infirmatur.

242 1746 441 1831 ἀκυροῦταιε
458 1784 500 1794 -
718 1747 754 1809 ir.
771 1749 822 1808 31.
839 1752 855 1824 5
872 1748 902 1809 4.
918 1746 957 1808 D.
973 1744 1100 1822 XXIV,
1119 1748 1146 1806 1.
1726 1746 1762 1808 fr.
1779 1750 1830 1809 31.
1847 1752 1863 1824 5
1881 1749 1910 1808 4.
1925 1746 1964 1808 D.
1982 1749 2033 1821 24,
2051 1748 2078 1808 l.

308 1850 348 1917 τδ
381 1853 466 1917 etto
498 1857 567 1918 ἐστι
594 1851 659 1918 κάν
686 1853 887 1939 συγχωρήσῃ
918 1849 958 1916 τὸ
987 1849 1060 1938 περί
1087 1859 1149 1915 τοῦ
1240 1854 1328 1916 Idem
1351 1863 1398 1916 est
1419 1855 1510 1916 etiam
1533 1856 1559 1917 si
1573 1854 1721 1918 remiserit
1735 1855 1869 1917 actiones
1883 1854 1964 1916 circa
1979 1851 2079 1936 fugiti-

243 1960 397 2049 φυγάδος
418 1959 439 2038 ῆ
462 1967 524 2023 τοῦ
545 1959 671 2045 ῥεμβοῆ
692 1963 711 2024 d
738 1960 946 2046 ἀγοραστής·
973 1962 1058 2042 μίνει
1081 1955 1147 2042 νάρ
1175 1982 1248 2023 vum
1270 1960 1320 2025 vel
1342 1980 1479 2023 emonem
1494 1970 1623 2043 emptor;
1646 1981 1764 2043 semper
1782 1961 1862 2024 enim
1884 1961 1979 2023 habet
2001 1960 2080 2023 aedi-

243 2071 328 2147 ίχων
359 2066 417 2133 καὶ
449 2064 511 2143 τας
543 2064 672 2154 ἀγορὰς
703 2065 761 2132 καί
793 2065 854 2145 τὴν
881 2065 934 2131 itti
959 2070 1000 2154 τῇ
1028 2066 1147 2151 πράσει
1176 2069 1260 2131 licias
1283 2068 1416 2131 actiones
1439 2077 1531 2131 etex
1548 2069 1674 2133 vendito
1697 2070 1855 2132 actionem.
2017 2071 2080 2145 55.

244 2176 388 2258 ἀγωγην.
1036 2174 1148 2252 55ib.

310 2279 385 2347 Ἐἀν
407 2283 552 2366 ἀμετρον
566 2279 831 2359 ααλανδιακδνῆ
854 2277 1074 2363 γενεθλιααδν
1089 2301 1150 2344 τια·
1244 2283 1278 2345 Si
1307 2283 1501 2345 immodicum
1532 2303 1643 2345 munus
1675 2283 1883 2346 calendarium
1914 2281 1964 2346 vel
1996 2290 2082 2345 nata-

246 2390 363 2471 ροίσχω
387 2392 428 2475 τῇ
450 2389 585 2469 γυναικί
603 2410 676 2471 μου,
700 2387 810 2475 δωρεαί
824 2393 930 2452 ἐστιν·
954 2389 994 2452 οὐ
1014 2386 1078 2469 μὴν
1093 2382 1151 2450 ἐὰν
1177 2390 1280 2453 licium
1303 2391 1391 2451 uxori
1412 2409 1499 2451 meae
1522 2389 1639 2464 dedero,
1663 2390 1786 2453 donatio
1809 2399 1867 2463 est;
1891 2409 1952 2451 uon
1966 2390 2082 2453 verosi

246 2496 412 2583 παράσχω
436 2496 521 2582 adep*
544 2492 646 2560 ἀτινα
669 2494 805 2576 δαπανᾷ
827 2493 900 2581 περὶ
923 2493 984 2573 τῆν
1007 2495 1151 2576 κοσμίαν
1178 2496 1346 2578 praebuero
1369 2497 1397 2558 ei
1419 2515 1499 2578 quae
1516 2497 1665 2578 impendit
1683 2504 1719 2558 ut
1732 2516 1765 2559 se
1783 2496 1937 2559 honestius
1953 2504 2082 2558 tueatur.

246 2604 348 2681 αὐτῆς
371 2602 537 2691 φνλαννῆνε
554 2639 596 2650 -
1041 2601 1150 2678 58ib.
1945 2586 1949 2593 ’
2017 2606 2082 2680 58.

310 2708 343 2776 Ὁ
371 2709 613 2795 δωρησάμενος,
645 2710 686 2773 cd
712 2707 777 2791 μην
806 2707 864 2773 καί
896 2711 915 2772 δ
947 2707 1152 2792 κληρονόμος
1246 2711 1311 2790 Qui
1333 2710 1459 2774 donavit
1480 2730 1541 2772 non
1556 2711 1648 2773 etiam
1670 2709 1756 2772 heres
1772 2710 1844 2786 eius,
1867 2718 1969 2792 potest
1983 2710 2083 2792 poeni-

247 2818 361 2899 αὐτοῦ,
393 2815 534 2880 δύναται
565 2815 839 2899 μεταμελεῖσθαι·
877 2819 919 2902 τῇ
956 2815 991 2878 δὲ
1030 2815 1153 2897 ὑστέρα
1180 2818 1304 2880 tentiam
1328 2836 1430 2898 agere;
1457 2818 1653 2898 posteriorem
1676 2826 1777 2880 autem
1803 2818 2019 2898 poenitentiam
2040 2817 2084 2877 in·

247 2923 440 3008 μεταμελείᾳ
455 2927 668 3009 προσέχομεν.
707 2919 793 2997 είιιδς
811 2920 877 3007 ηάρ
893 2931 955 2986 τοῦ
971 2921 1154 3004 μεταμέλου
1181 2924 1331 3006 spicimus.
1376 2923 1452 2985 forts
1475 2925 1555 2986 enim
1577 2924 1765 3005 poenitentia
1788 2933 1925 2986 cessante
1947 2934 2084 2987 mortuus

247 3027 416 3114 μεταστὰς
439 3028 652 3106 ἐτελεύτησεν.
698 3030 789 3094 ίνθα
812 3029 846 3093 δὲ
869 3028 1035 3093 δείκνυται
1057 3030 1152 3112 μίχρι
1181 3041 1235 3094 est
1280 3031 1334 3093 ubi
1355 3051 1426 3094 vero
1441 3016 1543 3111 'liquet
1558 3039 1629 3092 ante
1643 3040 1771 3093 mortem
1792 3031 1968 3093 donatorem
1982 3031 2085 3112 poeni·

249 3138 398 3214 τελευτῆς
419 3135 658 3218 μεταμεληθεὶς
681 3139 700 3200 d
723 3136 958 3222 δωρησάμενος
972 3132 1029 3199 καί
1045 3136 1064 3198 ὁ
1080 3134 1154 3210 νλη-
1181 3139 1283 3213 tuisse,
1305 3147 1336 3200 et
1358 3137 1444 3199 heres
1467 3139 1532 3199 eius
1554 3156 1697 3201 revocare
1718 3146 1826 3219 potest
1867 3139 1893 3200 si
1915 3158 1987 3202 vero
2009 3137 2086 3199 nihil

250 3245 393 3330 ρονόμος
416 3243 522 3307 αὐταῦ
543 3244 794 3308 ἀνακαλεῖσθαι
818 3241 968 3306 δύναται.
1007 3246 1033 3304 εί
1057 3240 1091 3304 δὲ
1114 3236 1154 3304 sd
1183 3245 1221 3306 de
1243 3244 1430 3326 poenitentia
1451 3254 1566 3307 certum
1590 3245 1637 3318 sit,
1660 3245 1752 3306 iudex
1774 3246 1946 3326 [tanquam]
1968 3243 2086 3305 indubi-

250 3348 323 3437 περί
351 3360 412 3414 τοῦ
433 3350 616 3434 μεταμέλου
638 3352 767 3438 ἀφανές
793 3347 943 3414 ἐστικαὶ
967 3346 1155 3436 ἀναμφίβο·
1183 3361 1279 3414 tatam
1303 3350 1460 3414 confirmat
1474 3350 1675 3422 donationem.
1835 3352 1871 3413 ir.
1888 3353 1938 3414 32.
1956 3357 1972 3429 5
1991 3354 2085 3413 2-4.

250 3459 309 3522 λον
331 3466 432 3542 κυροῖ
450 3456 511 3533 τὴν
534 3455 663 3543 δωρεάν
686 3460 705 3521 d
729 3456 897 3532 δικαστής.

856 3563 892 3626 fr.
910 3567 960 3626 32.
978 3569 994 3640 5
1013 3565 1099 3624 2-4
1114 3562 1155 3625 ib.

316 3668 391 3735 Ἐὰν
413 3673 454 3758 ry*
477 3675 606 3758 μνηστῇ
628 3693 693 3754 μου
715 3674 760 3745 είς
777 3666 898 3756 καιρὸν
921 3671 1030 3751 ηάμου
1053 3667 1156 3750 δωρή-
1250 3671 1284 3735 si
1299 3690 1430 3753 sponsae
1444 3690 1531 3733 meas
1546 3671 1578 3732 in
1600 3679 1719 3754 tempus
1734 3673 1910 3754 nuptiarum
1925 3673 2087 3746 donavero,

252 3800 371 3861 σωμαι,
393 3780 470 3842 τότε
492 3781 636 3863 ἔρρωται
660 3774 716 3842 ὅτε
730 3780 824 3861 μέχρι
841 3777 989 3854 τελευτῆς
1012 3798 1076 3858 μου
1098 3785 1157 3851 τῆς
1184 3789 1256 3841 tunc
1278 3778 1362 3841 valet
1382 3778 1538 3859 [donatio],
1567 3798 1636 3840 cum
1659 3779 1817 3860 usquead
1840 3788 1967 3842 mortem
1989 3798 2087 3841 meam

252 3885 355 3961 αὐτῆς
378 3884 532 3967 διαμείνω
555 3886 695 3967 γνώμης.
903 3884 939 3945 fr.
956 3887 1006 3946 32.
1024 3890 1041 3961 5
1059 3885 1099 3945 22
1117 3881 1155 3944 ib.
1184 3887 1216 3946 in
1237 3885 1344 3947 eadem
1366 3904 1559 3966 permansero
1582 3885 1748 3949 voluntate
1881 3885 1917 3949 fr.
1934 3888 1985 3948 32.
2002 3893 2019 3964 5
2037 3888 2087 3947 22.

168 3996 215 4051 λδ.
317 3988 425 4067 Ἐἀνῆ
440 3990 521 4072 γυνὴ
537 3990 752 4076 δωρησαμένη
767 4012 823 4072 μοι
839 3991 1030 4068 ἀνάσχηται
1041 3988 1160 4052 δοῦναί
1251 3990 1284 4053 Si
1306 4011 1383 4053 uxor
1397 3991 1548 4053 donatura
1565 3992 1639 4053 mihi
1661 4012 1754 4073 passa
1775 3992 1865 4056 fuerit
1886 4002 1922 4055 ut
1943 3994 2089 4056 darentur

252 4119 308 4179 μοι
332 4094 421 4161 αὐτὰ
443 4102 488 4171 είς
511 4105 636 4182 προῖκα
650 4108 709 4174 τῆς
727 4108 840 4174 κοινῆς
856 4094 1042 4183 θυγατρὸς,
1057 4099 1156 4182 ίρρω-
1184 4119 1238 4178 pro
1260 4118 1309 4160 me
1331 4099 1363 4159 in
1385 4098 1487 4160 dotem
1510 4098 1591 4160 filiae
1619 4100 1786 4162 communis
1813 4099 1890 4163 tales
1917 4121 1974 4175 res,
2006 4100 2090 4163 valet

252 4227 309 4268 ται
332 4206 352 4281 ῆ
376 4213 434 4281 τῆς
458 4201 597 4288 προικὸς
619 4203 774 4279 ἐπίδοσις.
1006 4204 1042 4265 ir.
1059 4207 1100 4265 34
1116 4203 1156 4265 ib.
1185 4204 1263 4267 dotis
1286 4204 1378 4267 datio.
1984 4205 2020 4267 ir.
2037 4209 2088 4268 24.

166 4318 215 4382 λζ.
317 4308 391 4374 Ἐὰν
419 4310 607 4397 φαίνωνται
636 4308 681 4375 τά
703 4310 913 4395 δωρηθέντα,
936 4308 1157 4374 ἐκδικοῦνται·
1251 4311 1285 4374 Si
1308 4320 1475 4394 appareant
1501 4331 1549 4373 res
1572 4312 1715 4387 donatae,
1742 4313 1948 4387 vindicantur;
1981 4314 2089 4375 sinon

253 4422 280 4480 εί
304 4416 337 4480 δὲ
360 4415 403 4499 μῆ
422 4416 653 4498 ἀποδίδονται,
676 4415 716 4481 τὸ
733 4417 861 4493 ἀληθὲς
877 4415 1008 4481 δίδοται
1023 4418 1156 4499 τίμημα,
1185 4418 1359 4493 redduntur,
1381 4438 1487 4482 varum
1511 4418 1602 4479 datur
1622 4420 1762 4500 pretium,
1785 4440 1857 4481 nam
1876 4439 2000 4482 causam
2023 4439 2090 4501 pos·

254 4522 362 4601 ἐπειδὴ
386 4521 447 4601 τὴν
469 4525 582 4588 αἰτίαν
605 4533 664 4600 τῆς
683 4533 784 4604 νομῆς
806 4525 827 4599 t
848 4520 957 4607 δωρεὰ
979 4524 1157 4609 παρεσχεν·
1186 4527 1326 4587 sessionis
1349 4525 1472 4587 donatio
1494 4526 1637 4606 praebuit
1658 4534 1689 4588 et
1711 4534 1837 4588 cavetur
1858 4527 2025 4607 possessori
2052 4526 2091 4588 de

254 4629 311 4694 καὶ
339 4631 560 4718 ἀσφαλίζεται
588 4626 649 4693 τὸν
675 4632 777 4711 νομέα
804 4628 876 4715 περὶ
900 4631 1093 4708 ἐκνενῆσεως
1115 4636 1159 4705 είς
1185 4632 1333 4695 evicticne
1354 4633 1386 4693 in
1408 4632 1558 4713 simplum.
1935 4633 1970 4695 ir.
1988 4637 2029 4696 36
2044 4654 2089 4714 pr.

254 4734 295 4801 τδ
318 4737 458 4801 ditioris:
475 4774 517 4784 —
947 4737 984 4800 ir.
999 4741 1041 4801 36
1058 4760 1102 4820 pr.
1118 4739 1158 4802 ib.

322 4841 514 4929 Ἀλλότριον
537 4842 715 4908 δακτύλιον
737 4842 954 4928 ίδωρησοίμην
976 4848 1017 4930 τῇ
1032 4850 1160 4932 μνηστῇ
1254 4845 1398 4908 Alienum
1425 4845 1551 4908 anulum
1577 4846 1690 4907 donavi
1716 4865 1847 4927 sponsae
1874 4867 1943 4909 mea
1969 4856 2092 4928 etpost

255 4972 320 5033 μου
346 4949 403 5015 καί
431 4947 514 5033 μετὰ
540 4947 601 5014 τὸν
627 4950 736 5033 γάμον
768 4945 845 5031 ίμδν
877 4951 951 5013 ἀντ’
982 4952 1088 5016 αὐτοῦ
1114 4952 1160 5016 δέ·
1187 4953 1310 5034 nuptiae
1325 4972 1427 5014 meum
1442 4973 1497 5034 pro
1512 4953 1564 5015 illo
1574 4953 1656 5014 dedi:
1671 4952 1755 5015 valet
1763 4952 1894 5015 donatio.
1925 4952 2050 5030 secus
2064 4956 2090 5014 1.

257 5056 358 5138 δωνα,
382 5060 525 5142 ίρρωται
549 5059 569 5134 ῆ
593 5056 710 5142 δωρεά.
929 5059 965 5121 fr.
982 5063 1033 5121 36.
1051 5066 1067 5137 5
1086 5063 1102 5121 1
1120 5061 1159 5122 ib.

173 5173 219 5236 td.
323 5160 397 5228 Ἐίιν
412 5166 432 5241 ῆ
448 5162 529 5245 μανίη
546 5162 646 5227 δόλον
660 5164 782 5250 ποιήσῃ
798 5168 842 5239 είς
857 5160 897 5227 sd
913 5163 957 5246 μὴ
970 5166 1160 5251 φαίνεσθαι
1256 5165 1289 5228 si
1312 5166 1420 5228 mulier
1437 5166 1542 5229 dolum
1564 5166 1671 5229 fecerit
1684 5167 1845 5248 quominus
1860 5176 2029 5249 appareant
2042 5186 2091 5229 res

257 5266 302 5335 τά
325 5270 527 5356 δωρηθέντα
542 5271 636 5357 αὐτῇ,
659 5271 810 5351 ίνείγεται
834 5275 875 5357 τῇ
898 5270 971 5357 περὶ
990 5281 1052 5336 τοῦ
1067 5295 1162 5359 τιαρι-
1189 5274 1321 5335 donatae
1344 5272 1410 5347 sibi,
1434 5274 1613 5337 convenitur
1634 5273 1675 5334 ad
1698 5272 1902 5335 exhibendum
1922 5275 2039 5336 actione
2062 5283 2092 5335 ct

258 5386 345 5440 σταν
367 5374 457 5441 αὐτὰ
479 5379 594 5464 ἀγωγῇ
616 5376 737 5460 καὶτῷ
753 5377 919 5460 ἀκουὶλίῳ,
942 5376 999 5442 καὶ
1015 5380 1163 5460 μοίλιστα
1189 5401 1227 5442 ex
1249 5381 1316 5460 lege
1339 5380 1466 5461 aquilia:
1489 5390 1520 5443 et
1541 5380 1674 5442 maxime
1697 5381 1723 5442 si
1744 5390 1814 5461 post
1832 5380 1995 5443 divortium
2017 5380 2093 5442 haec

258 5481 316 5547 ἐὰν
334 5480 417 5565 μετὰ
439 5481 479 5547 τὸ
503 5482 672 5565 διαζύγιον
694 5493 796 5548 τοῦτο
819 5481 973 5570 ῆμαρτεν.
1011 5487 1047 5549 fr.
1064 5491 1104 5550 37
1121 5487 1161 5550 ib.
1190 5487 1321 5549 admisit
1988 5488 2024 5550 ir.
2041 5491 2092 5550 37.

182 5603 220 5673 μ’.
331 5587 382 5654 Ta
404 5594 453 5672 spi
475 5588 573 5676 ἀνδρί
597 5589 691 5676 παρὰ
712 5601 771 5668 τῆς
793 5588 949 5672 γυναικὸς
971 5591 1163 5678 δωρούμενα
1256 5594 1319 5657 Res
1351 5594 1417 5657 viro
1450 5593 1488 5655 ab
1521 5614 1616 5656 uxore
1643 5594 1773 5656 donatae
1800 5593 1840 5654 ad
1870 5595 2093 5675 procurandam

259 5694 316 5761 διὰ
343 5694 383 5760 τὸ
412 5705 523 5775 τυχεῖν
549 5695 654 5761 αὐτὸν
680 5698 778 5780 ἀξίας
808 5701 952 5783 ίρρωται
979 5702 1074 5784 μέχρι
1102 5709 1163 5763 τοῦ
1189 5701 1235 5761 illi
1257 5701 1437 5781 dignitatem
1460 5700 1566 5764 vslent
1588 5720 1683 5780 usque
1705 5700 1746 5761 ad
1766 5709 1984 5782 competentem
1999 5721 2093 5782 quan·

260 5811 519 5890 νιροχωροῦντος
541 5802 677 5868 τιοσοῦ.1
1011 5805 1047 5867 tr.
1063 5809 1105 5867 40
1121 5807 1161 5870 ib.
1189 5808 1316 5870 titatom.
1989 5806 2025 5869 fr.
2040 5805 2092 5869 40.

334 6015 344 6046 ¹
362 6014 450 6111 hpbet
467 6014 526 6086 syn
