<?xml version="1.0" encoding="UTF-8"?>
<!DOCTYPE html PUBLIC "-//W3C//DTD XHTML 1.0 Transitional//EN"
    "http://www.w3.org/TR/xhtml1/DTD/xhtml1-transitional.dtd">
<html xmlns="http://www.w3.org/1999/xhtml" xml:lang="en" lang="en">
 <head>
  <title>
</title>
<meta http-equiv="Content-Type" content="text/html;charset=utf-8" />
  <meta name='ocr-system' content='tesseract 3.04.00' />
  <meta name='ocr-capabilities' content='ocr_page ocr_carea ocr_par ocr_line ocrx_word'/>
</head>
<body>
  <div class='ocr_page' id='page_1' title='image "./supplementumedi00linggoog_0390.png"; bbox 0 0 4978 7018; ppageno 0'>
   <div class='ocr_carea' id='block_1_1' title="bbox 399 419 1541 489">
    <p class='ocr_par' dir='ltr' id='par_1_1' title="bbox 399 419 1541 489">
     <span class='ocr_line' id='line_1_1' title="bbox 399 419 1541 489; baseline 0.004 -4"><span class='ocrx_word' id='word_1_1' title='bbox 399 422 442 485; x_wconf 81' lang='lat'><strong><em>24</em></strong></span> <span class='ocrx_word' id='word_1_2' title='bbox 1076 419 1229 486; x_wconf 82' lang='lat' dir='ltr'>LIBER</span> <span class='ocrx_word' id='word_1_3' title='bbox 1249 420 1343 488; x_wconf 75' lang='lat' dir='ltr'><strong><em>XIX</em></strong></span> <span class='ocrx_word' id='word_1_4' title='bbox 1386 421 1478 488; x_wconf 78' lang='lat' dir='ltr'><strong>TIT.</strong></span> <span class='ocrx_word' id='word_1_5' title='bbox 1499 422 1541 489; x_wconf 75' lang='lat' dir='ltr'>X</span> 
     </span>
    </p>
   </div>
   <div class='ocr_carea' id='block_1_2' title="bbox 397 598 2236 898">
    <p class='ocr_par' dir='ltr' id='par_1_2' title="bbox 397 598 2236 898">
     <span class='ocr_line' id='line_1_2' title="bbox 397 598 2236 686; baseline 0.001 -22"><span class='ocrx_word' id='word_1_6' title='bbox 397 601 527 682; x_wconf 80' lang='grc' dir='ltr'><strong><em>μειώσει</em></strong></span> <span class='ocrx_word' id='word_1_7' title='bbox 549 608 612 664; x_wconf 79' lang='grc' dir='ltr'><strong><em>τοῦ</em></strong></span> <span class='ocrx_word' id='word_1_8' title='bbox 628 600 811 682; x_wconf 81' lang='grc' dir='ltr'><em>τιμήματος</em></span> <span class='ocrx_word' id='word_1_9' title='bbox 825 602 902 664; x_wconf 80' lang='grc' dir='ltr'><strong><em>ιλσω</em></strong></span> <span class='ocrx_word' id='word_1_10' title='bbox 917 598 1093 666; x_wconf 72' lang='grc' dir='ltr'><strong><em>ἐνιαυτοῦ.ι</em></strong></span> <span class='ocrx_word' id='word_1_11' title='bbox 1133 599 1191 665; x_wconf 72' lang='grc' dir='ltr'><strong><em>καὶ</em></strong></span> <span class='ocrx_word' id='word_1_12' title='bbox 1214 603 1296 666; x_wconf 72' lang='grc' dir='ltr'><strong><em>ἴσων</em></strong></span> <span class='ocrx_word' id='word_1_13' title='bbox 1324 604 1357 668; x_wconf 82' lang='lat' dir='ltr'><strong>si</strong></span> <span class='ocrx_word' id='word_1_14' title='bbox 1388 605 1477 686; x_wconf 87' lang='lat' dir='ltr'><strong>paria</strong></span> <span class='ocrx_word' id='word_1_15' title='bbox 1506 604 1631 667; x_wconf 83' lang='lat' dir='ltr'><strong>vendita</strong></span> <span class='ocrx_word' id='word_1_16' title='bbox 1666 603 1778 667; x_wconf 79' lang='lat' dir='ltr'><strong>fuerint</strong></span> <span class='ocrx_word' id='word_1_17' title='bbox 1814 612 1938 684; x_wconf 87' lang='lat' dir='ltr'><strong>propter</strong></span> <span class='ocrx_word' id='word_1_18' title='bbox 1967 604 2058 665; x_wconf 87' lang='lat' dir='ltr'><strong>unius</strong></span> <span class='ocrx_word' id='word_1_19' title='bbox 2089 603 2236 666; x_wconf 89' lang='lat' dir='ltr'><strong>morbum</strong></span> 
     </span>
     <span class='ocr_line' id='line_1_3' title="bbox 397 703 2236 792; baseline -0.001 -21"><span class='ocrx_word' id='word_1_20' title='bbox 397 707 505 771; x_wconf 83' lang='grc' dir='ltr'><strong><em>όντων</em></strong></span> <span class='ocrx_word' id='word_1_21' title='bbox 527 716 595 770; x_wconf 76' lang='grc' dir='ltr'><strong><em>τῶν</em></strong></span> <span class='ocrx_word' id='word_1_22' title='bbox 621 706 825 792; x_wconf 71' lang='grc' dir='ltr'><strong><em>πραθέντων</em></strong></span> <span class='ocrx_word' id='word_1_23' title='bbox 852 703 909 771; x_wconf 80' lang='grc' dir='ltr'><strong><em>διά</em></strong></span> <span class='ocrx_word' id='word_1_24' title='bbox 935 704 975 772; x_wconf 83' lang='grc' dir='ltr'><strong><em>τό</em></strong></span> <span class='ocrx_word' id='word_1_25' title='bbox 1003 708 1120 782; x_wconf 91' lang='grc' dir='ltr'><strong><em>πάθος</em></strong></span> <span class='ocrx_word' id='word_1_26' title='bbox 1142 715 1205 771; x_wconf 80' lang='grc' dir='ltr'><strong><em>τοῦ</em></strong></span> <span class='ocrx_word' id='word_1_27' title='bbox 1226 706 1298 783; x_wconf 75' lang='grc' dir='ltr'><strong><em>ἐνὸς</em></strong></span> <span class='ocrx_word' id='word_1_28' title='bbox 1325 721 1437 775; x_wconf 88' lang='lat' dir='ltr'><strong>cuncta</strong></span> <span class='ocrx_word' id='word_1_29' title='bbox 1457 710 1661 774; x_wconf 76' lang='lat' dir='ltr'><strong>redhibentur.</strong></span> <span class='ocrx_word' id='word_1_30' title='bbox 2074 709 2110 771; x_wconf 83' lang='lat' dir='ltr'><strong><em>fr.</em></strong></span> <span class='ocrx_word' id='word_1_31' title='bbox 2128 712 2169 771; x_wconf 89' lang='grc'><strong>38</strong></span> <span class='ocrx_word' id='word_1_32' title='bbox 2184 730 2236 791; x_wconf 89' lang='lat' dir='ltr'><strong><em>pr.</em></strong></span> 
     </span>
     <span class='ocr_line' id='line_1_4' title="bbox 397 811 1298 898; baseline 0.001 -20"><span class='ocrx_word' id='word_1_33' title='bbox 397 811 618 878; x_wconf 71' lang='grc' dir='ltr'><strong><em>ἀποδίδονται</em></strong></span> <span class='ocrx_word' id='word_1_34' title='bbox 641 813 765 877; x_wconf 66' lang='grc' dir='ltr'><strong><em>πάντας</em></strong></span> <span class='ocrx_word' id='word_1_35' title='bbox 782 811 844 861; x_wconf 81' lang='lat'><strong><em>—¹</em></strong></span> <span class='ocrx_word' id='word_1_36' title='bbox 1143 815 1180 877; x_wconf 87' lang='lat' dir='ltr'><strong><em>fr.</em></strong></span> <span class='ocrx_word' id='word_1_37' title='bbox 1196 819 1238 879; x_wconf 83' lang='lat'><strong><em>38</em></strong></span> <span class='ocrx_word' id='word_1_38' title='bbox 1253 838 1298 898; x_wconf 92' lang='lat' dir='ltr'><strong><em>pr.</em></strong></span> 
     </span>
    </p>
   </div>
   <div class='ocr_carea' id='block_1_3' title="bbox 232 932 2412 1345">
    <p class='ocr_par' dir='ltr' id='par_1_3' title="bbox 357 932 2412 1238">
     <span class='ocr_line' id='line_1_5' title="bbox 357 932 2412 1027; baseline 0 -28"><span class='ocrx_word' id='word_1_39' title='bbox 357 943 364 959; x_wconf 85' lang='lat'>&#39;</span> <span class='ocrx_word' id='word_1_40' title='bbox 464 932 601 1013; x_wconf 82' lang='grc' dir='ltr'><strong><em>Σχεδὸν</em></strong></span> <span class='ocrx_word' id='word_1_41' title='bbox 631 933 677 1000; x_wconf 87' lang='grc' dir='ltr'><strong><em>τά</em></strong></span> <span class='ocrx_word' id='word_1_42' title='bbox 707 934 796 1000; x_wconf 81' lang='grc' dir='ltr'><strong><em>αιἰτά</em></strong></span> <span class='ocrx_word' id='word_1_43' title='bbox 827 938 927 1015; x_wconf 83' lang='grc' dir='ltr'><strong><em>πάθη</em></strong></span> <span class='ocrx_word' id='word_1_44' title='bbox 949 936 1008 1002; x_wconf 77' lang='grc' dir='ltr'><strong><em>καὶ</em></strong></span> <span class='ocrx_word' id='word_1_45' title='bbox 1030 939 1125 1002; x_wconf 80' lang='grc' dir='ltr'><strong><em>αἴτιά</em></strong></span> <span class='ocrx_word' id='word_1_46' title='bbox 1147 944 1209 1004; x_wconf 80' lang='grc' dir='ltr'><strong><em>εισι</em></strong></span> <span class='ocrx_word' id='word_1_47' title='bbox 1232 950 1300 1003; x_wconf 77' lang='grc' dir='ltr'><strong><em>τῶν</em></strong></span> <span class='ocrx_word' id='word_1_48' title='bbox 1393 942 1471 1004; x_wconf 85' lang='lat' dir='ltr'><strong>Fere</strong></span> <span class='ocrx_word' id='word_1_49' title='bbox 1485 942 1583 1004; x_wconf 88' lang='lat' dir='ltr'><strong>eidem</strong></span> <span class='ocrx_word' id='word_1_50' title='bbox 1606 949 1679 1004; x_wconf 91' lang='lat' dir='ltr'><strong>sunt</strong></span> <span class='ocrx_word' id='word_1_51' title='bbox 1692 942 1789 1004; x_wconf 87' lang='lat' dir='ltr'>morbi</span> <span class='ocrx_word' id='word_1_52' title='bbox 1812 952 1843 1005; x_wconf 92' lang='lat' dir='ltr'><strong>et</strong></span> <span class='ocrx_word' id='word_1_53' title='bbox 1864 942 1942 1005; x_wconf 85' lang='lat' dir='ltr'><strong>vitia</strong></span> <span class='ocrx_word' id='word_1_54' title='bbox 1962 943 1995 1003; x_wconf 88' lang='lat' dir='ltr'><strong>in</strong></span> <span class='ocrx_word' id='word_1_55' title='bbox 2017 941 2176 1021; x_wconf 77' lang='lat' dir='ltr'><strong>mancipiis</strong></span> <span class='ocrx_word' id='word_1_56' title='bbox 2198 949 2234 1002; x_wconf 92' lang='lat' dir='ltr'><strong>et</strong></span> <span class='ocrx_word' id='word_1_57' title='bbox 2268 943 2412 1027; x_wconf 69' lang='lat' dir='ltr'><strong>redtrbrtto</strong></span> 
     </span>
     <span class='ocr_line' id='line_1_6' title="bbox 398 1020 2399 1143; baseline 0 -36"><span class='ocrx_word' id='word_1_58' title='bbox 398 1041 622 1128; x_wconf 68' lang='grc' dir='ltr'><strong><em>ἀνδραπόδων</em></strong></span> <span class='ocrx_word' id='word_1_59' title='bbox 635 1040 693 1107; x_wconf 82' lang='grc' dir='ltr'><strong><em>καλ</em></strong></span> <span class='ocrx_word' id='word_1_60' title='bbox 708 1053 776 1107; x_wconf 80' lang='grc' dir='ltr'><strong><em>τῶν</em></strong></span> <span class='ocrx_word' id='word_1_61' title='bbox 791 1043 988 1125; x_wconf 81' lang='grc' dir='ltr'><strong><em>ὑποζυγίων·</em></strong></span> <span class='ocrx_word' id='word_1_62' title='bbox 1005 1042 1057 1109; x_wconf 89' lang='grc' dir='ltr'><strong><em>διδ</em></strong></span> <span class='ocrx_word' id='word_1_63' title='bbox 1072 1042 1117 1109; x_wconf 85' lang='grc' dir='ltr'><strong><em>τά</em></strong></span> <span class='ocrx_word' id='word_1_64' title='bbox 1132 1045 1300 1124; x_wconf 73' lang='grc' dir='ltr'><strong><em>λεχθέντα</em></strong></span> <span class='ocrx_word' id='word_1_65' title='bbox 1327 1052 1358 1111; x_wconf 88' lang='lat' dir='ltr'><strong>in</strong></span> <span class='ocrx_word' id='word_1_66' title='bbox 1385 1050 1537 1111; x_wconf 89' lang='lat' dir='ltr'><strong>iumentis:</strong></span> <span class='ocrx_word' id='word_1_67' title='bbox 1569 1048 1672 1129; x_wconf 84' lang='lat' dir='ltr'><strong>itaque</strong></span> <span class='ocrx_word' id='word_1_68' title='bbox 1698 1068 1777 1130; x_wconf 90' lang='lat' dir='ltr'><strong>quae</strong></span> <span class='ocrx_word' id='word_1_69' title='bbox 1803 1048 1886 1110; x_wconf 88' lang='lat' dir='ltr'><strong>dicta</strong></span> <span class='ocrx_word' id='word_1_70' title='bbox 1908 1058 1980 1110; x_wconf 87' lang='lat' dir='ltr'><strong>sunt</strong></span> <span class='ocrx_word' id='word_1_71' title='bbox 2001 1048 2040 1110; x_wconf 93' lang='lat' dir='ltr'><strong>de</strong></span> <span class='ocrx_word' id='word_1_72' title='bbox 2069 1048 2233 1129; x_wconf 73' lang='lat' dir='ltr'><strong>mancipiis</strong></span> <span class='ocrx_word' id='word_1_73' title='bbox 2271 1020 2399 1143; x_wconf 52' lang='lat' dir='ltr'><strong><em>m</em></strong></span> 
     </span>
     <span class='ocr_line' id='line_1_7' title="bbox 398 1147 2234 1238; baseline 0.002 -25"><span class='ocrx_word' id='word_1_74' title='bbox 398 1148 472 1234; x_wconf 76' lang='grc' dir='ltr'><strong><em>περὶ</em></strong></span> <span class='ocrx_word' id='word_1_75' title='bbox 487 1147 614 1214; x_wconf 80' lang='grc' dir='ltr'><strong><em>δούλων</em></strong></span> <span class='ocrx_word' id='word_1_76' title='bbox 636 1148 694 1213; x_wconf 81' lang='grc' dir='ltr'><strong><em>καλ</em></strong></span> <span class='ocrx_word' id='word_1_77' title='bbox 716 1153 760 1224; x_wconf 76' lang='grc' dir='ltr'><strong><em>εἰς</em></strong></span> <span class='ocrx_word' id='word_1_78' title='bbox 775 1149 936 1232; x_wconf 83' lang='grc' dir='ltr'><strong><em>ὑποζύγια</em></strong></span> <span class='ocrx_word' id='word_1_79' title='bbox 951 1152 1098 1234; x_wconf 73' lang='grc' dir='ltr'><strong><em>ἕλκομεν·</em></strong></span> <span class='ocrx_word' id='word_1_80' title='bbox 1120 1151 1179 1216; x_wconf 81' lang='grc' dir='ltr'><strong><em>καλ</em></strong></span> <span class='ocrx_word' id='word_1_81' title='bbox 1194 1150 1299 1238; x_wconf 84' lang='grc' dir='ltr'><strong><em>ὥςπερ</em></strong></span> <span class='ocrx_word' id='word_1_82' title='bbox 1327 1158 1420 1219; x_wconf 91' lang='lat' dir='ltr'><strong>etiam</strong></span> <span class='ocrx_word' id='word_1_83' title='bbox 1442 1156 1483 1217; x_wconf 88' lang='lat' dir='ltr'><strong>ad</strong></span> <span class='ocrx_word' id='word_1_84' title='bbox 1505 1157 1639 1217; x_wconf 85' lang='lat' dir='ltr'><strong>iumenta</strong></span> <span class='ocrx_word' id='word_1_85' title='bbox 1661 1156 1849 1217; x_wconf 80' lang='lat' dir='ltr'><strong>deducimus:</strong></span> <span class='ocrx_word' id='word_1_86' title='bbox 1877 1164 1908 1217; x_wconf 92' lang='lat' dir='ltr'><strong>et</strong></span> <span class='ocrx_word' id='word_1_87' title='bbox 1934 1156 2022 1217; x_wconf 89' lang='lat' dir='ltr'><strong>sicuti</strong></span> <span class='ocrx_word' id='word_1_88' title='bbox 2046 1155 2234 1235; x_wconf 74' lang='lat' dir='ltr'><strong>mancipium</strong></span> 
     </span>
    </p>

    <p class='ocr_par' dir='ltr' id='par_1_4' title="bbox 232 1252 2208 1345">
     <span class='ocr_line' id='line_1_8' title="bbox 232 1252 2208 1345; baseline 0.003 -28"><span class='ocrx_word' id='word_1_89' title='bbox 232 1262 278 1332; x_wconf 75' lang='lat' dir='ltr'><strong><em>sot</em></strong></span> <span class='ocrx_word' id='word_1_90' title='bbox 293 1266 361 1318; x_wconf 78' lang='lat'><strong>169¹.</strong></span> <span class='ocrx_word' id='word_1_91' title='bbox 398 1257 418 1319; x_wconf 89' lang='grc' dir='ltr'><strong><em>ό</em></strong></span> <span class='ocrx_word' id='word_1_92' title='bbox 442 1255 559 1331; x_wconf 76' lang='grc' dir='ltr'><strong><em>δοῦλος</em></strong></span> <span class='ocrx_word' id='word_1_93' title='bbox 580 1253 638 1321; x_wconf 79' lang='grc' dir='ltr'><strong><em>καὶ</em></strong></span> <span class='ocrx_word' id='word_1_94' title='bbox 660 1252 744 1338; x_wconf 87' lang='grc' dir='ltr'><strong><em>μετά</em></strong></span> <span class='ocrx_word' id='word_1_95' title='bbox 766 1253 806 1320; x_wconf 89' lang='grc' dir='ltr'><strong><em>τδ</em></strong></span> <span class='ocrx_word' id='word_1_96' title='bbox 829 1259 1019 1323; x_wconf 73' lang='grc' dir='ltr'><strong><em>ἀποθανεῖν</em></strong></span> <span class='ocrx_word' id='word_1_97' title='bbox 1042 1261 1300 1345; x_wconf 76' lang='grc' dir='ltr'><strong><em>ἀναστρέφεται,</em></strong></span> <span class='ocrx_word' id='word_1_98' title='bbox 1326 1272 1544 1345; x_wconf 85' lang='lat' dir='ltr'><strong>postmortem</strong></span> <span class='ocrx_word' id='word_1_99' title='bbox 1566 1281 1685 1343; x_wconf 89' lang='lat' dir='ltr'><strong>quoque</strong></span> <span class='ocrx_word' id='word_1_100' title='bbox 1706 1261 1887 1337; x_wconf 75' lang='lat' dir='ltr'><strong>redhibetur,</strong></span> <span class='ocrx_word' id='word_1_101' title='bbox 1910 1262 2008 1323; x_wconf 84' lang='lat' dir='ltr'><strong>itaet</strong></span> <span class='ocrx_word' id='word_1_102' title='bbox 2030 1262 2208 1323; x_wconf 84' lang='lat' dir='ltr'><strong>iumentum.</strong></span> 
     </span>
    </p>
   </div>
   <div class='ocr_carea' id='block_1_4' title="bbox 397 1359 2235 1790">
    <p class='ocr_par' dir='ltr' id='par_1_5' title="bbox 397 1359 2234 1446">
     <span class='ocr_line' id='line_1_9' title="bbox 397 1359 2234 1446; baseline 0 -19"><span class='ocrx_word' id='word_1_103' title='bbox 397 1359 485 1427; x_wconf 76' lang='grc' dir='ltr'><strong><em>οὕτω</em></strong></span> <span class='ocrx_word' id='word_1_104' title='bbox 508 1361 566 1428; x_wconf 75' lang='grc' dir='ltr'><strong><em>καὶ</em></strong></span> <span class='ocrx_word' id='word_1_105' title='bbox 581 1360 621 1428; x_wconf 84' lang='grc' dir='ltr'><strong><em>τό</em></strong></span> <span class='ocrx_word' id='word_1_106' title='bbox 637 1362 826 1446; x_wconf 75' lang='grc' dir='ltr'><strong><em>ὑποζάγιονε</em></strong></span> <span class='ocrx_word' id='word_1_107' title='bbox 842 1362 901 1417; x_wconf 82' lang='lat'><strong><em>-⁸</em></strong></span> <span class='ocrx_word' id='word_1_108' title='bbox 948 1366 983 1428; x_wconf 83' lang='lat' dir='ltr'><strong><em>fr.</em></strong></span> <span class='ocrx_word' id='word_1_109' title='bbox 1000 1370 1051 1430; x_wconf 82' lang='lat'><strong>38.</strong></span> <span class='ocrx_word' id='word_1_110' title='bbox 1068 1373 1084 1445; x_wconf 92' lang='lat'><strong>5</strong></span> <span class='ocrx_word' id='word_1_111' title='bbox 1102 1371 1130 1429; x_wconf 84' lang='lat'><strong>2.</strong></span> <span class='ocrx_word' id='word_1_112' title='bbox 1146 1367 1186 1429; x_wconf 90' lang='lat' dir='ltr'><strong><em>D.</em></strong></span> <span class='ocrx_word' id='word_1_113' title='bbox 1203 1370 1254 1441; x_wconf 84' lang='lat'><strong><em>21,</em></strong></span> <span class='ocrx_word' id='word_1_114' title='bbox 1272 1370 1299 1428; x_wconf 97' lang='lat'><strong>1.</strong></span> <span class='ocrx_word' id='word_1_115' title='bbox 1875 1368 1910 1430; x_wconf 81' lang='lat' dir='ltr'><strong><em>ir.</em></strong></span> <span class='ocrx_word' id='word_1_116' title='bbox 1926 1370 1978 1431; x_wconf 93' lang='grc'><strong>38.</strong></span> <span class='ocrx_word' id='word_1_117' title='bbox 1995 1374 2013 1445; x_wconf 98' lang='lat'><strong>5</strong></span> <span class='ocrx_word' id='word_1_118' title='bbox 2031 1371 2059 1430; x_wconf 91' lang='grc'><strong><em>2.</em></strong></span> <span class='ocrx_word' id='word_1_119' title='bbox 2074 1367 2115 1429; x_wconf 90' lang='lat' dir='ltr'><strong><em>D.</em></strong></span> <span class='ocrx_word' id='word_1_120' title='bbox 2131 1370 2183 1444; x_wconf 87' lang='grc'><strong><em>21,</em></strong></span> <span class='ocrx_word' id='word_1_121' title='bbox 2203 1371 2234 1428; x_wconf 93' lang='grc'><strong><em>1.</em></strong></span> 
     </span>
    </p>

    <p class='ocr_par' dir='ltr' id='par_1_6' title="bbox 397 1486 2235 1790">
     <span class='ocr_line' id='line_1_10' title="bbox 468 1486 2231 1576; baseline 0 -24"><span class='ocrx_word' id='word_1_122' title='bbox 468 1486 536 1552; x_wconf 82' lang='grc' dir='ltr'><strong><em>Οὐκ</em></strong></span> <span class='ocrx_word' id='word_1_123' title='bbox 558 1486 621 1552; x_wconf 68' lang='lat' dir='ltr'><strong>elci</strong></span> <span class='ocrx_word' id='word_1_124' title='bbox 642 1488 701 1570; x_wconf 79' lang='grc' dir='ltr'><strong><em>μὲν</em></strong></span> <span class='ocrx_word' id='word_1_125' title='bbox 723 1487 884 1571; x_wconf 76' lang='grc' dir='ltr'><strong><em>ὑποζύγια</em></strong></span> <span class='ocrx_word' id='word_1_126' title='bbox 907 1490 1019 1554; x_wconf 93' lang='grc' dir='ltr'><strong><em>πάντα</em></strong></span> <span class='ocrx_word' id='word_1_127' title='bbox 1040 1487 1086 1555; x_wconf 88' lang='grc' dir='ltr'><strong><em>τά</em></strong></span> <span class='ocrx_word' id='word_1_128' title='bbox 1105 1491 1300 1576; x_wconf 77' lang='grc' dir='ltr'><strong><em>θρέμματα·</em></strong></span> <span class='ocrx_word' id='word_1_129' title='bbox 1393 1494 1465 1557; x_wconf 83' lang='lat' dir='ltr'><strong><em>Non</em></strong></span> <span class='ocrx_word' id='word_1_130' title='bbox 1488 1502 1560 1556; x_wconf 90' lang='lat' dir='ltr'><strong>sunt</strong></span> <span class='ocrx_word' id='word_1_131' title='bbox 1583 1494 1717 1555; x_wconf 87' lang='lat' dir='ltr'><strong>iumenta</strong></span> <span class='ocrx_word' id='word_1_132' title='bbox 1741 1494 1843 1555; x_wconf 88' lang='lat' dir='ltr'><strong>omnia</strong></span> <span class='ocrx_word' id='word_1_133' title='bbox 1864 1513 1987 1574; x_wconf 78' lang='lat' dir='ltr'><strong>pecora3</strong></span> <span class='ocrx_word' id='word_1_134' title='bbox 2017 1492 2066 1576; x_wconf 83' lang='lat' dir='ltr'><strong>[fr.</strong></span> <span class='ocrx_word' id='word_1_135' title='bbox 2082 1495 2133 1555; x_wconf 84' lang='lat'><strong>38.</strong></span> <span class='ocrx_word' id='word_1_136' title='bbox 2159 1490 2231 1574; x_wconf 84' lang='lat'><strong><em>54]</em></strong></span> 
     </span>
     <span class='ocr_line' id='line_1_11' title="bbox 398 1594 2235 1683; baseline 0.002 -26"><span class='ocrx_word' id='word_1_137' title='bbox 398 1595 447 1680; x_wconf 84' lang='lat' dir='ltr'><strong>[fr.</strong></span> <span class='ocrx_word' id='word_1_138' title='bbox 463 1596 515 1657; x_wconf 84' lang='lat'><strong>48.</strong></span> <span class='ocrx_word' id='word_1_139' title='bbox 532 1601 548 1672; x_wconf 91' lang='lat'><strong>5</strong></span> <span class='ocrx_word' id='word_1_140' title='bbox 565 1594 600 1678; x_wconf 90' lang='lat'><strong><em>4]</em></strong></span> <span class='ocrx_word' id='word_1_141' title='bbox 624 1594 757 1677; x_wconf 79' lang='grc' dir='ltr'><strong><em>λέγομεν</em></strong></span> <span class='ocrx_word' id='word_1_142' title='bbox 780 1594 815 1658; x_wconf 78' lang='grc' dir='ltr'><strong><em>δὲ</em></strong></span> <span class='ocrx_word' id='word_1_143' title='bbox 838 1594 1045 1683; x_wconf 64' lang='lat' dir='ltr'><strong>copiositas</strong></span> <span class='ocrx_word' id='word_1_144' title='bbox 1067 1595 1112 1661; x_wconf 91' lang='grc' dir='ltr'><strong><em>τά</em></strong></span> <span class='ocrx_word' id='word_1_145' title='bbox 1127 1596 1200 1682; x_wconf 79' lang='grc' dir='ltr'><strong><em>περὶ</em></strong></span> <span class='ocrx_word' id='word_1_146' title='bbox 1223 1599 1300 1662; x_wconf 84' lang='grc' dir='ltr'><strong><em>ὑπο-</em></strong></span> <span class='ocrx_word' id='word_1_147' title='bbox 1327 1602 1455 1664; x_wconf 86' lang='lat' dir='ltr'><strong>dicimus</strong></span> <span class='ocrx_word' id='word_1_148' title='bbox 1478 1609 1580 1662; x_wconf 88' lang='lat' dir='ltr'><strong>autem</strong></span> <span class='ocrx_word' id='word_1_149' title='bbox 1602 1600 1640 1661; x_wconf 88' lang='lat' dir='ltr'><strong><em>do</em></strong></span> <span class='ocrx_word' id='word_1_150' title='bbox 1661 1600 1708 1662; x_wconf 90' lang='lat' dir='ltr'><strong>his</strong></span> <span class='ocrx_word' id='word_1_151' title='bbox 1734 1620 1871 1680; x_wconf 89' lang='lat' dir='ltr'><strong>eaquae</strong></span> <span class='ocrx_word' id='word_1_152' title='bbox 1898 1601 1937 1663; x_wconf 91' lang='lat' dir='ltr'><strong>de</strong></span> <span class='ocrx_word' id='word_1_153' title='bbox 1958 1600 2100 1662; x_wconf 90' lang='lat' dir='ltr'><strong>iumentis</strong></span> <span class='ocrx_word' id='word_1_154' title='bbox 2121 1607 2235 1660; x_wconf 82' lang='lat' dir='ltr'><strong>tracta-</strong></span> 
     </span>
     <span class='ocr_line' id='line_1_12' title="bbox 397 1704 2235 1790; baseline 0.001 -26"><span class='ocrx_word' id='word_1_155' title='bbox 397 1704 517 1790; x_wconf 77' lang='grc' dir='ltr'><strong><em>ζυγόων</em></strong></span> <span class='ocrx_word' id='word_1_156' title='bbox 538 1704 703 1787; x_wconf 65' lang='grc' dir='ltr'><strong><em>εἰρημέναι</em></strong></span> <span class='ocrx_word' id='word_1_157' title='bbox 720 1740 762 1751; x_wconf 91' lang='grc'><strong>-</strong></span> <span class='ocrx_word' id='word_1_158' title='bbox 1117 1706 1152 1769; x_wconf 80' lang='lat' dir='ltr'><strong><em>fr.</em></strong></span> <span class='ocrx_word' id='word_1_159' title='bbox 1169 1710 1220 1770; x_wconf 87' lang='grc'><strong>38.</strong></span> <span class='ocrx_word' id='word_1_160' title='bbox 1237 1714 1253 1784; x_wconf 89' lang='lat'><strong>5</strong></span> <span class='ocrx_word' id='word_1_161' title='bbox 1271 1711 1300 1769; x_wconf 81' lang='lat'><strong><em>5.</em></strong></span> <span class='ocrx_word' id='word_1_162' title='bbox 1327 1710 1434 1772; x_wconf 86' lang='lat' dir='ltr'><strong>vimus.</strong></span> <span class='ocrx_word' id='word_1_163' title='bbox 2047 1705 2084 1767; x_wconf 86' lang='lat' dir='ltr'><strong><em>fr.</em></strong></span> <span class='ocrx_word' id='word_1_164' title='bbox 2100 1709 2152 1769; x_wconf 83' lang='lat'><strong>38.</strong></span> <span class='ocrx_word' id='word_1_165' title='bbox 2168 1711 2185 1782; x_wconf 90' lang='lat'><strong>5</strong></span> <span class='ocrx_word' id='word_1_166' title='bbox 2201 1708 2235 1766; x_wconf 89' lang='lat'><strong><em>5.</em></strong></span> 
     </span>
    </p>
   </div>
   <div class='ocr_carea' id='block_1_5' title="bbox 399 1822 2234 2019">
    <p class='ocr_par' dir='ltr' id='par_1_7' title="bbox 399 1822 2234 2019">
     <span class='ocr_line' id='line_1_13' title="bbox 460 1822 2080 1912; baseline 0.001 -21"><span class='ocrx_word' id='word_1_167' title='bbox 460 1825 493 1891; x_wconf 83' lang='lat'><strong><em>‘0</em></strong></span> <span class='ocrx_word' id='word_1_168' title='bbox 519 1822 602 1910; x_wconf 81' lang='grc' dir='ltr'><strong><em>βοὺς</em></strong></span> <span class='ocrx_word' id='word_1_169' title='bbox 628 1826 689 1889; x_wconf 83' lang='grc' dir='ltr'><strong><em>οὐκ</em></strong></span> <span class='ocrx_word' id='word_1_170' title='bbox 715 1825 787 1892; x_wconf 74' lang='grc' dir='ltr'><strong><em>ἐστὶ</em></strong></span> <span class='ocrx_word' id='word_1_171' title='bbox 812 1838 880 1892; x_wconf 76' lang='grc' dir='ltr'><strong><em>τῶν</em></strong></span> <span class='ocrx_word' id='word_1_172' title='bbox 907 1829 1091 1912; x_wconf 71' lang='grc' dir='ltr'><strong><em>ὑποζυγίων</em></strong></span> <span class='ocrx_word' id='word_1_173' title='bbox 1117 1828 1203 1895; x_wconf 86' lang='grc' dir='ltr'><strong><em>ἀλλά</em></strong></span> <span class='ocrx_word' id='word_1_174' title='bbox 1233 1842 1301 1896; x_wconf 79' lang='grc' dir='ltr'><strong><em>τῶν</em></strong></span> <span class='ocrx_word' id='word_1_175' title='bbox 1393 1833 1456 1895; x_wconf 91' lang='grc' dir='ltr'><strong><em>Βοε</em></strong></span> <span class='ocrx_word' id='word_1_176' title='bbox 1478 1853 1540 1894; x_wconf 94' lang='lat' dir='ltr'><strong><em>non</em></strong></span> <span class='ocrx_word' id='word_1_177' title='bbox 1562 1840 1609 1894; x_wconf 86' lang='lat' dir='ltr'><strong><em>eat</em></strong></span> <span class='ocrx_word' id='word_1_178' title='bbox 1630 1831 1832 1893; x_wconf 89' lang='lat' dir='ltr'><strong>iumentorum</strong></span> <span class='ocrx_word' id='word_1_179' title='bbox 1854 1831 1908 1894; x_wconf 89' lang='lat' dir='ltr'><strong>sed</strong></span> <span class='ocrx_word' id='word_1_180' title='bbox 1929 1851 2080 1912; x_wconf 82' lang='lat' dir='ltr'><strong>peoomrn</strong></span> 
     </span>
     <span class='ocr_line' id='line_1_14' title="bbox 399 1934 2234 2019; baseline 0 -22"><span class='ocrx_word' id='word_1_181' title='bbox 399 1934 618 2019; x_wconf 76' lang='grc' dir='ltr'><strong><em>θρεμμάτωνι</em></strong></span> <span class='ocrx_word' id='word_1_182' title='bbox 634 1971 676 1981; x_wconf 91' lang='grc'><strong>-</strong></span> <span class='ocrx_word' id='word_1_183' title='bbox 1116 1938 1152 2002; x_wconf 81' lang='lat' dir='ltr'><strong><em>fr.</em></strong></span> <span class='ocrx_word' id='word_1_184' title='bbox 1169 1943 1220 2003; x_wconf 86' lang='lat'><strong>38.</strong></span> <span class='ocrx_word' id='word_1_185' title='bbox 1237 1946 1254 2017; x_wconf 86' lang='lat'><strong>5</strong></span> <span class='ocrx_word' id='word_1_186' title='bbox 1272 1944 1300 2003; x_wconf 90' lang='grc'><strong><em>6.</em></strong></span> <span class='ocrx_word' id='word_1_187' title='bbox 2045 1936 2081 1998; x_wconf 83' lang='lat' dir='ltr'><strong><em>fr.</em></strong></span> <span class='ocrx_word' id='word_1_188' title='bbox 2098 1939 2149 1997; x_wconf 84' lang='lat'><strong>38.</strong></span> <span class='ocrx_word' id='word_1_189' title='bbox 2167 1943 2183 2012; x_wconf 89' lang='lat'><strong>5</strong></span> <span class='ocrx_word' id='word_1_190' title='bbox 2201 1940 2234 1998; x_wconf 89' lang='grc'><strong><em>6.</em></strong></span> 
     </span>
    </p>
   </div>
   <div class='ocr_carea' id='block_1_6' title="bbox 399 2058 2234 2570">
    <p class='ocr_par' dir='ltr' id='par_1_8' title="bbox 399 2058 2234 2570">
     <span class='ocr_line' id='line_1_15' title="bbox 465 2058 2234 2146; baseline -0.001 -25"><span class='ocrx_word' id='word_1_191' title='bbox 465 2058 545 2123; x_wconf 75' lang='grc' dir='ltr'><strong><em>Εἰσί</em></strong></span> <span class='ocrx_word' id='word_1_192' title='bbox 573 2080 650 2121; x_wconf 93' lang='grc' dir='ltr'><strong><em>τινα</em></strong></span> <span class='ocrx_word' id='word_1_193' title='bbox 676 2059 776 2137; x_wconf 82' lang='grc' dir='ltr'><strong><em>πάθη</em></strong></span> <span class='ocrx_word' id='word_1_194' title='bbox 808 2070 876 2123; x_wconf 82' lang='grc' dir='ltr'><strong><em>τῶν</em></strong></span> <span class='ocrx_word' id='word_1_195' title='bbox 907 2060 1130 2146; x_wconf 77' lang='grc' dir='ltr'><strong><em>ἀνδραπόδων</em></strong></span> <span class='ocrx_word' id='word_1_196' title='bbox 1174 2101 1216 2112; x_wconf 92' lang='grc'><strong>-</strong></span> <span class='ocrx_word' id='word_1_197' title='bbox 1260 2103 1299 2113; x_wconf 96' lang='grc'><strong>-</strong></span> <span class='ocrx_word' id='word_1_198' title='bbox 1395 2065 1475 2128; x_wconf 83' lang='lat' dir='ltr'><strong>Sunt</strong></span> <span class='ocrx_word' id='word_1_199' title='bbox 1496 2062 1620 2145; x_wconf 90' lang='lat' dir='ltr'><strong>quidam</strong></span> <span class='ocrx_word' id='word_1_200' title='bbox 1641 2062 1860 2143; x_wconf 84' lang='lat' dir='ltr'><strong>mancipiorum</strong></span> <span class='ocrx_word' id='word_1_201' title='bbox 1881 2062 1979 2124; x_wconf 89' lang='lat' dir='ltr'><strong>morbi</strong></span> <span class='ocrx_word' id='word_1_202' title='bbox 2019 2098 2062 2109; x_wconf 91' lang='lat'><em>-</em></span> <span class='ocrx_word' id='word_1_203' title='bbox 2104 2096 2146 2107; x_wconf 92' lang='lat'><em>-</em></span> <span class='ocrx_word' id='word_1_204' title='bbox 2188 2096 2234 2107; x_wconf 93' lang='lat'><em>-</em></span> 
     </span>
     <span class='ocr_line' id='line_1_16' title="bbox 399 2173 2233 2235; baseline 0.002 -2"><span class='ocrx_word' id='word_1_205' title='bbox 399 2201 1217 2218; x_wconf 88' lang='lat'>----------</span> <span class='ocrx_word' id='word_1_206' title='bbox 1241 2173 2233 2235; x_wconf 88' lang='grc' dir='ltr'><strong><em>ἀσ------------</em></strong></span> 
     </span>
     <span class='ocr_line' id='line_1_17' title="bbox 400 2272 2233 2359; baseline -0.001 -23"><span class='ocrx_word' id='word_1_207' title='bbox 400 2273 598 2356; x_wconf 77' lang='grc' dir='ltr'><strong><em>θενέστερος</em></strong></span> <span class='ocrx_word' id='word_1_208' title='bbox 619 2272 700 2353; x_wconf 78' lang='grc' dir='ltr'><strong><em>μήτε</em></strong></span> <span class='ocrx_word' id='word_1_209' title='bbox 722 2274 895 2359; x_wconf 78' lang='grc' dir='ltr'><strong><em>ἄχρηστος</em></strong></span> <span class='ocrx_word' id='word_1_210' title='bbox 910 2276 1139 2358; x_wconf 72' lang='grc' dir='ltr'><strong><em>ἐκτεμνόμενος</em></strong></span> <span class='ocrx_word' id='word_1_211' title='bbox 1153 2276 1212 2341; x_wconf 81' lang='grc' dir='ltr'><strong><em>καλ</em></strong></span> <span class='ocrx_word' id='word_1_212' title='bbox 1227 2278 1302 2343; x_wconf 85' lang='grc' dir='ltr'><strong><em>οὕτε</em></strong></span> <span class='ocrx_word' id='word_1_213' title='bbox 1329 2311 2233 2327; x_wconf 84' lang='lat'>-----------</span> 
     </span>
     <span class='ocr_line' id='line_1_18' title="bbox 399 2374 2231 2468; baseline 0.001 -28"><span class='ocrx_word' id='word_1_214' title='bbox 399 2374 533 2465; x_wconf 62' lang='grc' dir='ltr'><strong><em>ζσγΙΙρολΙ</em></strong></span> <span class='ocrx_word' id='word_1_215' title='bbox 552 2399 592 2442; x_wconf 90' lang='grc' dir='ltr'><strong><em>ου</em></strong></span> <span class='ocrx_word' id='word_1_216' title='bbox 611 2377 725 2468; x_wconf 73' lang='grc' dir='ltr'><strong><em>γενοΙΗ</em></strong></span> <span class='ocrx_word' id='word_1_217' title='bbox 750 2417 791 2427; x_wconf 94' lang='grc'><strong>-</strong></span> <span class='ocrx_word' id='word_1_218' title='bbox 809 2380 885 2445; x_wconf 77' lang='grc' dir='ltr'><strong><em>οὔτε</em></strong></span> <span class='ocrx_word' id='word_1_219' title='bbox 900 2382 1012 2446; x_wconf 88' lang='grc' dir='ltr'><strong><em>πάντα</em></strong></span> <span class='ocrx_word' id='word_1_220' title='bbox 1027 2379 1071 2446; x_wconf 83' lang='grc' dir='ltr'><strong><em>τά</em></strong></span> <span class='ocrx_word' id='word_1_221' title='bbox 1086 2385 1302 2467; x_wconf 79' lang='grc' dir='ltr'><strong><em>ἐκτεμνόμενα</em></strong></span> <span class='ocrx_word' id='word_1_222' title='bbox 1330 2417 2231 2434; x_wconf 86' lang='lat'><strong>-----------</strong></span> 
     </span>
     <span class='ocr_line' id='line_1_19' title="bbox 400 2490 2232 2570; baseline 0 -18"><span class='ocrx_word' id='word_1_223' title='bbox 400 2521 441 2534; x_wconf 90' lang='lat'><em>-</em></span> <span class='ocrx_word' id='word_1_224' title='bbox 488 2506 531 2534; x_wconf 65' lang='grc'><strong><em>-·</em></strong></span> <span class='ocrx_word' id='word_1_225' title='bbox 576 2522 1046 2536; x_wconf 83' lang='grc'><strong>------</strong></span> <span class='ocrx_word' id='word_1_226' title='bbox 1118 2490 1154 2553; x_wconf 78' lang='lat' dir='ltr'><strong><em>n.</em></strong></span> <span class='ocrx_word' id='word_1_227' title='bbox 1171 2495 1222 2554; x_wconf 85' lang='grc' dir='ltr'><strong><em>εε.</em></strong></span> <span class='ocrx_word' id='word_1_228' title='bbox 1238 2500 1255 2570; x_wconf 79' lang='grc' dir='ltr'><strong><em>ς</em></strong></span> <span class='ocrx_word' id='word_1_229' title='bbox 1274 2497 1301 2555; x_wconf 79' lang='grc' dir='ltr'><strong><em>ε.</em></strong></span> <span class='ocrx_word' id='word_1_230' title='bbox 1330 2523 2232 2540; x_wconf 84' lang='grc'>-----------</span> 
     </span>
    </p>
   </div>
   <div class='ocr_carea' id='block_1_7' title="bbox 400 2608 2232 2810">
    <p class='ocr_par' dir='ltr' id='par_1_9' title="bbox 400 2608 2232 2810">
     <span class='ocr_line' id='line_1_20' title="bbox 463 2608 2232 2695; baseline -0.009 -18"><span class='ocrx_word' id='word_1_231' title='bbox 463 2608 1549 2695; x_wconf 66' lang='grc' dir='ltr'><strong><em>Ὁ--ὲνλτιμήματι------.-’</em></strong></span> <span class='ocrx_word' id='word_1_232' title='bbox 1596 2648 2232 2662; x_wconf 80' lang='grc'>--------</span> 
     </span>
     <span class='ocr_line' id='line_1_21' title="bbox 400 2716 2230 2810; baseline -0.001 -31"><span class='ocrx_word' id='word_1_233' title='bbox 400 2740 498 2780; x_wconf 83' lang='grc' dir='ltr'><strong><em>τι-</em></strong></span> <span class='ocrx_word' id='word_1_234' title='bbox 523 2753 565 2765; x_wconf 93' lang='lat'><em>-</em></span> <span class='ocrx_word' id='word_1_235' title='bbox 588 2716 728 2796; x_wconf 77' lang='grc' dir='ltr'><strong><em>εγοάσης</em></strong></span> <span class='ocrx_word' id='word_1_236' title='bbox 750 2756 792 2766; x_wconf 96' lang='grc'>-</span> <span class='ocrx_word' id='word_1_237' title='bbox 817 2755 858 2768; x_wconf 92' lang='grc'>-</span> <span class='ocrx_word' id='word_1_238' title='bbox 882 2755 924 2767; x_wconf 92' lang='grc'><strong>-</strong></span> <span class='ocrx_word' id='word_1_239' title='bbox 948 2730 1020 2797; x_wconf 82' lang='grc' dir='ltr'><strong><em>ικῆς</em></strong></span> <span class='ocrx_word' id='word_1_240' title='bbox 1042 2720 1157 2803; x_wconf 79' lang='grc' dir='ltr'><strong><em>ἀγωγὴ</em></strong></span> <span class='ocrx_word' id='word_1_241' title='bbox 1180 2720 1300 2810; x_wconf 79' lang='grc' dir='ltr'><strong><em>κινειΙΙΙ</em></strong></span> <span class='ocrx_word' id='word_1_242' title='bbox 1331 2755 2230 2773; x_wconf 92' lang='grc'>-----------</span> 
     </span>
    </p>
   </div>
   <div class='ocr_carea' id='block_1_8' title="bbox 403 3689 2232 3887">
    <p class='ocr_par' dir='ltr' id='par_1_10' title="bbox 403 3689 2232 3887">
     <span class='ocr_line' id='line_1_22' title="bbox 403 3689 2227 3786; baseline -0.007 -20"><span class='ocrx_word' id='word_1_243' title='bbox 403 3689 529 3768; x_wconf 74' lang='grc' dir='ltr'><strong><em>παντὸς</em></strong></span> <span class='ocrx_word' id='word_1_244' title='bbox 581 3731 623 3741; x_wconf 96' lang='grc'>-</span> <span class='ocrx_word' id='word_1_245' title='bbox 672 3733 711 3743; x_wconf 91' lang='lat'><em>-</em></span> <span class='ocrx_word' id='word_1_246' title='bbox 735 3694 782 3759; x_wconf 72' lang='grc' dir='ltr'><strong><em>ἐνὶ</em></strong></span> <span class='ocrx_word' id='word_1_247' title='bbox 797 3696 953 3780; x_wconf 77' lang='grc' dir='ltr'><strong><em>τιμήματι</em></strong></span> <span class='ocrx_word' id='word_1_248' title='bbox 973 3700 1075 3786; x_wconf 91' lang='grc' dir='ltr'><strong><em>πραθ</em></strong></span> <span class='ocrx_word' id='word_1_249' title='bbox 1092 3733 2227 3750; x_wconf 75' lang='grc'><strong>--------------</strong></span> 
     </span>
     <span class='ocr_line' id='line_1_23' title="bbox 404 3799 2232 3887; baseline 0.001 -23"><span class='ocrx_word' id='word_1_250' title='bbox 404 3801 444 3864; x_wconf 85' lang='grc' dir='ltr'><strong><em>οὐ</em></strong></span> <span class='ocrx_word' id='word_1_251' title='bbox 466 3799 626 3865; x_wconf 81' lang='grc' dir='ltr'><strong><em>δύνανται</em></strong></span> <span class='ocrx_word' id='word_1_252' title='bbox 646 3803 879 3887; x_wconf 74' lang='grc' dir='ltr'><strong><em>γωρισθῆναιε</em></strong></span> <span class='ocrx_word' id='word_1_253' title='bbox 896 3842 937 3851; x_wconf 92' lang='lat'><em>-</em></span> <span class='ocrx_word' id='word_1_254' title='bbox 1097 3808 1134 3870; x_wconf 87' lang='lat' dir='ltr'><strong><em>fr.</em></strong></span> <span class='ocrx_word' id='word_1_255' title='bbox 1151 3813 1202 3873; x_wconf 88' lang='grc'><strong><em>38.</em></strong></span> <span class='ocrx_word' id='word_1_256' title='bbox 1218 3817 1235 3887; x_wconf 93' lang='lat'><strong>5</strong></span> <span class='ocrx_word' id='word_1_257' title='bbox 1254 3813 1303 3873; x_wconf 98' lang='lat'><strong>14.</strong></span> <span class='ocrx_word' id='word_1_258' title='bbox 1332 3843 1982 3855; x_wconf 78' lang='lat'>--------</span> <span class='ocrx_word' id='word_1_259' title='bbox 2026 3805 2062 3867; x_wconf 81' lang='lat' dir='ltr'><strong><em>fr.</em></strong></span> <span class='ocrx_word' id='word_1_260' title='bbox 2079 3807 2131 3867; x_wconf 85' lang='lat'><strong>38.</strong></span> <span class='ocrx_word' id='word_1_261' title='bbox 2149 3811 2165 3882; x_wconf 90' lang='lat'><strong>5</strong></span> <span class='ocrx_word' id='word_1_262' title='bbox 2185 3806 2232 3865; x_wconf 90' lang='lat'><strong>14.</strong></span> 
     </span>
    </p>
   </div>
   <div class='ocr_carea' id='block_1_9' title="bbox 351 3944 2305 4443">
    <p class='ocr_par' dir='ltr' id='par_1_11' title="bbox 351 3944 2305 4443">
     <span class='ocr_line' id='line_1_24' title="bbox 351 3944 2305 3998; baseline -0.007 7"><span class='ocrx_word' id='word_1_263' title='bbox 351 3945 367 3998; x_wconf 86' lang='lat'><strong><em>&#39;.</em></strong></span> <span class='ocrx_word' id='word_1_264' title='bbox 492 3961 2233 3983; x_wconf 74' lang='grc'><strong>--------------------</strong></span> <span class='ocrx_word' id='word_1_265' title='bbox 2267 3944 2305 3993; x_wconf 83' lang='lat' dir='ltr'><strong><em>os.</em></strong></span> 
     </span>
     <span class='ocr_line' id='line_1_25' title="bbox 404 4031 2235 4126; baseline -0.007 -17"><span class='ocrx_word' id='word_1_266' title='bbox 404 4032 522 4117; x_wconf 55' lang='grc' dir='ltr'><strong><em>ἄγριον</em></strong></span> <span class='ocrx_word' id='word_1_267' title='bbox 549 4031 568 4108; x_wconf 70' lang='grc' dir='ltr'>ἢ</span> <span class='ocrx_word' id='word_1_268' title='bbox 590 4033 723 4116; x_wconf 64' lang='grc' dir='ltr'><strong><em>κάπρον</em></strong></span> <span class='ocrx_word' id='word_1_269' title='bbox 749 4033 912 4121; x_wconf 70' lang='grc' dir='ltr'><strong><em>δάρατον</em></strong></span> <span class='ocrx_word' id='word_1_270' title='bbox 939 4037 959 4115; x_wconf 73' lang='grc' dir='ltr'>ἢ</span> <span class='ocrx_word' id='word_1_271' title='bbox 982 4036 1082 4101; x_wconf 85' lang='grc' dir='ltr'><strong><em>λόκον</em></strong></span> <span class='ocrx_word' id='word_1_272' title='bbox 1103 4038 1306 4126; x_wconf 68' lang='grc' dir='ltr'><strong><em>ἣπανθῆρα</em></strong></span> <span class='ocrx_word' id='word_1_273' title='bbox 1332 4041 1462 4103; x_wconf 84' lang='lat' dir='ltr'><strong>ferocem</strong></span> <span class='ocrx_word' id='word_1_274' title='bbox 1485 4047 1538 4102; x_wconf 89' lang='lat' dir='ltr'><strong>aut</strong></span> <span class='ocrx_word' id='word_1_275' title='bbox 1560 4059 1668 4119; x_wconf 88' lang='lat' dir='ltr'><strong>aprum</strong></span> <span class='ocrx_word' id='word_1_276' title='bbox 1691 4048 1745 4100; x_wconf 88' lang='lat' dir='ltr'><strong>aut</strong></span> <span class='ocrx_word' id='word_1_277' title='bbox 1766 4059 1871 4101; x_wconf 88' lang='lat' dir='ltr'><strong>ursum</strong></span> <span class='ocrx_word' id='word_1_278' title='bbox 1891 4047 1945 4099; x_wconf 91' lang='lat' dir='ltr'><strong>aut</strong></span> <span class='ocrx_word' id='word_1_279' title='bbox 1966 4037 2072 4119; x_wconf 91' lang='lat' dir='ltr'><strong>lupum</strong></span> <span class='ocrx_word' id='word_1_280' title='bbox 2089 4046 2143 4099; x_wconf 89' lang='lat' dir='ltr'><strong>aut</strong></span> <span class='ocrx_word' id='word_1_281' title='bbox 2161 4057 2235 4117; x_wconf 86' lang='lat' dir='ltr'><strong>pan·</strong></span> 
     </span>
     <span class='ocr_line' id='line_1_26' title="bbox 405 4138 2235 4228; baseline 0 -26"><span class='ocrx_word' id='word_1_282' title='bbox 405 4138 424 4215; x_wconf 75' lang='grc' dir='ltr'>ἢ</span> <span class='ocrx_word' id='word_1_283' title='bbox 447 4139 566 4202; x_wconf 78' lang='grc' dir='ltr'><strong><em>λέοντα</em></strong></span> <span class='ocrx_word' id='word_1_284' title='bbox 588 4138 608 4216; x_wconf 74' lang='grc' dir='ltr'><strong><em>λ</em></strong></span> <span class='ocrx_word' id='word_1_285' title='bbox 635 4142 747 4225; x_wconf 73' lang='grc' dir='ltr'><strong><em>ἕτερον</em></strong></span> <span class='ocrx_word' id='word_1_286' title='bbox 773 4140 959 4226; x_wconf 73' lang='grc' dir='ltr'><strong><em>βλαπτικὸν</em></strong></span> <span class='ocrx_word' id='word_1_287' title='bbox 985 4145 1071 4224; x_wconf 81' lang='grc' dir='ltr'><strong><em>ζωον</em></strong></span> <span class='ocrx_word' id='word_1_288' title='bbox 1093 4146 1264 4228; x_wconf 72' lang='grc' dir='ltr'><strong><em>λελυμένον</em></strong></span> <span class='ocrx_word' id='word_1_289' title='bbox 1286 4147 1306 4225; x_wconf 71' lang='grc' dir='ltr'>ἢ</span> <span class='ocrx_word' id='word_1_290' title='bbox 1332 4148 1450 4210; x_wconf 87' lang='lat' dir='ltr'><strong>theram</strong></span> <span class='ocrx_word' id='word_1_291' title='bbox 1473 4154 1528 4209; x_wconf 88' lang='lat' dir='ltr'><strong>aut</strong></span> <span class='ocrx_word' id='word_1_292' title='bbox 1548 4144 1666 4208; x_wconf 88' lang='lat' dir='ltr'><strong>leonem</strong></span> <span class='ocrx_word' id='word_1_293' title='bbox 1690 4155 1743 4207; x_wconf 90' lang='lat' dir='ltr'><strong>aut</strong></span> <span class='ocrx_word' id='word_1_294' title='bbox 1766 4145 1893 4208; x_wconf 85' lang='lat' dir='ltr'><strong>alterum</strong></span> <span class='ocrx_word' id='word_1_295' title='bbox 1916 4164 2027 4206; x_wconf 88' lang='lat' dir='ltr'><strong>nocens</strong></span> <span class='ocrx_word' id='word_1_296' title='bbox 2050 4142 2164 4204; x_wconf 87' lang='lat' dir='ltr'><strong>animal</strong></span> <span class='ocrx_word' id='word_1_297' title='bbox 2188 4162 2235 4203; x_wconf 91' lang='lat' dir='ltr'><strong><em>so·</em></strong></span> 
     </span>
     <span class='ocr_line' id='line_1_27' title="bbox 404 4241 2235 4337; baseline 0 -28"><span class='ocrx_word' id='word_1_298' title='bbox 404 4242 447 4326; x_wconf 80' lang='grc' dir='ltr'><strong><em>μὴ</em></strong></span> <span class='ocrx_word' id='word_1_299' title='bbox 470 4241 577 4320; x_wconf 71' lang='grc' dir='ltr'><strong><em>οὕτως</em></strong></span> <span class='ocrx_word' id='word_1_300' title='bbox 599 4245 767 4328; x_wconf 68' lang='grc' dir='ltr'><strong><em>δεδεμένον</em></strong></span> <span class='ocrx_word' id='word_1_301' title='bbox 789 4246 869 4323; x_wconf 70' lang='lat' dir='ltr'><strong>dicta</strong></span> <span class='ocrx_word' id='word_1_302' title='bbox 890 4247 1124 4331; x_wconf 80' lang='grc' dir='ltr'><strong><em>μὴδύνασθαι</em></strong></span> <span class='ocrx_word' id='word_1_303' title='bbox 1146 4251 1307 4337; x_wconf 78' lang='grc' dir='ltr'><strong><em>βλάπτειν</em></strong></span> <span class='ocrx_word' id='word_1_304' title='bbox 1333 4254 1433 4317; x_wconf 88' lang='lat' dir='ltr'><strong>lutum</strong></span> <span class='ocrx_word' id='word_1_305' title='bbox 1455 4254 1519 4315; x_wconf 89' lang='lat' dir='ltr'><strong>sive</strong></span> <span class='ocrx_word' id='word_1_306' title='bbox 1541 4272 1601 4314; x_wconf 92' lang='lat' dir='ltr'><strong><em>non</em></strong></span> <span class='ocrx_word' id='word_1_307' title='bbox 1625 4253 1669 4314; x_wconf 88' lang='lat' dir='ltr'><strong><em>ita</em></strong></span> <span class='ocrx_word' id='word_1_308' title='bbox 1691 4252 1849 4330; x_wconf 82' lang='lat' dir='ltr'><strong>alligatum</strong></span> <span class='ocrx_word' id='word_1_309' title='bbox 1873 4260 1907 4312; x_wconf 89' lang='lat' dir='ltr'><strong><em>ut</em></strong></span> <span class='ocrx_word' id='word_1_310' title='bbox 1929 4251 2074 4312; x_wconf 89' lang='lat' dir='ltr'><strong>damnum</strong></span> <span class='ocrx_word' id='word_1_311' title='bbox 2089 4249 2162 4311; x_wconf 87' lang='lat' dir='ltr'><strong>dare</strong></span> <span class='ocrx_word' id='word_1_312' title='bbox 2185 4268 2235 4309; x_wconf 73' lang='lat' dir='ltr'><strong>ne-</strong></span> 
     </span>
     <span class='ocr_line' id='line_1_28' title="bbox 404 4350 2234 4443; baseline -0.009 -12"><span class='ocrx_word' id='word_1_313' title='bbox 404 4354 489 4429; x_wconf 51' lang='grc' dir='ltr'><strong><em>ἔχων</em></strong></span> <span class='ocrx_word' id='word_1_314' title='bbox 511 4355 545 4415; x_wconf 62' lang='lat'><strong><em>3¹¹</em></strong></span> <span class='ocrx_word' id='word_1_315' title='bbox 567 4350 712 4435; x_wconf 70' lang='grc' dir='ltr'><strong><em>δημοσία</em></strong></span> <span class='ocrx_word' id='word_1_316' title='bbox 734 4355 880 4438; x_wconf 81' lang='grc' dir='ltr'><strong><em>παρόδῳ.</em></strong></span> <span class='ocrx_word' id='word_1_317' title='bbox 1202 4360 1238 4422; x_wconf 80' lang='lat' dir='ltr'><strong><em>fr.</em></strong></span> <span class='ocrx_word' id='word_1_318' title='bbox 1254 4364 1305 4422; x_wconf 97' lang='lat'><strong>41.</strong></span> <span class='ocrx_word' id='word_1_319' title='bbox 1333 4370 1424 4443; x_wconf 85' lang='lat' dir='ltr'><strong>queat</strong></span> <span class='ocrx_word' id='word_1_320' title='bbox 1445 4359 1561 4421; x_wconf 90' lang='lat' dir='ltr'><strong>babens</strong></span> <span class='ocrx_word' id='word_1_321' title='bbox 1583 4379 1645 4440; x_wconf 87' lang='lat' dir='ltr'><strong>qua</strong></span> <span class='ocrx_word' id='word_1_322' title='bbox 1666 4359 1787 4440; x_wconf 89' lang='lat' dir='ltr'><strong>publice</strong></span> <span class='ocrx_word' id='word_1_323' title='bbox 1809 4360 1866 4420; x_wconf 88' lang='lat' dir='ltr'><strong>iter</strong></span> <span class='ocrx_word' id='word_1_324' title='bbox 1886 4358 1929 4419; x_wconf 83' lang='lat' dir='ltr'><strong><em>fir.</em></strong></span> <span class='ocrx_word' id='word_1_325' title='bbox 2130 4354 2166 4417; x_wconf 83' lang='lat' dir='ltr'><strong><em>fr.</em></strong></span> <span class='ocrx_word' id='word_1_326' title='bbox 2183 4357 2234 4415; x_wconf 91' lang='lat'><strong><em>41.</em></strong></span> 
     </span>
    </p>
   </div>
   <div class='ocr_carea' id='block_1_10' title="bbox 351 4476 2313 4784">
    <p class='ocr_par' dir='ltr' id='par_1_12' title="bbox 351 4476 2313 4784">
     <span class='ocr_line' id='line_1_29' title="bbox 351 4476 2313 4567; baseline 0.002 -28"><span class='ocrx_word' id='word_1_327' title='bbox 351 4496 368 4548; x_wconf 79' lang='lat'><strong><em>¹,</em></strong></span> <span class='ocrx_word' id='word_1_328' title='bbox 471 4476 511 4540; x_wconf 76' lang='grc' dir='ltr'><strong><em>Εἰ</em></strong></span> <span class='ocrx_word' id='word_1_329' title='bbox 534 4476 722 4563; x_wconf 88' lang='grc' dir='ltr'><strong><em>ἀνθρωπος</em></strong></span> <span class='ocrx_word' id='word_1_330' title='bbox 737 4479 911 4567; x_wconf 71' lang='grc' dir='ltr'><strong><em>ἐλεύθερος</em></strong></span> <span class='ocrx_word' id='word_1_331' title='bbox 927 4486 962 4546; x_wconf 85' lang='grc' dir='ltr'><strong><em>ἐκ</em></strong></span> <span class='ocrx_word' id='word_1_332' title='bbox 976 4482 1099 4547; x_wconf 78' lang='grc' dir='ltr'><strong><em>τούτου</em></strong></span> <span class='ocrx_word' id='word_1_333' title='bbox 1114 4484 1305 4565; x_wconf 79' lang='grc' dir='ltr'><strong><em>τελευτήσει,</em></strong></span> <span class='ocrx_word' id='word_1_334' title='bbox 1399 4483 1433 4546; x_wconf 88' lang='lat' dir='ltr'><strong>Si</strong></span> <span class='ocrx_word' id='word_1_335' title='bbox 1455 4484 1545 4545; x_wconf 92' lang='lat' dir='ltr'><strong>homo</strong></span> <span class='ocrx_word' id='word_1_336' title='bbox 1566 4483 1644 4547; x_wconf 85' lang='lat' dir='ltr'><strong>liber</strong></span> <span class='ocrx_word' id='word_1_337' title='bbox 1669 4484 1738 4546; x_wconf 93' lang='lat' dir='ltr'><strong>ideo</strong></span> <span class='ocrx_word' id='word_1_338' title='bbox 1764 4493 1901 4545; x_wconf 88' lang='lat' dir='ltr'><strong>mortuus</strong></span> <span class='ocrx_word' id='word_1_339' title='bbox 1925 4483 1971 4557; x_wconf 71' lang='lat' dir='ltr'><strong>sit,</strong></span> <span class='ocrx_word' id='word_1_340' title='bbox 1999 4482 2146 4544; x_wconf 85' lang='lat' dir='ltr'><strong>ducentos</strong></span> <span class='ocrx_word' id='word_1_341' title='bbox 2169 4480 2236 4542; x_wconf 85' lang='lat' dir='ltr'><strong>soli·</strong></span> <span class='ocrx_word' id='word_1_342' title='bbox 2271 4495 2313 4545; x_wconf 83' lang='lat'><strong>40.</strong></span> 
     </span>
     <span class='ocr_line' id='line_1_30' title="bbox 405 4582 2235 4673; baseline 0.002 -27"><span class='ocrx_word' id='word_1_343' title='bbox 405 4582 564 4647; x_wconf 81' lang='grc' dir='ltr'><strong><em>διακόσια</em></strong></span> <span class='ocrx_word' id='word_1_344' title='bbox 601 4587 792 4668; x_wconf 83' lang='grc' dir='ltr'><strong><em>νομίσματα</em></strong></span> <span class='ocrx_word' id='word_1_345' title='bbox 829 4587 979 4653; x_wconf 86' lang='grc' dir='ltr'><strong><em>δίδωσιν·</em></strong></span> <span class='ocrx_word' id='word_1_346' title='bbox 1018 4596 1045 4654; x_wconf 79' lang='grc' dir='ltr'><strong><em>ελ</em></strong></span> <span class='ocrx_word' id='word_1_347' title='bbox 1083 4590 1118 4655; x_wconf 78' lang='grc' dir='ltr'><strong><em>δὲ</em></strong></span> <span class='ocrx_word' id='word_1_348' title='bbox 1155 4590 1198 4673; x_wconf 80' lang='grc' dir='ltr'><strong><em>μὴ</em></strong></span> <span class='ocrx_word' id='word_1_349' title='bbox 1230 4593 1306 4656; x_wconf 82' lang='grc' dir='ltr'><strong><em>ἀπὲ-</em></strong></span> <span class='ocrx_word' id='word_1_350' title='bbox 1332 4592 1387 4654; x_wconf 88' lang='lat' dir='ltr'><strong><em>dos</em></strong></span> <span class='ocrx_word' id='word_1_351' title='bbox 1410 4592 1472 4654; x_wconf 90' lang='lat' dir='ltr'><strong>det:</strong></span> <span class='ocrx_word' id='word_1_352' title='bbox 1505 4593 1530 4653; x_wconf 90' lang='lat' dir='ltr'><strong>si</strong></span> <span class='ocrx_word' id='word_1_353' title='bbox 1561 4612 1622 4653; x_wconf 91' lang='lat' dir='ltr'><strong><em>non</em></strong></span> <span class='ocrx_word' id='word_1_354' title='bbox 1650 4591 1689 4652; x_wconf 86' lang='lat' dir='ltr'><strong>sit</strong></span> <span class='ocrx_word' id='word_1_355' title='bbox 1711 4600 1857 4664; x_wconf 87' lang='lat' dir='ltr'><strong>mortuus,</strong></span> <span class='ocrx_word' id='word_1_356' title='bbox 1889 4590 1942 4651; x_wconf 90' lang='lat' dir='ltr'><strong><em>sod</em></strong></span> <span class='ocrx_word' id='word_1_357' title='bbox 1973 4590 2001 4651; x_wconf 93' lang='lat' dir='ltr'><strong><em>ei</em></strong></span> <span class='ocrx_word' id='word_1_358' title='bbox 2027 4589 2161 4651; x_wconf 88' lang='lat' dir='ltr'><strong>nocitum</strong></span> <span class='ocrx_word' id='word_1_359' title='bbox 2188 4588 2235 4661; x_wconf 85' lang='lat' dir='ltr'><strong>sit,</strong></span> 
     </span>
     <span class='ocr_line' id='line_1_31' title="bbox 406 4689 2235 4784; baseline 0.001 -31"><span class='ocrx_word' id='word_1_360' title='bbox 406 4689 527 4771; x_wconf 87' lang='grc' dir='ltr'><strong><em>θάνεν,</em></strong></span> <span class='ocrx_word' id='word_1_361' title='bbox 555 4691 627 4754; x_wconf 84' lang='grc' dir='ltr'><strong><em>ἀλλ’</em></strong></span> <span class='ocrx_word' id='word_1_362' title='bbox 657 4691 796 4778; x_wconf 77' lang='grc' dir='ltr'><strong><em>ἐβλάβη,</em></strong></span> <span class='ocrx_word' id='word_1_363' title='bbox 824 4700 868 4770; x_wconf 74' lang='grc' dir='ltr'><strong><em>εἰς</em></strong></span> <span class='ocrx_word' id='word_1_364' title='bbox 894 4693 934 4760; x_wconf 84' lang='grc' dir='ltr'><strong><em>τό</em></strong></span> <span class='ocrx_word' id='word_1_365' title='bbox 961 4695 1005 4779; x_wconf 80' lang='grc' dir='ltr'><strong><em>μὴ</em></strong></span> <span class='ocrx_word' id='word_1_366' title='bbox 1033 4698 1236 4784; x_wconf 83' lang='grc' dir='ltr'><strong><em>φαινόμενον</em></strong></span> <span class='ocrx_word' id='word_1_367' title='bbox 1259 4702 1306 4780; x_wconf 81' lang='grc' dir='ltr'><strong><em>τῷ</em></strong></span> <span class='ocrx_word' id='word_1_368' title='bbox 1332 4699 1365 4761; x_wconf 87' lang='lat' dir='ltr'><strong>in</strong></span> <span class='ocrx_word' id='word_1_369' title='bbox 1387 4699 1419 4760; x_wconf 92' lang='lat' dir='ltr'><strong>id</strong></span> <span class='ocrx_word' id='word_1_370' title='bbox 1440 4698 1521 4780; x_wconf 90' lang='lat' dir='ltr'><strong>quod</strong></span> <span class='ocrx_word' id='word_1_371' title='bbox 1544 4698 1630 4761; x_wconf 87' lang='lat' dir='ltr'><strong>abest</strong></span> <span class='ocrx_word' id='word_1_372' title='bbox 1653 4717 1672 4758; x_wconf 90' lang='lat' dir='ltr'><strong>a</strong></span> <span class='ocrx_word' id='word_1_373' title='bbox 1694 4697 1793 4759; x_wconf 90' lang='lat' dir='ltr'><strong>iudice</strong></span> <span class='ocrx_word' id='word_1_374' title='bbox 1816 4696 2044 4758; x_wconf 84' lang='lat' dir='ltr'><strong>condemnetur:</strong></span> <span class='ocrx_word' id='word_1_375' title='bbox 2068 4704 2235 4757; x_wconf 84' lang='lat' dir='ltr'><strong>ceterarum</strong></span> 
     </span>
    </p>
   </div>
   <div class='ocr_carea' id='block_1_11' title="bbox 405 4795 2235 4991">
    <p class='ocr_par' dir='ltr' id='par_1_13' title="bbox 405 4795 2235 4991">
     <span class='ocr_line' id='line_1_32' title="bbox 405 4795 2235 4890; baseline 0.001 -30"><span class='ocrx_word' id='word_1_376' title='bbox 405 4795 547 4884; x_wconf 83' lang='grc' dir='ltr'><strong><em>δικαστῇ</em></strong></span> <span class='ocrx_word' id='word_1_377' title='bbox 569 4797 840 4881; x_wconf 78' lang='grc' dir='ltr'><strong><em>καταδικάζεται·</em></strong></span> <span class='ocrx_word' id='word_1_378' title='bbox 863 4813 931 4866; x_wconf 79' lang='grc' dir='ltr'><strong><em>τῶν</em></strong></span> <span class='ocrx_word' id='word_1_379' title='bbox 954 4803 988 4866; x_wconf 83' lang='grc' dir='ltr'><strong><em>δὲ</em></strong></span> <span class='ocrx_word' id='word_1_380' title='bbox 1010 4804 1134 4867; x_wconf 81' lang='grc' dir='ltr'><strong><em>λοιπῶν</em></strong></span> <span class='ocrx_word' id='word_1_381' title='bbox 1156 4806 1307 4890; x_wconf 85' lang='grc' dir='ltr'><strong><em>πραγμά·</em></strong></span> <span class='ocrx_word' id='word_1_382' title='bbox 1332 4826 1433 4868; x_wconf 88' lang='lat' dir='ltr'><strong>rerum</strong></span> <span class='ocrx_word' id='word_1_383' title='bbox 1455 4805 1583 4886; x_wconf 88' lang='lat' dir='ltr'><strong>duplum</strong></span> <span class='ocrx_word' id='word_1_384' title='bbox 1605 4805 1711 4886; x_wconf 89' lang='lat' dir='ltr'><strong>quanti</strong></span> <span class='ocrx_word' id='word_1_385' title='bbox 1733 4804 1878 4866; x_wconf 90' lang='lat' dir='ltr'><strong>damnum</strong></span> <span class='ocrx_word' id='word_1_386' title='bbox 1902 4803 2021 4887; x_wconf 87' lang='lat' dir='ltr'><strong>[datum</strong></span> <span class='ocrx_word' id='word_1_387' title='bbox 2044 4799 2105 4884; x_wconf 89' lang='lat' dir='ltr'><strong>est]</strong></span> <span class='ocrx_word' id='word_1_388' title='bbox 2128 4801 2235 4863; x_wconf 85' lang='lat' dir='ltr'><strong>solvat</strong></span> 
     </span>
     <span class='ocr_line' id='line_1_33' title="bbox 405 4902 2235 4991; baseline -0.001 -24"><span class='ocrx_word' id='word_1_389' title='bbox 405 4926 472 4967; x_wconf 90' lang='grc' dir='ltr'><strong><em>των</em></strong></span> <span class='ocrx_word' id='word_1_390' title='bbox 495 4902 611 4981; x_wconf 82' lang='grc' dir='ltr'><strong><em>διπλῆν</em></strong></span> <span class='ocrx_word' id='word_1_391' title='bbox 634 4903 750 4969; x_wconf 78' lang='grc' dir='ltr'><strong><em>δίδωσι</em></strong></span> <span class='ocrx_word' id='word_1_392' title='bbox 773 4905 835 4985; x_wconf 80' lang='grc' dir='ltr'><strong><em>τὴν</em></strong></span> <span class='ocrx_word' id='word_1_393' title='bbox 857 4910 986 4991; x_wconf 75' lang='grc' dir='ltr'><strong><em>ζημίανε</em></strong></span> <span class='ocrx_word' id='word_1_394' title='bbox 1004 4908 1066 4957; x_wconf 82' lang='lat'><strong><em>-⁴</em></strong></span> <span class='ocrx_word' id='word_1_395' title='bbox 1203 4913 1238 4973; x_wconf 86' lang='lat' dir='ltr'><strong><em>fr.</em></strong></span> <span class='ocrx_word' id='word_1_396' title='bbox 1254 4915 1306 4974; x_wconf 84' lang='lat'><strong>42.</strong></span> <span class='ocrx_word' id='word_1_397' title='bbox 2132 4905 2168 4969; x_wconf 85' lang='lat' dir='ltr'><strong><em>fr.</em></strong></span> <span class='ocrx_word' id='word_1_398' title='bbox 2185 4909 2235 4967; x_wconf 88' lang='grc'><strong><em>32.</em></strong></span> 
     </span>
    </p>
   </div>
   <div class='ocr_carea' id='block_1_12' title="bbox 405 5027 2236 5432">
    <p class='ocr_par' dir='ltr' id='par_1_14' title="bbox 405 5027 2236 5333">
     <span class='ocr_line' id='line_1_34' title="bbox 469 5027 2236 5122; baseline -0.001 -29"><span class='ocrx_word' id='word_1_399' title='bbox 469 5027 502 5093; x_wconf 86' lang='lat' dir='ltr'><strong><em>‘O</em></strong></span> <span class='ocrx_word' id='word_1_400' title='bbox 533 5033 574 5116; x_wconf 81' lang='grc' dir='ltr'><strong><em>τῇ</em></strong></span> <span class='ocrx_word' id='word_1_401' title='bbox 606 5036 817 5119; x_wconf 71' lang='grc' dir='ltr'><strong><em>παραγραφῇ</em></strong></span> <span class='ocrx_word' id='word_1_402' title='bbox 848 5043 916 5096; x_wconf 82' lang='grc' dir='ltr'><strong><em>τῶν</em></strong></span> <span class='ocrx_word' id='word_1_403' title='bbox 947 5031 981 5116; x_wconf 76' lang='grc' dir='ltr'><strong><em>ἓξ</em></strong></span> <span class='ocrx_word' id='word_1_404' title='bbox 1007 5045 1118 5115; x_wconf 82' lang='grc' dir='ltr'><strong><em>μηνῶν</em></strong></span> <span class='ocrx_word' id='word_1_405' title='bbox 1144 5047 1203 5113; x_wconf 76' lang='grc' dir='ltr'><strong><em>τῆς</em></strong></span> <span class='ocrx_word' id='word_1_406' title='bbox 1235 5035 1306 5122; x_wconf 79' lang='grc' dir='ltr'><strong><em>περὶ</em></strong></span> <span class='ocrx_word' id='word_1_407' title='bbox 1400 5037 1464 5115; x_wconf 73' lang='lat' dir='ltr'><strong>Qui</strong></span> <span class='ocrx_word' id='word_1_408' title='bbox 1486 5057 1540 5098; x_wconf 86' lang='lat' dir='ltr'><strong>sex</strong></span> <span class='ocrx_word' id='word_1_409' title='bbox 1554 5037 1703 5099; x_wconf 92' lang='lat' dir='ltr'><strong>mensium</strong></span> <span class='ocrx_word' id='word_1_410' title='bbox 1717 5036 1895 5117; x_wconf 84' lang='lat' dir='ltr'><strong>exceptione</strong></span> <span class='ocrx_word' id='word_1_411' title='bbox 1908 5033 2103 5097; x_wconf 89' lang='lat' dir='ltr'><strong>redhibitoria</strong></span> <span class='ocrx_word' id='word_1_412' title='bbox 2118 5033 2236 5093; x_wconf 89' lang='lat' dir='ltr'><strong>actione</strong></span> 
     </span>
     <span class='ocr_line' id='line_1_35' title="bbox 406 5136 2236 5225; baseline -0.001 -25"><span class='ocrx_word' id='word_1_413' title='bbox 406 5136 626 5222; x_wconf 79' lang='grc' dir='ltr'><strong><em>ἀναστροφῆς</em></strong></span> <span class='ocrx_word' id='word_1_414' title='bbox 670 5139 802 5219; x_wconf 69' lang='grc' dir='ltr'><strong><em>ἀγωγῆς</em></strong></span> <span class='ocrx_word' id='word_1_415' title='bbox 841 5137 1017 5223; x_wconf 76' lang='grc' dir='ltr'><strong><em>ἐκβληθεὶς</em></strong></span> <span class='ocrx_word' id='word_1_416' title='bbox 1064 5140 1204 5206; x_wconf 85' lang='grc' dir='ltr'><strong><em>δύναται</em></strong></span> <span class='ocrx_word' id='word_1_417' title='bbox 1247 5142 1308 5220; x_wconf 78' lang='grc' dir='ltr'><strong><em>τὴν</em></strong></span> <span class='ocrx_word' id='word_1_418' title='bbox 1334 5143 1473 5225; x_wconf 90' lang='lat' dir='ltr'><strong>repulsus</strong></span> <span class='ocrx_word' id='word_1_419' title='bbox 1505 5154 1552 5205; x_wconf 88' lang='grc' dir='ltr'><strong><em>εει</em></strong></span> <span class='ocrx_word' id='word_1_420' title='bbox 1582 5152 1682 5225; x_wconf 89' lang='lat' dir='ltr'><strong>potest</strong></span> <span class='ocrx_word' id='word_1_421' title='bbox 1709 5143 1914 5205; x_wconf 87' lang='lat' dir='ltr'><strong>aestimatoria</strong></span> <span class='ocrx_word' id='word_1_422' title='bbox 1940 5142 2022 5203; x_wconf 89' lang='lat' dir='ltr'><strong>intra</strong></span> <span class='ocrx_word' id='word_1_423' title='bbox 2049 5160 2163 5201; x_wconf 91' lang='lat' dir='ltr'><strong>aunum</strong></span> <span class='ocrx_word' id='word_1_424' title='bbox 2186 5159 2236 5200; x_wconf 86' lang='lat' dir='ltr'><strong>ex·</strong></span> 
     </span>
     <span class='ocr_line' id='line_1_36' title="bbox 405 5240 2235 5333; baseline 0.01 -29"><span class='ocrx_word' id='word_1_425' title='bbox 405 5250 563 5325; x_wconf 84' lang='grc' dir='ltr'><strong><em>μειοῦσαν</em></strong></span> <span class='ocrx_word' id='word_1_426' title='bbox 584 5240 624 5307; x_wconf 84' lang='grc' dir='ltr'><strong><em>τό</em></strong></span> <span class='ocrx_word' id='word_1_427' title='bbox 647 5244 772 5328; x_wconf 86' lang='grc' dir='ltr'><strong><em>τίμημα</em></strong></span> <span class='ocrx_word' id='word_1_428' title='bbox 794 5255 894 5309; x_wconf 85' lang='grc' dir='ltr'><strong><em>κινεῖν</em></strong></span> <span class='ocrx_word' id='word_1_429' title='bbox 916 5250 993 5311; x_wconf 77' lang='grc' dir='ltr'><strong><em>εἵσω</em></strong></span> <span class='ocrx_word' id='word_1_430' title='bbox 1016 5252 1180 5312; x_wconf 79' lang='grc' dir='ltr'><strong><em>ὲνιαυτοῦι</em></strong></span> <span class='ocrx_word' id='word_1_431' title='bbox 1197 5248 1256 5297; x_wconf 80' lang='lat'><strong><em>—⁶</em></strong></span> <span class='ocrx_word' id='word_1_432' title='bbox 1334 5252 1434 5333; x_wconf 88' lang='lat' dir='ltr'><strong>periri.</strong></span> <span class='ocrx_word' id='word_1_433' title='bbox 2054 5245 2089 5309; x_wconf 79' lang='lat' dir='ltr'><strong><em>fr·</em></strong></span> <span class='ocrx_word' id='word_1_434' title='bbox 2104 5249 2156 5309; x_wconf 79' lang='lat'><strong><em>48·</em></strong></span> <span class='ocrx_word' id='word_1_435' title='bbox 2173 5251 2189 5322; x_wconf 63' lang='grc' dir='ltr'><strong>ἕ</strong></span> <span class='ocrx_word' id='word_1_436' title='bbox 2207 5247 2235 5306; x_wconf 77' lang='lat'><strong><em>2·</em></strong></span> 
     </span>
    </p>

    <p class='ocr_par' dir='ltr' id='par_1_15' title="bbox 1128 5354 1308 5432">
     <span class='ocr_line' id='line_1_37' title="bbox 1128 5354 1308 5432; baseline 0 -16"><span class='ocrx_word' id='word_1_437' title='bbox 1128 5354 1164 5416; x_wconf 76' lang='lat' dir='ltr'><strong><em>fr.</em></strong></span> <span class='ocrx_word' id='word_1_438' title='bbox 1179 5358 1231 5418; x_wconf 83' lang='lat'><strong>48.</strong></span> <span class='ocrx_word' id='word_1_439' title='bbox 1247 5361 1264 5432; x_wconf 81' lang='grc' dir='ltr'><strong><em>ς</em></strong></span> <span class='ocrx_word' id='word_1_440' title='bbox 1280 5358 1308 5417; x_wconf 87' lang='lat'><strong>2.</strong></span> 
     </span>
    </p>
   </div>
   <div class='ocr_carea' id='block_1_13' title="bbox 238 5471 2236 5674">
    <p class='ocr_par' dir='ltr' id='par_1_16' title="bbox 238 5471 2236 5674">
     <span class='ocr_line' id='line_1_38' title="bbox 238 5471 2236 5567; baseline -0.003 -22"><span class='ocrx_word' id='word_1_441' title='bbox 238 5491 287 5560; x_wconf 75' lang='lat' dir='ltr'><strong><em>sot</em></strong></span> <span class='ocrx_word' id='word_1_442' title='bbox 300 5494 369 5544; x_wconf 68' lang='grc' dir='ltr'><strong><em>ειν.</em></strong></span> <span class='ocrx_word' id='word_1_443' title='bbox 470 5472 503 5538; x_wconf 89' lang='grc' dir='ltr'><strong>Ὁ</strong></span> <span class='ocrx_word' id='word_1_444' title='bbox 541 5471 709 5555; x_wconf 69' lang='grc' dir='ltr'><strong><em>δεδεμένον</em></strong></span> <span class='ocrx_word' id='word_1_445' title='bbox 740 5477 939 5562; x_wconf 87' lang='grc' dir='ltr'><strong><em>πιπράσκων</em></strong></span> <span class='ocrx_word' id='word_1_446' title='bbox 972 5479 1033 5557; x_wconf 77' lang='grc' dir='ltr'><strong><em>οὐχ</em></strong></span> <span class='ocrx_word' id='word_1_447' title='bbox 1065 5478 1235 5543; x_wconf 85' lang='grc' dir='ltr'><strong><em>ὑπόκειται</em></strong></span> <span class='ocrx_word' id='word_1_448' title='bbox 1267 5483 1309 5566; x_wconf 80' lang='grc' dir='ltr'><strong><em>τῇ</em></strong></span> <span class='ocrx_word' id='word_1_449' title='bbox 1402 5483 1465 5561; x_wconf 73' lang='lat' dir='ltr'><strong>Qui</strong></span> <span class='ocrx_word' id='word_1_450' title='bbox 1489 5481 1635 5567; x_wconf 87' lang='lat' dir='ltr'><strong>[servum]</strong></span> <span class='ocrx_word' id='word_1_451' title='bbox 1658 5483 1692 5543; x_wconf 90' lang='lat' dir='ltr'><strong>in</strong></span> <span class='ocrx_word' id='word_1_452' title='bbox 1712 5481 1843 5543; x_wconf 83' lang='lat' dir='ltr'><strong>vinculis</strong></span> <span class='ocrx_word' id='word_1_453' title='bbox 1865 5480 1969 5543; x_wconf 87' lang='lat' dir='ltr'><strong>vendit</strong></span> <span class='ocrx_word' id='word_1_454' title='bbox 1983 5500 2044 5542; x_wconf 91' lang='lat' dir='ltr'><strong><em>non</em></strong></span> <span class='ocrx_word' id='word_1_455' title='bbox 2065 5487 2185 5541; x_wconf 84' lang='lat' dir='ltr'><strong>tenetur</strong></span> <span class='ocrx_word' id='word_1_456' title='bbox 2198 5479 2236 5540; x_wconf 87' lang='lat' dir='ltr'><strong>de</strong></span> 
     </span>
     <span class='ocr_line' id='line_1_39' title="bbox 408 5577 2234 5674; baseline -0.006 -17"><span class='ocrx_word' id='word_1_457' title='bbox 408 5577 481 5665; x_wconf 60' lang='lat'><strong><em>⁷1⁸(12</em></strong></span> <span class='ocrx_word' id='word_1_458' title='bbox 504 5591 612 5666; x_wconf 68' lang='grc' dir='ltr'><strong><em>φυγῆς</em></strong></span> <span class='ocrx_word' id='word_1_459' title='bbox 638 5582 768 5670; x_wconf 81' lang='grc' dir='ltr'><strong><em>ἀγωγῇ·</em></strong></span> <span class='ocrx_word' id='word_1_460' title='bbox 795 5584 904 5666; x_wconf 85' lang='grc' dir='ltr'><strong><em>μεῖζον</em></strong></span> <span class='ocrx_word' id='word_1_461' title='bbox 931 5585 997 5668; x_wconf 93' lang='grc' dir='ltr'><strong><em>γάρ</em></strong></span> <span class='ocrx_word' id='word_1_462' title='bbox 1025 5589 1095 5653; x_wconf 78' lang='grc' dir='ltr'><strong><em>ἐστι</em></strong></span> <span class='ocrx_word' id='word_1_463' title='bbox 1124 5594 1225 5649; x_wconf 84' lang='grc' dir='ltr'><strong><em>τοῦτο</em></strong></span> <span class='ocrx_word' id='word_1_464' title='bbox 1248 5595 1310 5650; x_wconf 84' lang='grc' dir='ltr'><strong><em>τοῦ</em></strong></span> <span class='ocrx_word' id='word_1_465' title='bbox 1335 5589 1409 5670; x_wconf 79' lang='lat' dir='ltr'><strong>fuga</strong></span> <span class='ocrx_word' id='word_1_466' title='bbox 1441 5588 1534 5674; x_wconf 92' lang='lat' dir='ltr'><strong>[eius]</strong></span> <span class='ocrx_word' id='word_1_467' title='bbox 1567 5591 1698 5652; x_wconf 88' lang='lat' dir='ltr'><strong>actione:</strong></span> <span class='ocrx_word' id='word_1_468' title='bbox 1729 5590 1827 5670; x_wconf 85' lang='lat' dir='ltr'><strong>magis</strong></span> <span class='ocrx_word' id='word_1_469' title='bbox 1858 5597 1905 5650; x_wconf 90' lang='lat' dir='ltr'><strong>est</strong></span> <span class='ocrx_word' id='word_1_470' title='bbox 1935 5588 2016 5650; x_wconf 91' lang='lat' dir='ltr'><strong>enim</strong></span> <span class='ocrx_word' id='word_1_471' title='bbox 2042 5586 2074 5647; x_wconf 90' lang='lat' dir='ltr'><strong>id</strong></span> <span class='ocrx_word' id='word_1_472' title='bbox 2107 5584 2234 5670; x_wconf 84' lang='lat' dir='ltr'><strong>[facore]</strong></span> 
     </span>
    </p>
   </div>
   <div class='ocr_carea' id='block_1_14' title="bbox 406 5774 1308 6024">
    <p class='ocr_par' dir='ltr' id='par_1_17' title="bbox 406 5774 1308 6024">
     <span class='ocr_line' id='line_1_40' title="bbox 479 5774 1308 5850; baseline 0.007 -21"><span class='ocrx_word' id='word_1_473' title='bbox 479 5776 489 5808; x_wconf 84' lang='lat'>¹</span> <span class='ocrx_word' id='word_1_474' title='bbox 506 5774 623 5847; x_wconf 88' lang='lat' dir='ltr'><strong>hucusq.</strong></span> <span class='ocrx_word' id='word_1_475' title='bbox 642 5775 709 5848; x_wconf 77' lang='lat' dir='ltr'><strong>Syn.</strong></span> <span class='ocrx_word' id='word_1_476' title='bbox 799 5778 810 5811; x_wconf 87' lang='lat'><strong>¹</strong></span> <span class='ocrx_word' id='word_1_477' title='bbox 828 5778 907 5850; x_wconf 81' lang='lat' dir='ltr'><strong>Sym:</strong></span> <span class='ocrx_word' id='word_1_478' title='bbox 930 5779 1006 5835; x_wconf 85' lang='lat' dir='ltr'><strong>Male</strong></span> <span class='ocrx_word' id='word_1_479' title='bbox 1027 5779 1098 5835; x_wconf 83' lang='lat' dir='ltr'><strong>haec</strong></span> <span class='ocrx_word' id='word_1_480' title='bbox 1115 5780 1170 5835; x_wconf 85' lang='lat' dir='ltr'><strong>alio</strong></span> <span class='ocrx_word' id='word_1_481' title='bbox 1188 5780 1250 5835; x_wconf 88' lang='lat' dir='ltr'><strong>loco</strong></span> <span class='ocrx_word' id='word_1_482' title='bbox 1267 5797 1308 5836; x_wconf 85' lang='lat' dir='ltr'><strong>re·</strong></span> 
     </span>
     <span class='ocr_line' id='line_1_41' title="bbox 406 5862 1308 6010; baseline 0.007 -91"><span class='ocrx_word' id='word_1_483' title='bbox 406 5862 548 6010; x_wconf 57' lang='lat' dir='ltr'><strong>feruntsh&#39;.</strong></span> <span class='ocrx_word' id='word_1_484' title='bbox 566 5863 623 5920; x_wconf 89' lang='lat' dir='ltr'><strong><em>Hb.</em></strong></span> <span class='ocrx_word' id='word_1_485' title='bbox 695 5865 707 5898; x_wconf 85' lang='lat'>⁸</span> <span class='ocrx_word' id='word_1_486' title='bbox 724 5866 773 5922; x_wconf 93' lang='lat' dir='ltr'><strong>lib.</strong></span> <span class='ocrx_word' id='word_1_487' title='bbox 792 5867 825 5923; x_wconf 78' lang='lat' dir='ltr'><strong><em>dc</em></strong></span> <span class='ocrx_word' id='word_1_488' title='bbox 842 5869 942 5923; x_wconf 76' lang='lat' dir='ltr'><strong>octaba.</strong></span> <span class='ocrx_word' id='word_1_489' title='bbox 960 5887 988 5940; x_wconf 94' lang='lat' dir='ltr'><strong><em>p.</em></strong></span> <span class='ocrx_word' id='word_1_490' title='bbox 1002 5874 1045 5924; x_wconf 78' lang='lat' dir='ltr'><strong><em>ot.</em></strong></span> <span class='ocrx_word' id='word_1_491' title='bbox 1112 5869 1124 5901; x_wconf 91' lang='lat'><strong>⁴</strong></span> <span class='ocrx_word' id='word_1_492' title='bbox 1141 5869 1222 5924; x_wconf 91' lang='lat' dir='ltr'><strong>simil.</strong></span> <span class='ocrx_word' id='word_1_493' title='bbox 1242 5867 1308 5941; x_wconf 82' lang='lat' dir='ltr'><strong>Syn.</strong></span> 
     </span>
     <span class='ocr_line' id='line_1_42' title="bbox 526 5970 574 6024; baseline 0 -16"><span class='ocrx_word' id='word_1_494' title='bbox 526 5970 574 6024; x_wconf 85' lang='lat' dir='ltr'><strong><em>yn.</em></strong></span> 
     </span>
    </p>
   </div>
   <div class='ocr_carea' id='block_1_15' title="bbox 0 0 2507 7012">
    <p class='ocr_par' dir='ltr' id='par_1_18' title="bbox 0 0 2507 7012">
     <span class='ocr_line' id='line_1_43' title="bbox 0 0 2507 7012; baseline 0 0"><span class='ocrx_word' id='word_1_495' title='bbox 0 0 2507 7012; x_wconf 95' lang='lat' dir='ltr'><strong><em> </em></strong></span> 
     </span>
    </p>
   </div>
  </div>
 </body>
</html>
