4978 7018
876 466 1031 542 LIBER
1052 467 1191 541 XXXV.
1228 467 1317 541 mr.
1340 469 1381 540 X
1404 468 1464 541 x1.
2045 472 2087 542 49

318 647 392 718 Ἐἀν
415 654 462 735 τῷ
486 651 612 739 ὑστέρῳ
636 655 825 719 τελευτῶντι
842 667 909 719 τῶν
924 661 1009 739 ίμῶν
1024 658 1159 744 ἀνήβων
1252 659 1286 721 Si
1308 659 1336 719 ei
1358 658 1413 739 qui
1434 678 1592 739 supremus
1615 667 1780 721 moreretur
1801 678 1840 719 ex
1857 658 1926 720 filiis
1945 660 2020 721 meis
2035 660 2088 720 im·

254 761 524 838 circumactione
558 784 594 826 σε
621 761 678 825 καί
707 760 778 844 ἀμα
806 764 1056 845 τελευτήσωσιν,
1086 768 1157 829 ἑκα-
1185 765 1350 845 puberibus
1372 767 1554 828 substituero
1577 776 1606 828 te
1628 776 1659 828 et
1681 765 1770 827 simul
1798 766 1990 840 decesserint,
2016 766 2089 827 utri·

253 871 352 953 τίρον
374 870 447 955 γίνη
475 869 694 951 κληρονόμος·
723 871 908 944 τελευταῖος
935 867 1001 954 γάρ
1030 871 1156 953 λέγεται
1185 893 1243 953 que
1275 873 1360 934 heres
1394 874 1465 935 eris:
1501 893 1660 953 supremus
1691 873 1771 934 enim
1806 882 1853 934 est
1884 872 1938 953 qui
1968 872 2087 933 nullum

254 976 272 1037 ό
296 974 339 1056 μή
362 978 447 1053 ἔχων
470 973 530 1038 τόν
553 975 838 1061 προλαμβάνοντα
852 975 917 1041 κάν
939 976 1051 1059 μηδείς
1066 978 1158 1059 αὐτῷ
1185 979 1417 1060 praecedentem
1440 979 1541 1053 habet,
1570 979 1710 1060 quamvis
1733 999 1821 1040 nemo
1845 999 1915 1040 eum
1937 986 2088 1059 sequatur.

254 1087 378 1146 tuerat:
397 1120 438 1129 -
948 1086 983 1146 fr.
1001 1089 1042 1148 34
1057 1107 1102 1167 pr.
1118 1086 1157 1148 ib.
1931 1086 1967 1147 fr.
1985 1088 2027 1148 34
2043 1106 2088 1166 pr.

321 1190 362 1253 El
378 1188 435 1253 καί
445 1187 488 1268 μή
499 1190 690 1264 ἐναντίωσις
705 1191 831 1278 κινηθῇ
847 1188 937 1255 κατά
947 1203 1005 1269 τῆς
1021 1201 1082 1256 τοῦ
1095 1177 1160 1275 π-ρς
1252 1193 1340 1255 Licet
1362 1193 1509 1256 bonorum
1531 1194 1682 1275 possessio
1709 1204 1816 1254 contre
1843 1191 1964 1255 tabulas
1993 1193 2089 1273 patris

255 1296 433 1373 διαθήκης,
450 1294 538 1378 ὅμως
553 1295 753 1383 ήόρφανική
768 1297 1044 1373 ἀποκατάστασις
1060 1303 1159 1385 ἔρρω-
1186 1298 1226 1361 sit
1247 1299 1352 1380 petita,
1374 1299 1458 1362 valet
1480 1310 1583 1363 tamen
1605 1298 1765 1382 pupillaris
1781 1300 1956 1362 substitutio
1971 1308 2002 1362 et
2016 1300 2089 1360 dan·

255 1425 310 1467 ται
338 1402 396 1467 καλ
425 1402 575 1466 δίδονται
604 1400 648 1468 τά
671 1402 765 1488 παρά
787 1414 849 1469 τοῦ
875 1405 1160 1469 ὑποκαταστάτου
1187 1415 1237 1467 tur
1258 1405 1361 1486 legata
1383 1429 1403 1469 a
1425 1407 1589 1470 substituto
1611 1408 1725 1469 relicta
1903 1407 1939 1469 fr.
1958 1409 2008 1468 34.
2026 1412 2042 1482 ξ
2060 1409 2088 1467 2.

255 1511 516 1591 ληγατευθέντα.
974 1512 1010 1576 fr.
1028 1517 1078 1576 34.
1095 1519 1112 1590 ς
1130 1517 1158 1576 2.

320 1614 394 1681 ’Eoo
417 1617 687 1696 ὑποκατασκήσω
711 1618 863 1704 θυγατρὶ
887 1617 1046 1701 ήὲγγόνηι
1062 1620 1159 1704 τάξιν
1253 1619 1287 1681 si
1309 1620 1390 1683 filiae
1412 1621 1463 1683 vel
1485 1622 1587 1702 nepoti
1609 1621 1709 1684 locum
1728 1620 1782 1683 filii
1804 1620 1929 1683 habenti
1944 1629 1999 1682 aut
2020 1628 2090 1700 post

255 1727 329 1788 υἱοῦ
350 1727 500 1801 ἐπέχοντι
523 1723 543 1800 ή
566 1722 649 1806 μετά
667 1724 728 1802 τήν
744 1725 915 1803 διαθήκην
930 1728 1085 1804 ἐσχηκότι
1101 1726 1157 1790 καί
1186 1735 1399 1790 testamentum
1421 1727 1532 1808 adepto
1555 1727 1738 1790 substituere
1760 1738 1878 1790 etcum
1897 1728 2007 1789 moriar
2029 1746 2090 1787 non

254 1835 288 1894 ἐν
320 1835 368 1912 τῷ
391 1831 545 1894 τελευτᾶν
571 1853 609 1913 με
635 1829 678 1912 μή
707 1831 893 1915 εὑρεθῶσιν
920 1837 954 1896 ὲν
980 1837 1021 1921 τῇ
1049 1855 1158 1919 φαμη·
1185 1834 1378 1897 inveniantur
1400 1834 1432 1894 in
1453 1834 1571 1897 familia
1592 1855 1670 1910 mea,
1697 1835 1812 1896 inutilis
1839 1844 1886 1896 est
1907 1833 2088 1896 substitutio.

255 1938 311 2018 λίρι
325 1959 397 2020 μου,
423 1939 606 2020 ἀκυροῦται
623 1940 643 2014 ή
660 1938 943 2013 ἀποκατάστασις.
981 1941 1017 2003 fr.
1028 1944 1080 2004 41.
1092 1947 1117 2017 ξ.
1129 1944 1158 2003 2.
1906 1941 1942 2001 fr.
1957 1943 2009 2002 41.
2026 1945 2042 2016 ξ
2060 1943 2089 2001 2.

318 2042 393 2109 'Edu
416 2045 543 2131 ἀξιώσῃ
566 2043 627 2109 τόν
649 2043 777 2129 ἀνηβον
798 2048 816 2108 ό
840 2031 906 2131 ἦρ
923 2048 1158 2124 ἀποκαταστῆ-
1254 2047 1287 2109 si
1309 2046 1461 2129 pupillum
1475 2050 1626 2126 rogaverit
1647 2058 1735 2129 pater
1753 2048 1874 2109 cuidam
1889 2047 2089 2109 hereditatem

256 2154 316 2215 σαί
346 2175 409 2215 τινι
442 2150 502 2229 τήν
529 2152 765 2236 κληρονομίαν,
793 2152 920 2237 ἀνηβον
947 2155 1158 2233 τελευτῶντα,
1186 2155 1356 2230 restituere,
1380 2156 1405 2217 si
1432 2155 1568 2236 impubes
1597 2157 1756 2230 moriatur,
1784 2156 1901 2235 cogitur
1927 2154 2026 2234 isqui
2049 2153 2089 2215 ab

255 2260 480 2339 ἀναγκάζεται
513 2262 531 2322 ό
565 2259 600 2343 ἐξ
632 2259 822 2324 ἀδιαθίτου
853 2260 1068 2346 κληρονομῶν
1099 2269 1160 2323 τοῦ
1187 2262 1329 2323 intestato
1351 2261 1461 2343 pupilli
1476 2261 1562 2324 heres
1576 2261 1619 2336 fit,
1641 2261 1765 2324 falcidia
1781 2269 1910 2335 servata,
1932 2261 2090 2322 restituere

255 2365 384 2450 ἀνήβου
415 2377 646 2451 παρακρατῶν
682 2364 742 2431 τόν
778 2366 958 2452 φαλκίδιον
989 2369 1159 2431 ἀποκατα-
1187 2366 1457 2431 fideicommissum.
1495 2369 1575 2430 idem
1598 2368 1678 2429 enim
1701 2376 1793 2430 estet
1814 2369 1846 2428 in
1861 2388 1897 2430 eo
1919 2367 1973 2448 qui
1994 2366 2089 2448 pubes

256 2483 378 2549 στησαι
402 2470 442 2537 τὸ
467 2472 752 2560 φιδεικόμμισσου.
802 2470 842 2538 τδ
865 2471 949 2539 αὐτὸ
976 2475 1043 2557 γάρ
1070 2478 1161 2538 ἐστιν
1187 2484 1240 2538 est.
1285 2475 1374 2549 haec,
1402 2476 1427 2537 si
1454 2475 1557 2538 valeat
1578 2484 1795 2536 testamentum
1817 2475 1921 2555 patris.
1967 2494 2038 2535 nam
2065 2475 2092 2535 si

256 2577 307 2643 ἐπὶ
324 2579 461 2666 ἐφήβου.
507 2589 624 2659 ταῦτα,
649 2577 708 2644 erlo
722 2583 865 2665 ἔρρωται
882 2583 902 2657 ή
921 2589 983 2644 τοῦ
999 2567 1067 2663 πρς
1091 2580 1159 2644 δια·
1187 2581 1339 2643 infirmum
1362 2583 1410 2656 sit,
1442 2603 1542 2663 neque
1564 2582 1771 2644 codicillorum
1800 2601 1881 2643 more
1908 2580 2000 2655 valet,
2031 2580 2091 2641 nisi

256 2687 359 2763 θήκη.
405 2691 431 2749 el
464 2683 530 2769 γάρ
563 2688 754 2769 ἀνίσγυρος,
783 2687 859 2751 οὔτε
890 2689 935 2761 ῶς
965 2687 1160 2762 κωδίκελλος
1187 2708 1328 2768 expresse
1351 2698 1479 2751 testator
1501 2689 1624 2762 dixerit;
1647 2690 1679 2750 in
1696 2688 1974 2751 fideicommissaria
1988 2696 2090 2748 autem

256 2801 381 2878 κρατεῖ,
406 2797 432 2855 εἰ
455 2790 498 2874 μή
522 2793 630 2876 ῥητῶς
654 2796 672 2856 ό
697 2792 896 2875 διαθέμενος
919 2798 999 2881 stup.
1045 2793 1096 2859 ἀπὶ
1120 2792 1159 2871 δή
1187 2795 1375 2858 restitutione
1406 2795 1473 2858 sola
1498 2795 1580 2857 bona
1605 2796 1709 2876 patris,
1736 2815 1798 2857 non
1826 2815 1896 2858 vero
1923 2796 2015 2856 etiam
2037 2793 2091 2853 filii

257 2910 315 2976 της
338 2898 675 2985 φιδεικομμισσαρίας
691 2901 1000 2975 ἀποκαταστάσεως
1014 2902 1102 2983 μόνα
1117 2899 1161 2965 τά
1187 2902 1396 2965 restituuntur.
1905 2900 1941 2962 fr.
1959 2903 2010 2961 41.
2027 2906 2043 2976 ξ
2061 2905 2090 2962 3.

257 3015 318 3071 τοῦ
345 2992 421 3089 π-ρς,
450 3008 490 3070 οὐ
516 3005 580 3087 μήν
606 3005 664 3072 καί
692 3004 737 3071 τά
764 3016 825 3071 τοῦ
847 3005 966 3081 παιδὸς
989 3008 1160 3071 ἀποκαθί-

257 3136 412 3178 στανται;
429 3113 491 3160 -1
975 3115 1012 3177 fr.
1028 3118 1080 3178 41.
1097 3123 1113 3192 ξ
1132 3121 1160 3178 3.

322 3216 396 3283 Ἐἀν
428 3218 488 3297 τήν
519 3220 663 3302 γαμετήν
694 3241 758 3303 μου
785 3220 925 3307 γράψας
952 3221 1161 3306 κληρονόμον
1255 3222 1288 3286 si
1320 3243 1414 3285 uxore
1444 3243 1514 3285 mea
1543 3222 1653 3285 herede
1685 3223 1809 3303 scripta,
1848 3221 2031 3284 substituere
2063 3221 2091 3283 ei

257 3327 526 3404 ὑποκαταστήσω
565 3327 650 3412 αῦτη·
688 3323 766 3401 τοὺς
807 3324 901 3408 ὲμοδς
939 3328 1160 3411 ὑπιξουσίους,
1188 3329 1299 3391 liberos
1321 3349 1403 3392 meos
1427 3330 1459 3390 in
1481 3338 1643 3411 potestate,
1676 3330 1786 3390 sinon
1808 3328 1911 3390 valeat
1933 3328 2091 3401 institutio,

257 3436 482 3519 ἀκυρουμίνης
514 3444 572 3510 τῆς
603 3434 796 3514 ἐκστάσεως,
830 3432 926 3497 αὐτοὶ
959 3436 1003 3507 ὡς
1030 3439 1066 3497 ἐκ
1093 3434 1160 3498 δια-
1188 3437 1246 3517 ipsi
1268 3445 1414 3517 tanquam
1445 3457 1484 3498 ex
1510 3444 1691 3497 testamento
1719 3434 1895 3497 succedunt:
1923 3455 1984 3495 uon
2012 3435 2092 3497 enim

259 3542 369 3618 θήκης
399 3544 570 3624 ἔρχονται·
601 3540 642 3603 οὐ
674 3536 740 3625 γάρ
772 3549 866 3604 πάσα
896 3537 982 3604 ἀλλά
1014 3543 1115 3622 μόνος
1142 3545 1160 3605 ό
1188 3552 1285 3605 totum
1308 3546 1543 3623 (testamentum)
1566 3542 1618 3604 sed
1640 3541 1692 3604 ille
1715 3553 1834 3604 tantum
1857 3542 1969 3622 gradem
1984 3541 2091 3621 inquo

258 3644 408 3733 βαθμδς,
446 3651 480 3709 ἐν
513 3639 539 3727 ᾧ
578 3648 816 3728 ἀμνημόνευτοι
855 3648 1045 3728 γεγόνασιν,
1084 3650 1161 3712 ἀκυ-
1188 3650 1343 3731 praeteriti
1359 3658 1430 3711 suut
1445 3650 1509 3712 sine
1524 3650 1631 3711 effectu
1646 3659 1701 3711 est.
1737 3648 1773 3709 fr.
1790 3651 1842 3711 43.
1859 3656 1875 3725 ξ
1894 3652 1922 3709 2.
1937 3649 1977 3709 Ι).
1995 3650 2045 3720 28,
2063 3650 2091 3708 6.

260 3752 404 3841 potitore.²
807 3754 842 3815 fr.
858 3756 910 3817 43.
927 3760 943 3832 ᾖ
962 3758 990 3816 2.
1006 3756 1046 3816 D.
1064 3758 1115 3830 28,
1133 3760 1161 3818 6.

507 3929 627 3984 τιτΛοτ
647 3930 694 3999 ιε’,
714 3930 847 3984 strator
864 3931 913 3984 ur
1395 3930 1562 3989 Triones
1580 3931 1631 4000 x1,
1649 3930 1754 3986 meru
1773 3930 1885 3986 xxxv
2128 3930 2200 4056 epp
2210 3936 2234 4055 ει.

259 4042 321 4112 περὶ
339 4035 474 4111 δόγματος
492 4037 640 4110 συγκλήτου
658 4034 843 4109 τρεβελλιιινοῦ
861 4041 906 4090 καῖ
922 4036 1162 4112 περῖφιδεικομισ-
1190 4038 1224 4093 de
1242 4044 1356 4093 senatus
1373 4037 1500 4093 consulto
1512 4038 1675 4094 trebelliano
1688 4038 1764 4093 etde
1776 4037 2091 4093 fideicommissariurum
2113 4003 2174 4071 ΒΨ·
2200 4044 2205 4057 ’
2239 4042 2245 4056 ’

260 4130 361 4201 captur
380 4128 495 4200 ἀγωγῶν
508 4126 754 4188 ἀποκαταστάσεως
771 4130 815 4179 καὶ
826 4130 888 4200 περὶ
907 4128 1161 4183 ἀποκαταστάσεων.
1299 4129 1439 4182 actionum
1457 4129 1633 4183 restitutione
1652 4134 1680 4183 et
1698 4128 1733 4182 de
1750 4126 1981 4182 restitutionibus.

331 4253 399 4316 Τοῦ
435 4252 645 4337 κληρονόμου
682 4252 922 4337 εὐλαβουμένων
960 4254 1163 4339 προσελθεῖν
1256 4254 1363 4329 Heres,
1386 4255 1412 4316 si
1436 4255 1519 4316 adire
1533 4265 1681 4329 vereatur,
1704 4276 1774 4317 oum
1796 4254 2091 4316 fideicommissarius

259 4357 317 4424 ἐὰν
349 4361 368 4424 ό
400 4357 735 4445 φιδεικομμισσάριος
765 4359 854 4446 λέγη·
891 4359 1058 4442 κινδύνῳ
1089 4383 1163 4442 μου
1189 4362 1272 4423 dicat
1292 4361 1444 4442 „periculo
1466 4381 1534 4422 meo
1558 4361 1665 4436 adito“,
1693 4360 1805 4444 [adire]
1832 4362 1951 4442 cogitur
1978 4369 2009 4422 et
2030 4381 2092 4422 non

259 4468 571 4549 κληρονόμησον,
596 4467 820 4546 ἀναγκάζεται
842 4465 899 4529 καί
926 4468 965 4530 οὐ
988 4490 1162 4554 παρακρα-
1190 4466 1299 4530 retinet
1329 4468 1482 4543 trientem,
1515 4468 1578 4531 sive
1605 4468 1749 4531 solvendo
1777 4468 1817 4529 sit
1847 4468 2005 4541 hereditas,
2028 4468 2092 4530 sive

260 4582 311 4636 τεῖ
339 4574 469 4657 τρίτον,
507 4575 569 4635 εἴτε
607 4573 749 4655 όμπορός
776 4576 866 4637 ἐστιν
897 4576 916 4650 ή
949 4575 1162 4660 κληρονομία,
1190 4595 1251 4637 non
1283 4575 1323 4636 sit
1348 4584 1379 4636 et
1404 4595 1466 4636 non
1493 4576 1668 4655 quaerimus
1696 4595 1759 4656 qua
1786 4595 1824 4636 ex
1851 4595 1945 4636 causa
1971 4584 2093 4636 veretur

259 4684 322 4742 εἴτε
344 4678 398 4761 μή,
421 4678 479 4743 καὶ
495 4680 535 4742 οὐ
554 4679 843 4763 περιεργαζόμεθα
862 4676 918 4743 διά
935 4691 1035 4744 ποῖαν
1050 4684 1163 4745 αἰτίαν
1191 4682 1273 4743 adire
1296 4681 1391 4743 heres.
1840 4680 1876 4743 fr.
1892 4685 1922 4742 4.
1936 4680 1976 4740 D.
1994 4685 2045 4752 36,
2064 4684 2090 4741 1.

260 4785 416 4874 φοβεῖται
441 4786 643 4870 προσελθεῖν
666 4788 684 4848 ό
707 4785 924 4870 κληρονόμοςε
941 4785 1004 4834 —⁴

910 4894 946 4956 fr.
962 4898 992 4957 4.
1008 4894 1048 4957 D.
1065 4898 1116 4971 36,
1135 4900 1162 4957 1.

205 5015 221 5067 ‘.
327 4998 396 5063 Καὶ
419 5001 438 5062 ό
461 5003 496 5062 ἐν
517 4999 641 5086 μεγάλη
665 4997 711 5062 ἀν
739 4999 820 5082 ἀξία
847 4998 869 5076 ή
890 5000 1057 5081 αόθεντία
1083 5023 1163 5087 γρα-
1257 5003 1301 5065 Et
1321 5003 1374 5084 qui
1390 5021 1503 5081 magna
1524 5001 1677 5081 praeditus
1693 5011 1739 5062 est
1757 5001 1906 5082 dignitate
1923 5001 1973 5063 vel
1989 5010 2092 5063 aucto-
2128 5023 2153 5072 ι,

260 5109 404 5194 φόμενος
426 5106 631 5190 κληρονόμος
654 5102 748 5188 παρά
770 5116 914 5186 κυνηγοῦ
932 5107 951 5184 il
967 5110 1091 5193 πόρνης
1106 5107 1162 5172 καί
1190 5111 1279 5171 ritate
1301 5110 1387 5170 heres
1406 5108 1563 5170 institutus
1586 5108 1626 5169 ab
1649 5108 1786 5169 arenario
1809 5108 1861 5170 vel
1883 5108 2038 5169 meretrice
2062 5106 2112 5170 et

259 5212 451 5297 ἀξιούμενος
466 5212 712 5277 ἀποκαθιστᾶν
727 5214 962 5294 ἀναγκάζεταιε
980 5213 1038 5261 —⁶
1082 5216 1117 5279 fr.
1135 5221 1163 5278 5.
1191 5226 1315 5297 rogatus
1333 5216 1500 5289 restituere,
1523 5215 1647 5295 cogitur.
2009 5214 2046 5275 fr.
2063 5217 2091 5276 5.

206 5335 222 5388 ¹.
330 5319 377 5385 oo
391 5323 495 5402 μόνον
511 5322 544 5383 οί
559 5321 721 5405 παρόντες
737 5316 823 5383 ἀλλά
838 5318 895 5384 καί
915 5323 947 5384 οἱ
963 5323 1103 5396 ἀπόντες
1119 5322 1160 5385 δι’
1258 5323 1329 5384 Non
1351 5321 1450 5385 solum
1472 5330 1654 5402 praesentes,
1679 5321 1731 5383 sed
1754 5330 1784 5382 et
1799 5321 1938 5383 absentes
1960 5341 2016 5402 per
2031 5321 2092 5401 epi·
2129 5341 2154 5393 ε,

261 5425 436 5505 ἐπιστολήν
452 5426 611 5490 δύνανται
622 5428 836 5491 ἀπείπασθαι
852 5425 912 5505 τήν
926 5429 1163 5514 κληρονομίαν·
1191 5430 1303 5493 stulam
1318 5438 1446 5511 possunt
1460 5426 1620 5508 repudiare
1635 5428 1845 5501 hereditatem
1864 5428 2005 5490 absentes
2020 5447 2092 5489 vero

262 5537 295 5598 οί
318 5534 351 5598 δὲ
367 5536 507 5608 ἀπόντες
524 5530 579 5597 διά
600 5534 722 5620 ψήφου
742 5534 945 5616 προσελθεῖν
960 5537 1163 5616 ἀναγκάζον·
1192 5558 1230 5598 ex
1262 5537 1382 5598 decreto
1414 5535 1498 5596 adire
1530 5544 1686 5614 coguntm,
1718 5537 1782 5597 sive
1814 5546 1929 5596 certum
1957 5536 1996 5595 sit
2026 5555 2092 5614 pro·

260 5665 315 5706 ται
340 5645 402 5705 είτε
425 5640 506 5718 δήλη
529 5641 620 5704 ἐστὶν
643 5643 661 5717 ή
686 5642 879 5725 προαίρεσις
902 5649 963 5704 τοῦ
981 5641 1025 5724 μὴ
1047 5643 1164 5726 κληρο-
1192 5644 1323 5724 positum
1351 5663 1411 5702 non
1440 5641 1570 5702 adeundi
1597 5642 1661 5704 sive
1689 5661 1763 5703 non:
1788 5661 1883 5722 neque
1910 5642 1989 5702 enim
2017 5661 2093 5720 opus

260 5760 402 5830 νομήσαι
419 5752 481 5810 εἴτε
496 5747 554 5829 μή·
571 5748 611 5810 οὐ
624 5749 690 5830 γάρ
705 5752 774 5811 ἐστι
786 5757 992 5832 γρεῖα--
1030 5750 1066 5812 fr.
1084 5754 1102 5812 6
1119 5771 1163 5830 pr.
1192 5760 1238 5812 est
1262 5785 1303 5795 -
1326 5785 1369 5795 —
1956 5747 1993 5809 fr.
2012 5751 2030 5808 (i
2047 5768 2093 5828 pr.

334 5924 425 5978 lhub.
444 5922 510 5994 Syn.
624 5922 716 5979 'hab
736 5924 802 5994 Syn.
914 5924 926 5957 ⁸
944 5926 1007 5997 lege
1025 5925 1075 5990 λζ.

261 6012 273 6044 ⁴
291 6011 355 6067 hab.
375 6012 441 6083 Syn.
550 6013 644 6068 ⁵hub.
663 6013 729 6084 Syn.

323 6111 390 6153 Basti
414 6111 440 6152 Τ.
452 6111 502 6151 vn.
