4978 7018
981 570 986 581 ¹
1063 479 1356 548 pensumve.
2090 501 2128 546 11

296 660 374 735 licet,
407 659 460 722 sed
491 659 735 722 luculentissimis
767 659 946 721 testimoniis
978 659 1179 738 Balsamonis,
1212 663 1372 728 Michaelis
1406 661 1613 741 Theodorique
1644 662 1676 722 in
1708 661 1851 723 Photium
1882 656 1978 745 (apud
2010 662 2127 724 Pitram

297 767 321 828 Ι.
337 767 375 828 Ε.
394 766 433 830 G.
449 767 483 827 II
498 770 562 827 445
580 762 664 850 sqq.),
688 766 842 848 Syncpsis,
864 766 1064 829 Basilicorum
1081 768 1262 832 scholiorum
1278 772 1371 852 plane
1385 769 1541 831 evincitur.
1587 767 1732 829 Omnium
1747 768 1874 829 istorum
1889 768 2127 830 testimoniorum

296 893 458 936 consensus
481 872 602 934 illorum
624 873 769 946 codicum,
792 892 920 953 quorum
942 872 1025 953 prior
1046 873 1136 953 longe
1158 879 1304 939 recentior
1319 897 1411 959 quam
1426 874 1646 936 Heimbaohius
1669 874 1862 948 existimavit,
1885 873 1962 935 alter
1977 883 2009 937 et
2023 894 2126 937 recens

297 990 343 1042 est
365 989 396 1041 et
418 979 573 1041 detodoris
595 988 693 1053 notae,
717 979 808 1041 fidem
831 988 1002 1059 exsuperat
1053 979 1170 1043 Certior
1192 983 1292 1046 factus
1315 1004 1382 1045 sum
1405 981 1476 1044 olim
1500 980 1718 1043 Zachariaeum
1740 980 1778 1043 de
1800 980 2011 1062 supplemento
2034 981 2128 1043 heim·

297 1085 465 1149 bachianae
487 1085 627 1148 editionis
655 1085 772 1147 edendo
799 1086 958 1165 cogitasse,
987 1106 1056 1147 cum
1084 1088 1146 1150 alia
1172 1098 1238 1151 tum
1265 1090 1344 1152 hane
1370 1088 1441 1151 libri
1467 1089 1557 1171 primi
1583 1088 1803 1149 restitutionem
1826 1088 1984 1169 repetitam
2006 1095 2128 1149 conten·

297 1202 375 1255 turc.
420 1191 492 1254 Hoc
517 1192 654 1272 magistri
681 1192 862 1273 optatissimi
889 1201 993 1255 votum
1020 1192 1118 1255 libens
1147 1196 1237 1271 solvi3
1268 1206 1357 1258 notas
1384 1196 1477 1257 latine
1504 1195 1582 1257 verti
1610 1203 1703 1275 atque
1729 1194 1761 1254 in
1784 1194 2016 1256 commodiorem
2039 1214 2128 1255 usum

297 1300 442 1382 disposui.
487 1299 525 1360 In
548 1299 628 1360 notis
651 1300 823 1361 testimonia
845 1298 942 1360 allata
964 1308 1043 1374 sunt,
1070 1301 1242 1382 exquibus
1266 1302 1451 1382 singulorum
1473 1302 1607 1382 capitum
1629 1301 1780 1364 restitutio
1802 1301 1920 1382 pendet
1965 1301 2059 1380 Fugit
2080 1321 2129 1362 me

297 1406 339 1487 (id
362 1406 444 1487 quod
458 1426 538 1467 nuno
560 1403 699 1490 suppleo)
723 1406 851 1468 eundem
866 1404 1082 1468 Zachariaeum
1105 1407 1179 1469 alibi
1203 1405 1445 1495 (Passaronem
1459 1408 1621 1481 Praefatio,
1644 1429 1674 1489 p.
1691 1404 1726 1491 4)
1749 1407 1901 1470 monuisse
1923 1415 2016 1487 caput
2033 1407 2124 1468 ΙΧΨ11

297 1514 367 1575 libri
389 1508 414 1575 1¹
437 1511 502 1599 (qui
525 1512 649 1574 unicum
672 1512 865 1593 amplectitur
886 1509 1023 1597 titulum)
1045 1513 1090 1574 ita
1112 1534 1151 1575 ex
1172 1515 1258 1577 Pitra
1280 1515 1314 1576 II
1330 1517 1392 1578 531
1417 1535 1506 1596 posse
1527 1514 1656 1576 restitui:
1680 1516 1717 1577 αἱ
1738 1514 1796 1596 μὲν
1819 1513 1981 1594 aldianas
2005 1513 2128 1576 θυσίαι

297 1618 355 1682 καὶ
379 1619 559 1701 denuncias
586 1617 850 1681 mactatores·
877 1618 992 1703 ἱλάρια
1019 1618 1053 1681 δὲ
1081 1624 1115 1682 ἐν
1142 1630 1216 1695 ταῖς
1243 1621 1356 1685 πόλεσι
1382 1620 1599 1703 γινέσθωσαν
1625 1617 1682 1683 καὶ
1710 1618 1845 1683 σύνοδοι
1868 1618 1924 1683 καὶ
1949 1620 2127 1701 συμπόσια.

298 1728 357 1789 Est
378 1735 471 1789 const
494 1728 515 1786 4
538 1724 611 1788 Ood.
634 1724 664 1800 I,
691 1727 739 1785 11.
788 1725 900 1788 Latine
927 1728 970 1789 sle
996 1734 1095 1789 verto:
1122 1726 1254 1802 „Illicita
1281 1728 1428 1791 sacrificia
1455 1737 1547 1810 atque
1573 1728 1649 1790 ritus
1675 1726 1904 1808 prohibeantur;
1931 1727 2004 1790 laeti
2027 1735 2128 1789 autem

299 1835 330 1894 in
353 1833 526 1896 civitatibus
548 1833 624 1894 fiant
646 1841 811 1895 conventus
834 1841 926 1913 atque
948 1835 1113 1896 convivia“.

457 1939 536 2001 Item
567 1939 636 2001 libri
663 1934 757 2000 LIII¹
789 1938 916 2000 latinam
943 1940 1114 2002 versionem
1137 1940 1280 2015 Venturi,
1312 1941 1350 2003 de
1377 1962 1438 2023 qua
1465 1961 1558 2022 supra
1584 1940 1678 2002 locuti
1705 1960 1816 2015 sumus,
1849 1960 1952 2002 rursus
1981 1939 2128 2002 edendam

298 2047 449 2109 constitui
495 2045 582 2108 Libri
608 2042 703 2107 LIII¹
729 2065 872 2124 magnam
899 2056 1016 2127 partem
1043 2067 1081 2110 ex
1108 2047 1212 2110 codice
1239 2047 1430 2110 ambrosiano
1457 2048 1704 2129 reciperavimus;
1732 2067 1801 2108 cum
1829 2056 1930 2109 autem
1960 2045 2020 2108 loci
2051 2066 2130 2108 com·

298 2154 402 2236 plures
428 2152 677 2226 desiderarentur,
704 2153 906 2214 necessarium
933 2152 1007 2214 mihi
1034 2154 1132 2216 visum
1160 2163 1207 2215 est
1233 2154 1319 2216 illam
1346 2174 1467 2236 quoque
1493 2155 1661 2218 versionem
1689 2153 1811 2227 addere,
1844 2161 1879 2214 ut
1905 2154 2019 2227 omnia,
2051 2173 2130 2235 quae

298 2259 387 2321 hodie
410 2266 583 2332 noscuntur,
606 2258 645 2320 ad
668 2258 778 2319 librum
801 2259 1021 2321 restituendum
1048 2259 1184 2322 subsidia
1206 2260 1408 2325 Basilicorum
1435 2261 1678 2342 supplementum
1704 2259 1871 2341 praeberet.
1916 2260 2014 2322 Notas
2041 2280 2129 2340 quae·

299 2368 370 2429 dam
397 2386 435 2429 ex
462 2365 644 2427 Zacharieeo
671 2365 766 2428 latine
793 2365 919 2441 reddidi,
951 2366 1099 2446 quasdam
1126 2367 1190 2448 ipse
1217 2369 1359 2449 apposui;
1392 2368 1570 2431 riccardinni
1596 2367 1707 2429 codicis
1739 2365 1948 2448 apographum
1975 2366 2057 2428 misit
2082 2366 2131 2429 vir

298 2474 532 2535 humanissimus
560 2470 590 2534 S.
613 2471 780 2545 Minocchi,
807 2473 856 2533 cui
878 2473 991 2552 gratias
1014 2493 1103 2553 agere
1130 2483 1161 2535 et
1189 2474 1275 2536 decet
1302 2485 1332 2537 et
1358 2474 1442 2538 libet
1486 2475 1536 2536 De
1558 2475 1626 2554 ipsa
1648 2473 1780 2535 Venturi
1802 2473 1939 2536 versione
1960 2472 2061 2535 confer
2084 2493 2129 2548 ea,

299 2600 378 2662 quae
400 2579 600 2641 Zachariaeus
624 2587 656 2641 et
677 2579 708 2639 in
730 2579 818 2641 Actis
841 2579 1027 2641 Academiae
1049 2579 1252 2641 Berclinensis
1276 2578 1308 2665 (a
1333 2581 1432 2661 1881)
1455 2582 1539 2642 etin
1561 2579 1801 2661 Paralipomenis
1824 2580 1887 2641 suis
1910 2579 2084 2660 disputavit

460 2690 488 2748 6.
525 2687 675 2748 Locorum
698 2685 898 2748 Basilicorum
919 2686 951 2746 in
974 2685 1205 2748 heimbachiana
1232 2687 1364 2749 editione
1385 2688 1621 2750 desideratorum
1649 2694 1780 2767 segetem
1807 2686 1882 2747 satis
1904 2685 2037 2768 amplam
2061 2705 2130 2748 con-

298 2794 390 2874 gessi,
418 2813 511 2875 quam
538 2813 607 2854 cum
635 2792 733 2854 letina
759 2793 895 2854 versione
917 2792 990 2854 item
1017 2791 1130 2874 publici
1152 2793 1226 2854 iuris
1252 2793 1421 2856 faciendam
1449 2794 1550 2856 statui.
1595 2793 1679 2855 Ante
1706 2792 1809 2854 omnia
1831 2813 1869 2854 ex
1891 2791 2015 2854 Ouiacic
2038 2812 2130 2872 quae·

300 2901 372 2963 dam
393 2900 509 2978 collegi,
531 2899 708 2981 praesertim
730 2918 769 2960 ex
791 2898 1014 2961 Commentario
1043 2898 1082 2960 ad
1109 2898 1203 2962 libros
1226 2900 1278 2961 III
1300 2902 1479 2982 posteriores
1502 2900 1634 2975 Codicis,
1660 2919 1738 2981 quae
1761 2899 1802 2960 ad
1824 2898 1963 2960 notitiam
1986 2899 2130 2960 librorum

299 3003 504 3069 LIII-LIX
526 3006 689 3088 pertinent,
718 3006 770 3086 qui
793 3005 825 3066 in
847 3005 1047 3068 Basilicorum
1074 3013 1155 3067 tomo
1177 3005 1268 3068 bodie
1291 3007 1445 3089 deperdito
1468 3008 1710 3070 continebantur:
1738 3026 1801 3067 non
1822 3026 1934 3086 pauca,
1961 3014 1997 3066 ut
2017 3005 2130 3085 legenti

300 3113 467 3195 apparebit,
490 3111 709 3175 Heimbschius
731 3111 782 3175 vel
805 3132 866 3173 non
888 3112 965 3174 vidit
986 3112 1036 3174 vel
1057 3111 1199 3193 neglexit.
1244 3113 1364 3176 Deinde
1386 3115 1533 3194 quosdam
1555 3113 1637 3175 locos
1659 3113 1777 3175 codices
1792 3133 1884 3174 manu
1900 3113 2005 3193 scripti
2021 3131 2130 3193 suppe-

300 3221 481 3293 ditaverunt,
504 3219 581 3280 idest
600 3218 674 3281 cod.
690 3218 796 3281 Ambr.
812 3219 849 3298 L,
866 3221 908 3280 49
925 3240 990 3300 sup.
1014 3228 1046 3280 et
1067 3219 1142 3282 (iod.
1157 3218 1388 3282 Vallicellisnns
1411 3219 1439 3282 E
1456 3225 1507 3282 55.
1553 3221 1616 3281 Hic
1638 3218 1714 3281 liber
1735 3229 1855 3300 praeter
1876 3218 1938 3280 alia
1952 3218 2130 3281 Prochirum

300 3337 423 3390 auctum
446 3326 581 3388 continet
603 3325 768 3387 secundum
791 3346 858 3388 eam
881 3328 1091 3400 recensionem,
1114 3346 1207 3406 quam
1222 3326 1426 3389 Zachariaeus
1447 3335 1549 3388 noster
1571 3328 1740 3388 carbonam
1762 3325 1937 3406 appellavit,
1960 3334 2064 3406 estque
2087 3360 2129 3371 —

300 3445 335 3496 ut
365 3434 444 3495 idem
476 3429 679 3494 Zachariaeus
711 3433 743 3494 in
774 3432 967 3494 Praefatione
993 3432 1194 3514 Epsnagoges
1221 3433 1437 3495 animadvertit
1467 3468 1509 3479 -
1542 3432 1773 3507 „additamentis
1804 3429 1897 3495 variis
1924 3433 2130 3512 conspicuus“.

300 3540 423 3602 Horum
437 3539 679 3601 addimentorum
693 3548 835 3601 nabnam
850 3538 1018 3613 αὐτόπτης
1040 3539 1171 3620 penitius
1186 3559 1365 3619 cognoscere
1379 3540 1472 3620 potui
1511 3538 1592 3601 Sunt
1604 3538 1775 3618 fragmenta
1791 3559 1829 3600 ex
1844 3538 1984 3600 Basilicis
1999 3548 2130 3620 sumpta,

301 3667 427 3728 quorum
449 3666 510 3707 non
539 3647 664 3708 minima
690 3667 761 3727 pars
784 3645 825 3707 ad
846 3644 952 3719 hbros,
984 3645 1037 3726 qui
1059 3646 1226 3726 perierunt,
1258 3656 1289 3708 et
1315 3646 1494 3727 praesertim
1517 3645 1558 3707 ad
1583 3644 1635 3707 lib.
1658 3645 1794 3707 XVIIII
1821 3645 1983 3726 pertinent;
2014 3644 2067 3706 sed
2090 3645 2130 3706 ad

301 3774 396 3815 unum
419 3754 467 3816 vel
490 3753 551 3814 duo
574 3752 636 3814 fere
659 3753 761 3814 omnia
783 3753 814 3814 in
838 3751 971 3833 Synopsi
993 3752 1107 3813 maiore
1129 3752 1265 3814 redeunt

459 3858 555 3920 Plura
581 3859 670 3921 hausi
697 3879 736 3921 ex
763 3858 902 3940 operibus
929 3858 1080 3919 Demetrii
1108 3858 1300 3925 Chomateni.
1327 3879 1456 3940 quornm
1483 3858 1576 3921 editio
1605 3879 1624 3920 a
1646 3859 1712 3921 viro
1735 3858 1969 3938 eminentissimo
1991 3858 2021 3921 J.
2045 3857 2131 3919 Pitra

301 3976 410 4048 parata
432 3974 652 4047 postmortem
675 3967 738 4028 eius
761 3966 793 4026 in
816 3966 915 4027 lucem
938 3965 1087 4045 apparuit
1133 3964 1226 4027 Hanc
1248 3964 1411 4027 editionem
1434 3965 1636 4028 Zachariaeus
1658 3965 1724 4046 ipse
1745 3965 1778 4025 in
1799 3964 2025 4045 Prolegomenis
2048 3965 2131 4044 igno·

302 4074 389 4135 ravit
434 4073 598 4154 Egregium
630 4072 765 4135 locorum
795 4073 858 4135 vim
890 4091 929 4134 ex
957 4070 1098 4133 Basilicis
1126 4091 1288 4151 eorumque
1315 4071 1436 4133 scholiis
1463 4082 1526 4135 tam
1553 4072 1768 4134 vetustioribus
1796 4092 1888 4152 quam
1914 4071 2130 4133 recentioribus

301 4180 460 4261 episcopus
492 4187 524 4240 et
554 4179 627 4241 iuris
655 4188 687 4240 et
712 4179 881 4241 litterarum
907 4179 1021 4259 peritus
1048 4179 1080 4239 in
1107 4177 1244 4259 epistulis
1272 4178 1601 4259 consultationibusque
1628 4179 1691 4240 suis
1717 4178 1842 4259 recepit,
1874 4198 2000 4258 quorum
2027 4177 2130 4258 plures

302 4287 448 4349 hactenus
470 4284 700 4365 ignorabantur:
724 4306 774 4347 eos
797 4284 912 4364 collegi,
935 4285 1014 4346 notis
1036 4285 1193 4365 latinaque
1214 4285 1350 4347 versione
1372 4286 1513 4358 instmxi;
1536 4285 1627 4347 editio
1649 4285 1738 4359 enim,
1761 4285 1846 4347 cuius
1862 4285 2041 4347 mentionem
2064 4284 2129 4359 feci,

302 4413 443 4474 graecum
465 4392 674 4454 tantummodo
697 4400 813 4453 textum
836 4391 968 4454 exhibet

460 4498 534 4561 Alia
564 4498 734 4579 hagmenta
765 4499 826 4559 iam
857 4519 896 4559 ex
926 4498 1018 4560 variis
1050 4498 1122 4558 iuris
1154 4497 1334 4560 mactatibus
1361 4498 1560 4560 Zaebariaeus
1587 4499 1619 4560 in
1647 4518 1737 4579 opere
1763 4497 1888 4559 laudato
1915 4498 2047 4576 Bcitrdge
2073 4506 2130 4558 cet

302 4606 498 4679 adunaverat,
530 4626 607 4686 quae
639 4605 671 4665 in
702 4604 760 4666 hoc
791 4604 1007 4686 Supplemento
1039 4603 1202 4685 repetenda
1233 4624 1299 4666 esse
1329 4604 1431 4665 nullus
1462 4605 1609 4667 dubitavi.
1655 4604 1747 4682 Quod
1777 4613 1880 4666 tamen
1912 4604 1950 4665 sd
1981 4604 2065 4666 locos
2091 4624 2131 4665 ex

302 4712 489 4793 Epanagoge
513 4721 604 4773 aucta
627 4711 811 4792 desumptos,
838 4711 979 4772 monendi
1002 4731 1105 4773 sumus
1128 4731 1191 4772 non
1212 4731 1330 4791 semper
1351 4732 1401 4774 eos
1425 4713 1465 4774 ad
1491 4711 1624 4773 litteram
1645 4710 1847 4773 Basilicorum
1873 4719 1990 4772 textum
2013 4731 2131 4791 reprae-

302 4826 429 4893 sentare,
452 4826 487 4879 ut
509 4818 655 4898 exemplis
678 4819 828 4892 docemur,
851 4819 882 4879 in
905 4818 1016 4898 quibus
1039 4826 1201 4898 utrumque
1222 4837 1298 4897 opus
1321 4817 1456 4880 conferre
1477 4816 1556 4880 licet.
