4842 7018
951 439 1104 505 LIBER
1124 436 1215 503 LIII.
1252 436 1341 504 TIT.
1364 438 1390 503 Ι.
2042 435 2085 499 99

163 631 220 691 ξδ’.
323 620 397 685 Ἐάν
420 625 439 685 d
463 621 625 697 δεσπότης
647 630 708 684 τοῦ
731 620 848 685 πλοίου
871 621 890 697 ἢ
914 623 947 683 οἱ
969 631 1088 685 ναῦται
1109 626 1159 702 ἐμ·
1253 620 1286 683 si
1309 619 1448 681 dominus
1470 619 1557 679 navis
1580 627 1611 679 et
1625 627 1738 680 nautae
1759 616 1915 678 iniecerint
1932 614 2007 695 quid
2028 613 2086 674 illi-

256 729 449 813 βάλλωνταί
473 751 504 791 τι
529 729 704 810 ἀθέμιτον,
732 727 789 792 καλ
813 725 852 792 τὸ
881 728 997 792 πλοῖον
1019 731 1159 810 ολσκομί-
1187 727 1237 789 citi
1255 727 1287 788 in
1302 726 1418 799 navim,
1441 727 1528 787 neuls
1543 745 1664 806 quoque
1678 723 1750 786 fisco
1766 722 1948 785 vindicatur:
1971 721 2086 783 sivero

258 838 361 916 ζτται·
385 840 412 898 ολ
436 835 470 897 δὲ
492 837 638 909 ἀπόντος
657 837 762 898 αὐτοῦ
784 833 971 910 ὀπιστικός
998 835 1067 912 hol
1082 840 1221 899 vac-³00
1253 834 1387 906 absente,
1418 834 1561 912 magister
1590 832 1640 894 vel
1669 840 1781 893 nautae
1809 830 1972 904 iniecerint,
1999 828 2087 889 navis

257 966 313 1006 ται
329 939 574 1027 ἐνεβάλλοντο,1
593 940 632 1006 τύ
647 943 705 1023 μὲν
723 943 839 1006 πλοῖον
854 947 902 1024 τῷ
918 942 1060 1029 δεσπότῃ
1077 945 1158 1006 άπο-
1171 910 1174 959 ¹
1186 941 1307 1021 quidem
1329 941 1451 1002 domino
1472 940 1619 1016 redditur,
1646 939 1704 1021 ipsi
1730 959 1802 1002 vero
1830 939 1861 999 in
1883 936 2087 1017 quadruplum

258 1049 398 1128 δίδοται,
423 1041 515 1112 οὗτοι
540 1048 573 1111 δέ
597 1054 641 1123 είς
660 1046 699 1111 τὸ
715 1050 961 1131 τετραπλάσιον
975 1050 1157 1114 καταδικά-
1186 1048 1425 1110 condemnantur
1439 1056 1471 1109 et
1491 1067 1605 1109 meroes
1627 1046 1769 1128 pubIIoae
1790 1047 1875 1108 finnt

257 1157 369 1235 ζονται
392 1153 449 1219 καὶ
473 1152 518 1218 τά
540 1158 669 1242 φορτία
691 1155 836 1237 δημόσιοι
858 1158 995 1237 γίνοταιε
1012 1193 1054 1204 -
1734 1152 1770 1214 fr.
1790 1156 1840 1213 11.
1857 1158 1874 1228 ἓ
1891 1154 1920 1213 2·
1935 1150 1975 1211 D·
1991 1153 2043 1224 39,
2058 1151 2087 1210 4·

804 1263 839 1325 fr.
858 1266 988 1341 ll.§2.
1004 1264 1044 1326 D.
1061 1269 1112 1340 39,
1127 1268 1157 1327 4.

204 1377 219 1429 '.
324 1368 391 1433 Kal
408 1371 427 1432 ὁ
444 1366 613 1451 προεστὼς
629 1370 752 1452 πλοίου,
769 1369 788 1447 l>
804 1373 1027 1456 ἐργαστηρίου
1044 1370 1063 1448 l>
1080 1392 1158 1435 παν·
1253 1369 1296 1430 Et
1318 1367 1487 1450 praefectus
1510 1368 1582 1430 navi
1597 1368 1645 1430 vel
1662 1367 1799 1431 officinae
1812 1366 1863 1430 vel
1879 1385 2036 1447 cauponae
2050 1383 2089 1425 ex

256 1476 387 1553 δοχοίου
409 1481 445 1539 ἐκ
467 1487 534 1539 τῶν
556 1478 806 1559 άμαρτημάτων
823 1488 891 1540 τῶν
906 1477 1160 1560 ὑπουργούντων
1188 1477 1304 1539 delictis
1336 1476 1541 1537 ministrorum
1568 1477 1655 1555 quasi
1687 1495 1726 1536 ex
1758 1473 1869 1536 delicto
1898 1481 2025 1546 tenetur,
2057 1472 2089 1531 in

256 1581 375 1646 ὡσανεί
396 1579 464 1646 άπὸ
484 1584 724 1665 ἁμαρτήματος
747 1588 902 1661 ἐνέχεται·
931 1589 965 1646 ἐν
984 1580 1034 1658 οἷς
1058 1582 1159 1658 αύτὸς
1187 1585 1223 1645 iis
1245 1583 1367 1658 scilicet,
1389 1583 1552 1663 inquibus
1575 1583 1640 1663 ipse
1661 1581 1737 1642 nihil
1758 1582 1906 1663 peccavit

255 1689 353 1769 μηδὲν
377 1686 592 1771 ύμαρτονε-
828 1691 863 1754 ir.
880 1695 989 1767 5.§6.
1004 1693 1045 1755 D.
1060 1696 1112 1767 44,
1131 1696 1158 1753 7.
1757 1688 1794 1751 fr.
1811 1692 1839 1750 5.
1857 1694 1874 1764 ξ
1892 1692 1920 1749 6.
1936 1687 1976 1748 D.
1992 1687 2044 1759 44,
2061 1688 2089 1746 7.

169 1804 219 1875 ιγ’.
326 1793 394 1860 Ούκ
416 1795 566 1877 ἐνάγεται
591 1798 610 1859 ὁ
633 1796 818 1881 ναύκληρος
846 1794 929 1881 [διά]
958 1796 998 1861 τὸ
1026 1799 1160 1884 φάκτον
1253 1796 1414 1859 Exercitor
1444 1805 1567 1878 propter
1597 1796 1712 1858 factum
1742 1805 1897 1857 vectorum
1929 1812 1989 1854 non
2020 1812 2090 1853 con·

257 1913 323 1965 τῶν
346 1901 585 1985 ἐπιβατῶνε-
830 1905 866 1966 fr.
885 1908 991 1982 l.§6.
1006 1906 1046 1967 D.
1062 1908 1113 1980 47,
1130 1910 1159 1969 5.
1189 1905 1316 1967 venitur.
1624 1973 1627 1978 ¹
1759 1901 1795 1963 fr.
1813 1902 1921 1975 l.§6.
1936 1900 1977 1961 D.
1992 1902 2044 1973 47,
2061 1901 2089 1959 5.

169 2018 219 2081 οξ.
319 2008 352 2074 ‘0
379 2005 447 2072 άπὸ
475 2009 592 2073 πλοίου
614 2009 829 2093 ἐξωδησδολς
851 2010 871 2087 ἢ
894 2010 961 2075 άπὸ
992 2012 1161 2093 ὀχήματος
1254 2011 1318 2089 Qui
1341 2032 1360 2072 a
1382 2010 1455 2072 navi
1477 2009 1639 2090 expellitur
1659 2008 1709 2071 vel
1732 2029 1751 2069 a
1773 2027 1864 2070 curru
1886 2006 2015 2068 trahitur
2029 2025 2090 2067 non
2137 2016 2143 2030 '

255 2115 430 2190 ἐλκυσθολς
453 2117 493 2180 ού
516 2117 609 2180 δοκεῖ
627 2118 836 2194 ποπονδῆναι
858 2117 947 2203 βίαν.
1188 2119 1309 2180 videtur
1330 2137 1439 2199 passus
1463 2137 1529 2179 esse
1551 2118 1622 2179 vim.
1839 2113 1874 2175 fr.
1891 2117 1920 2176 5.
1936 2113 1976 2175 Ι).
1992 2116 2044 2186 47,
2061 2114 2089 2173 9.

908 2225 944 2288 fr.
961 2229 990 2288 5.
1005 2227 1045 2288 Ι).
1061 2230 1114 2301 47,
1131 2229 1159 2288 9.

174 2339 220 2400 οἵ.
329 2330 383 2412 Τῷ
416 2328 489 2411 περὶ
519 2328 598 2414 βίας
630 2330 791 2412 δημοσίας
822 2335 997 2409 κατέχεται
1027 2335 1046 2395 d
1077 2330 1161 2414 μετά
1253 2332 1303 2393 Ι)ο
1325 2332 1357 2394 vi
1378 2331 1502 2414 publiea
1524 2338 1644 2393 tenetur
1665 2330 1691 2391 is
1710 2328 1846 2409 quicum
1862 2327 1955 2391 armis
1970 2326 2092 2389 eiecerit

257 2434 368 2500 ὅπλων
400 2434 550 2520 ἐκβαλών
582 2459 659 2500 τινα
685 2446 746 2500 τοῦ
774 2439 891 2502 πλοίου
917 2437 974 2502 καλ
1002 2439 1160 2525 σφοδρῶς
1188 2458 1279 2518 quem
1309 2438 1348 2500 de
1377 2459 1456 2501 nave
1487 2447 1518 2500 et
1548 2436 1680 2517 graviter
1710 2436 1878 2517 puniuntur
1903 2436 1955 2515 qui
1981 2436 2014 2495 iu
2040 2454 2091 2496 eos

257 2552 477 2625 τιμωροῦνται
500 2541 557 2607 καλ
581 2546 614 2608 οί
634 2542 824 2628 βιαζόμενοι
848 2545 978 2619 αύτούς.
1080 2572 1085 2581 ·
1188 2546 1250 2607 vim
1272 2544 1382 2607 ferunt.
1428 2545 1464 2607 ir.
1475 2549 1504 2606 3.
1522 2549 1579 2620 §6.
1594 2544 1635 2605 D.
1645 2542 1819 2617 Iao-fr.
1832 2545 1859 2603 1.
1876 2545 1933 2618 52.
1948 2541 1989 2604 D.
1998 2543 2051 2615 48,
2063 2544 2091 2602 7.
2141 2598 2145 2607 .

446 2651 483 2713 n.
499 2655 528 2713 s.
546 2657 562 2727 ς
581 2654 609 2712 6.
625 2652 733 2725 Due,
751 2653 861 2715 o-fr.
880 2657 906 2715 1.
924 2659 941 2730 ς
962 2656 990 2715 2.
1006 2653 1046 2714 υ.
1062 2655 1114 2726 se,
1133 2656 1159 2713 7.

171 2766 219 2832 οη.
321 2755 354 2820 Ὁ
380 2759 531 2834 κατέχων
559 2758 675 2821 πλοῖον
701 2757 721 2834 λγ
748 2757 872 2835 ναύτην
899 2758 918 2835 Ι)
945 2756 1036 2822 κατά
1063 2758 1161 2822 δόλον
1255 2759 1318 2837 Qui
1340 2759 1449 2820 retinet
1470 2758 1574 2822 navim
1593 2778 1648 2819 seu
1667 2765 1793 2819 nautam
1809 2755 1859 2819 vel
1873 2755 1943 2817 dolo
1966 2755 2040 2817 facit
2057 2763 2092 2817 ut

256 2866 514 2942 κατασχεθῆναι
525 2875 629 2928 ποιῶν
642 2864 809 2929 ύπόκαται
821 2869 918 2951 ποινῇ
933 2869 1035 2929 είκοσι
1050 2887 1161 2947 νομισ-
1188 2866 1384 2940 retineantur,
1407 2875 1529 2927 tenetur
1549 2884 1648 2947 poena
1669 2864 1776 2945 viginti
1799 2882 1966 2925 aureorum

256 2972 383 3051 μυτωιι
405 3008 447 3017 -
762 2972 798 3034 n.
815 2974 924 3049 net
941 2977 970 3035 2.
985 2974 1025 3035 D.
1040 2977 1093 3049 48,
1112 2977 1160 3035 12.
1694 2971 1729 3033 a.
1747 2974 1855 3047 aea
1872 2972 1902 3031 2.
1916 2970 1957 3031 n.
1971 2972 2024 3044 le,
2043 2972 2092 3031 12.

329 3077 383 3158 Τῷ
406 3077 585 3141 διοικοῦντι
610 3079 773 3161 ἐπαρχίαν
796 3079 857 3142 ούκ
879 3079 1005 3162 ἔξεστιν
1027 3085 1061 3143 ἐν
1076 3081 1177 3223 αὐτῇι
1279 3078 1526 3141 Administratori
1557 3079 1732 3161 provinciae
1768 3098 1830 3140 non
1860 3076 1932 3140 licet
1962 3077 1994 3137 in
2025 3077 2093 3158 ipsa

257 3184 373 3248 πλοῖον
395 3185 667 3264 κατασκευάζοινε
684 3222 726 3231 -
785 3186 820 3247 fr.
836 3189 889 3249 46.
906 3192 923 3263 ἕ
941 3190 969 3250 2.
984 3188 1025 3249 Ι).
1041 3191 1094 3262 49,
1112 3190 1161 3249 14.
1174 3232 1176 3257 ,
1189 3187 1292 3248 navim
1311 3205 1494 3267 comparare.
1744 3183 1781 3245 fr.
1791 3187 1912 3260 46.§2.
1927 3184 1968 3245 D.
1978 3186 2030 3257 49,
2042 3186 2092 3244 14.

168 3299 221 3354 ηδ’.
326 3291 422 3367 Μηδὲ
450 3291 469 3367 ί)
496 3289 770 3367 ἐκκλησιαστικὸν
797 3290 816 3368 Ι)
839 3296 953 3377 ἕτερον
980 3294 1162 3374 πρόσωπον
1255 3293 1363 3375 Neque
1378 3292 1583 3355 ecclesiastica
1597 3312 1696 3373 neque
1712 3292 1772 3354 alia
1786 3311 1916 3387 persona
1931 3300 2094 3352 excusetur

258 3398 520 3479 ἐξκουσατουέτω
536 3406 618 3462 ναῦν
632 3394 766 3480 μείζονα
781 3409 848 3462 τῶν
863 3399 1161 3481 διςχιλίωνμοδίων
1188 3419 1298 3461 navem
1329 3399 1446 3461 habens
1481 3400 1562 3462 ultra
1598 3399 1727 3461 duorum
1759 3398 1888 3460 millium
1925 3397 2092 3460 modiorum

259 3501 323 3585 πρὸ
354 3515 412 3581 της
444 3504 581 3589 ἐκβολῆς
618 3516 676 3582 τῆς
709 3516 776 3568 τῶν
808 3505 903 3569 εἰδῶν
932 3507 1161 3588 μοτακομιδῆς,
1173 3527 1332 3629 ιουροοοῐο
1355 3517 1426 3569 ente
1447 3507 1687 3588 exportationem
1703 3506 1868 3588 specierum
1892 3505 1999 3579 oneris,
2021 3525 2093 3584 quo·

258 3612 366 3687 πάσης
389 3611 557 3692 άργούσης
587 3615 797 3698 ἀντιγραφῆς
823 3610 880 3676 καλ
903 3612 1160 3712 δημουομένηςλχ
1190 3635 1307 3694 cunque
1345 3623 1483 3677 cessante
1515 3614 1662 3694 rescripto
1700 3622 1792 3694 atque
1828 3612 1900 3674 fisco
1938 3611 2094 3674 vindicate

257 3716 314 3781 καλ
339 3740 407 3803 παρ
432 3756 475 3766 -
499 3755 541 3765 -
565 3729 623 3794 της
646 3728 724 3794 νηος
743 3744 796 3781 -:
927 3742 952 3782 c
970 3723 1019 3781 10.
1035 3720 1069 3784 O.
1087 3725 1115 3784 1.
1133 3724 1161 3783 2.
1189 3742 1267 3784 nave
1290 3721 1340 3784 vel
1856 3740 1881 3782 ο.
1900 3720 1949 3779 10.
1965 3717 2000 3780 Ο.
2019 3721 2046 3780 1.
2064 3721 2092 3779 2.

169 3931 220 3963 n.
323 3895 364 3959 El
387 3894 444 3959 καὶ
469 3893 562 3979 παρὰ
584 3893 741 3976 γυναικὸς
765 3896 946 3984 προβληθῇ
969 3896 1161 3982 ναύκληρος,
1256 3899 1299 3960 Et
1327 3899 1353 3960 si
1383 3898 1551 3961 amuliere
1577 3900 1767 3980 praepositus
1795 3898 1834 3960 sit
1860 3897 2022 3972 exercitur,
2054 3917 2093 3957 ex

259 4007 294 4064 ἐκ
316 4012 384 4064 τῶν
407 3998 490 4087 πρὸς
513 4001 617 4066 αὐτὸν
641 4003 926 4084 συναλλαγμάτων
947 4008 1161 4082 κατέχοταιη
1189 4005 1240 4079 iis,
1272 4006 1324 4086 qui
1351 4025 1419 4067 cum
1446 4025 1482 4067 eo
1512 4005 1586 4067 facti
1618 4014 1702 4080 sunt,
1739 4003 1943 4067 contractibus
1973 4012 2094 4065 tenetur

258 4107 338 4188 γυνη
355 4112 396 4195 τῇ
412 4108 484 4191 περὶ
500 4110 611 4172 αὐτῶν
631 4112 754 4197 ἀγωγῇ.
785 4107 849 4173 κάν
864 4107 930 4193 γάρ
949 4122 1163 4195 προεστῶτας
1190 4111 1298 4174 mulier
1319 4133 1421 4174 eorum
1444 4113 1575 4187 actione;
1597 4132 1669 4174 nem
1690 4121 1720 4174 et
1740 4113 1766 4174 si
1784 4112 1936 4174 institores
1955 4109 2094 4172 officinae

259 4217 480 4300 ἐργαστηρίου
503 4215 714 4301 προβάληται
738 4219 757 4294 ἡ
781 4216 861 4298 γυνὴ
880 4222 921 4303 τῇ
944 4216 1016 4302 περὶ
1040 4215 1164 4282 αὐτοῦ’
1189 4219 1395 4300 praeposuerit
1430 4219 1550 4294 mulier,
1586 4219 1623 4281 de
1654 4219 1692 4280 iis
1723 4219 1842 4281 actione
1874 4226 2006 4291 tenetur;
2037 4237 2092 4279 nec

259 4324 373 4409 άγωγῇ
396 4325 586 4399 κατέχτταν
610 4323 685 4386 ούδέ
707 4322 773 4407 γάρ
797 4323 960 4408 άλλότριά
977 4329 1038 4388 εἰσι
1055 4333 1163 4388 ταῦτα
1190 4327 1272 4387 enim
1299 4325 1399 4388 aliena
1426 4336 1497 4387 sunt
1524 4327 1583 4388 iste
1609 4325 1732 4407 negotia
1758 4324 1811 4387 sed
1833 4326 1929 4407 ipsius
1950 4324 2093 4398 mulieris,

259 4426 304 4492 τά
338 4428 612 4510 συναλλάγματα,
651 4429 723 4493 ἀλλ’
763 4431 865 4506 αὐτῆς
903 4441 961 4507 τῆς
998 4430 1163 4513 γυναικὸς,
1190 4452 1259 4493 cum
1297 4452 1353 4513 pro
1385 4431 1453 4494 aliis
1484 4432 1671 4496 intercedens
1702 4432 1811 4495 mulier
1841 4452 1903 4494 non
1940 4439 2091 4494 teneatur:

260 4535 367 4613 ἐπειδὴ
400 4535 503 4599 ἄλλον
534 4540 758 4618 ἐγγυησαμένη
790 4535 870 4617 γυνὴ
903 4538 943 4601 ού
973 4542 1162 4615 κατέχεται·
1190 4558 1287 4619 neque
1318 4540 1399 4601 enim
1429 4547 1547 4620 oportet
1574 4539 1714 4602 mudieres
1741 4560 1797 4620 pro
1825 4538 1932 4600 allonis
1963 4539 2092 4617 negotiis

260 4643 335 4706 ούτε
357 4638 424 4728 γάρ
449 4642 500 4706 δεῖ
518 4640 580 4716 τὰς
603 4653 762 4723 γυναῖκας
786 4644 865 4727 ύπέρ
888 4644 1073 4727 άλλοτρίων
1089 4668 1163 4709 συν·
1189 4646 1293 4708 teneri
1829 4666 1854 4708 c.
1870 4648 1900 4706 4.
1916 4645 1950 4708 O.
1965 4644 2023 4721 IV,
2041 4648 2091 4707 25.

259 4749 482 4832 αλλαγμάτων
505 4751 695 4827 ἐνέχεσδαιε
712 4748 775 4798 -³
900 4772 925 4815 c.
941 4756 971 4814 4.
987 4751 1020 4814 0.
1036 4751 1094 4828 IV,
1111 4756 1162 4815 25.

184 4873 221 4942 ks.
324 4854 357 4921 Ὁ
384 4856 510 4921 ἀδικῶν
536 4856 723 4943 ναύκληρον
755 4857 899 4940 δημοσία
929 4861 1163 4945 μεταφέροντα
1256 4859 1320 4937 Qui
1341 4859 1452 4921 iniuria
1466 4858 1561 4922 afficit
1579 4860 1774 4922 exercitorem
1789 4860 1910 4941 publice
1924 4859 2092 4934 vehentem,

260 4963 340 5027 δέκα
362 4965 479 5046 λίτρας
498 4973 629 5047 χρυσοῦ
652 4974 878 5048 προστιμᾶται
894 4963 951 5027 καὶ
968 4962 1007 5027 τὸ
1023 4965 1163 5048 ἀζήμιον
1189 4966 1294 5028 decem
1325 4965 1411 5027 libris
1439 4965 1586 5028 multatur
1613 4976 1643 5028 et
1674 4966 1904 5029 indemnitatem
1935 4966 2092 5029 exercitos-i

258 5074 305 5152 τςῖ
329 5071 501 5153 ναυκλήρῳ
524 5071 615 5153 αύτῷ
640 5074 783 5155 παρέχει.
923 5094 948 5134 c
966 5075 994 5133 1.
1008 5071 1042 5134 Ο.
1057 5072 1116 5147 XI,
1134 5076 1161 5134 2.
1189 5074 1248 5154 ipsi
1270 5081 1415 5154 praestat
1850 5074 1908 5135 c.l
1936 5073 1970 5135 C.
1986 5072 2046 5147 XI,
2063 5076 2092 5134 2.
2118 5138 2119 5142 ,

162 5193 221 5262 [μ’.
322 5176 355 5242 Ὁ
377 5179 536 5262 άρπάζων
559 5201 592 5241 τι
615 5175 683 5242 άπὸ
705 5177 893 5261 ναυκλήρου
915 5177 1060 5259 δημοσία
1081 5180 1162 5242 άπο-
1256 5179 1319 5257 Qui
1341 5181 1422 5261 repit
1444 5180 1560 5260 ahquid
1582 5181 1622 5243 ab
1639 5181 1803 5243 exercitore
1824 5179 1946 5262 publice
1963 5179 2092 5242 vehente

258 5286 421 5370 φέροντος
458 5289 492 5347 ἐν
531 5288 578 5366 τῷ
610 5286 784 5367 τοτραπλῷ
815 5282 855 5349 τὸ
883 5285 1033 5367 ἁρπαγέν
1059 5286 1162 5368 pedo·
1189 5288 1221 5347 in
1243 5287 1446 5368 quadruplum
1469 5288 1533 5349 eius
1556 5288 1638 5368 quod
1660 5289 1762 5369 rapuit
1783 5288 1970 5350 convenitur.
2020 5307 2046 5349 c
2063 5288 2092 5348 3.

257 5390 396 5455 δεύεταιε
414 5429 456 5438 -
919 5414 943 5455 c
961 5397 989 5454 3.
1005 5393 1039 5456 O.
1055 5393 1115 5467 XI,
1133 5396 1161 5455 2.

158 5514 219 5587 ·,γ,
322 5495 396 5561 Ἐάν
419 5497 579 5579 δημόσιον
603 5494 689 5572 ολδος
712 5498 885 5585 πωλύσηὸ
908 5497 1101 5583 ναύκληρος,
1118 5503 1162 5573 τίς
1256 5501 1290 5564 si
1321 5500 1477 5582 publicam
1509 5502 1640 5581 speciem
1672 5501 1842 5564 vendiderit
1872 5501 2032 5575 exercitur,
2060 5500 2092 5560 in

258 5601 297 5666 τὸ
321 5603 566 5686 τετραπλάσιον
588 5605 856 5687 καταδικάζεται.
917 5628 942 5669 c
959 5611 988 5669 5.
1005 5607 1039 5670 C.
1056 5608 1115 5684 XI,
1133 5611 1160 5669 2.
1189 5607 1395 5690 quadruplum
1417 5608 1645 5670 condemnatur.
2019 5627 2045 5669 o.
2062 5610 2091 5668 5.

327 5888 337 5920 ¹
356 5887 443 5959 ἐνομβ.
466 5888 526 5942 cod.
618 5888 629 5920 ¹
646 5890 687 5944 ita
704 5889 778 5958 cod,
801 5890 850 5961 qui
872 5890 890 5944 l.
909 5891 1083 5961 operatrices.

254 5977 267 6009 ⁸
283 5977 370 6032 habet
387 5977 464 6049 Sym,
482 5977 532 6031 ubi
549 5978 680 6033 laudatur
696 5984 829 6050 tanquam
847 5998 907 6048 κοφ.
926 5980 974 6032 W
991 5977 1040 6049 (N,
1057 5982 1127 6049 1,7).
