4842 7018
703 1277 823 1332 ΤΙΤΛΟ(
841 1278 886 1348 Z',
906 1278 1039 1333 ΒΙΒΛΙΟΥ
1057 1278 1110 1343 Νς’
1603 1276 1768 1334 ΤΙΤῦΙιΠΒ
1787 1278 1852 1346 vll,
1871 1277 1976 1333 LIBRI
1993 1279 2059 1334 LVI

776 1389 838 1459 περὶ
855 1387 1028 1459 κατηγοριῶν.
1689 1384 1724 1439 du
1741 1385 1973 1440 accusationibus.

379 1502 413 1566 ς.
513 1490 546 1556 Ὁ
578 1492 695 1566 δοῦλος
727 1495 746 1555 ό
774 1489 834 1556 τόν
862 1493 1025 1570 δεσπότην
1055 1492 1277 1575 καταμηυύωυ
1308 1495 1352 1565 είς
1446 1490 1558 1555 Servus
1574 1493 1728 1555 dominum
1744 1515 1890 1557 accusans
1905 1495 1946 1556 ad
1959 1497 2132 1578 exemplum
2145 1503 2250 1563 omniun

450 1599 631 1683 ὑπόδειγμα
654 1601 788 1664 πάντων
811 1611 878 1663 τῶν
894 1600 1074 1682 δεδομένων
1089 1601 1351 1684 αύ[σ]τηροτάτη
1379 1597 1565 1678 proditorum
1593 1602 1783 1663 severissima
1810 1603 1959 1665 sententia
1989 1603 2143 1683 puniatur,
2170 1628 2250 1686 quam

449 1708 619 1794 ἀποφάσει
649 1709 792 1771 τιθέντα
818 1708 996 1790 ἀποδείξει,
1030 1708 1270 1792 ύπεξηρημένου
1293 1715 1353 1770 τοῦ
1380 1705 1426 1766 vis
1444 1706 1627 1786 probaverit,
1650 1718 1777 1788 excepto
1800 1710 1924 1771 crimine
1946 1711 2123 1773 maiestatis

449 1814 651 1895 ἐγκλήματος
674 1826 732 1892 της
754 1813 1023 1888 καθοσιώσεως.1
1113 1837 1138 1878 c.
1154 1820 1182 1876 6.
1198 1814 1232 1876 0.
1244 1816 1285 1889 Χ,
1303 1819 1351 1875 11.
2020 1840 2045 1880 ο.
2065 1821 2094 1882 6.
2111 1820 2142 1881 C.
2158 1824 2251 1894 10,11.

383 1929 412 1991 t.
519 1919 601 1985 Ούτε
617 1926 726 2005 ολκέτη
736 1924 811 1986 ούτε
824 1922 989 2006 ἐλευθέρῳ
1003 1923 1106 2005 ἔξεστι
1121 1922 1350 2005 καταμηνύειν.
1444 1920 1553 2001 Neque
1575 1942 1661 1985 servo
1683 1943 1779 2004 neque
1796 1923 1891 1985 libem
1907 1924 1978 1987 lieet
1992 1925 2172 2001 denuntiare,
2191 1929 2254 1991 uude

449 2025 535 2091 ὅθεν
556 2028 667 2111 μηδεὶς
689 2029 900 2114 εὐλαβεῖσθαι
922 2030 1002 2111 μύτε
1025 2030 1184 2093 θάνατον
1201 2030 1281 2111 μήτε
1300 2030 1352 2092 οὑ·
1379 2045 1467 2087 nemo
1494 2028 1599 2089 timeat
1625 2050 1681 2090 nec
1709 2040 1834 2091 mortem
1862 2051 1918 2093 nac
1944 2031 2092 2094 bonorum
2118 2033 2254 2116 ademptio

448 2136 525 2208 σίας
552 2138 742 2222 ἀφαίρεσιν.
789 2141 815 2199 εί
842 2136 876 2198 δέ
905 2158 955 2210 τις
982 2135 1001 2212 η
1029 2136 1136 2211 άλλως
1159 2158 1227 2210 πως
1249 2159 1351 2200 κατα·
1379 2153 1456 2196 ηοω.
1500 2137 1526 2196 si
1552 2155 1624 2197 vero
1652 2137 1719 2216 quis
1747 2146 1802 2198 aut
1827 2137 1917 2199 aliter
1943 2139 2101 2201 denuntiet
2129 2142 2255 2221 quendam

447 2240 579 2321 μηνύσει
604 2264 680 2306 τινα
702 2242 722 2319 ὑ
745 2245 789 2316 ὡς
813 2243 954 2327 εὑρόντα
974 2241 1154 2325 θησαυρὸν
1172 2242 1351 2329 διαβάλλει,
1379 2248 1433 2300 aut
1454 2250 1598 2321 tanquam
1621 2243 1807 2305 inventorem
1831 2244 1965 2307 1116111111ῐὶ
1986 2245 2108 2320 ῖῦἆῐθθῒε
2128 2248 2256 2310 8111111111

448 2351 575 2423 οἰκέτης
602 2350 660 2429 μὲν
687 2348 733 2411 ὢν
761 2361 967 2434 παραχρῆμα
995 2348 1245 2434 παραδεδόσθω
1274 2349 1350 2434 πυρὶ
1379 2346 1426 2419 Sit,
1459 2348 1561 2409 11111111
1589 2348 1650 2428 igni
1682 2350 1822 2411 1181111111
1848 2362 1879 2413 et
1910 2353 2041 2415 maxime
2073 2353 2256 2415 sidominum

446 2452 503 2518 καί
530 2455 678 2536 μάλιστα
707 2459 734 2519 ελ
760 2465 822 2519 τοῦ
848 2455 1012 2520 δεσπότου
1034 2466 1222 2539 κατηγορεῖ.
1268 2456 1350 2520 ελεὺ-
1379 2464 1515 2515 accuset:
1538 2454 1564 2515 si
1587 2466 1690 2516 autem
1712 2456 1799 2531 liber,
1816 2465 1847 2519 et
1867 2459 2084 2538 patrimonium
2107 2460 2217 2522 amittat
2234 2470 2259 2521 et

448 2560 554 2644 θερος
577 2560 610 2624 δὲ
634 2562 794 2643 ὑπάρχων
815 2561 872 2626 καλ
897 2574 954 2640 τῆς
976 2563 1093 2637 οὐσίας
1111 2564 1275 2626 ἐκπίπτων
1292 2561 1349 2627 καλ
1378 2559 1531 2622 civitatem
1554 2571 1586 2623 et
1606 2572 1694 2623 extra
1716 2562 1790 2625 fines
1817 2565 1952 2627 eiiciatur
1977 2567 2097 2627 romani
2119 2568 2229 2648 impuii

447 2668 681 2743 τῆςπολιτειάς
695 2670 834 2751 ἕξειτῶν
847 2667 1003 2754 δρωντῆς
1017 2670 1185 2752 ῥωμαίκης
1200 2670 1349 2750 γινέσθω
2021 2693 2046 2734 ο.
2065 2677 2093 2735 7.
2110 2673 2143 2735 C.
2161 2676 2205 2748 10,
2220 2677 2259 2734 11.

445 2772 647 2859 βασιλείας.2
1103 2799 1128 2840 ο.
1146 2782 1172 2840 7.
1190 2778 1224 2839 C.
1240 2778 1280 2851 X,
1300 2782 1349 2840 11.

394 2891 409 2943 '.
514 2879 573 2957 Μὴ
589 2882 709 2964 ἐξέστω
720 2891 791 2957 τοῖς
800 2892 862 2946 τοῦ
871 2882 1031 2965 δημοσιόυ
1041 2885 1238 2968 συνηγόροις
1247 2885 1349 2965 λέγειν
1442 2879 1491 2942 Ne
1520 2880 1611 2944 liceat
1637 2882 1702 2945 fisci
1729 2884 1885 2947 advocatis
1913 2884 2011 2949 dicere
2037 2887 2187 2967 perlatum
2208 2907 2261 2947 esse

446 2989 490 3060 ὡς
514 2988 771 3071 περιηγήθησάν
794 3012 870 3053 τινα
885 2993 1036 3068 κατέχειν
1059 2991 1204 3071 δημόσια
1218 2990 1274 3054 καὶ
1292 2989 1348 3054 διά
1376 2985 1415 3045 ad
1434 3007 1465 3047 111
1488 2988 1639 3066 quendam
1662 3000 1763 3051 tenere
1785 3011 1832 3052 res
1855 2991 1918 3054 fisci
1937 3002 1968 3054 et
1990 3014 2044 3073 per
2067 2994 2208 3055 eiusmodi
2226 2992 2260 3053 in·

429 3093 569 3170 ,ταύτης
606 3106 664 3172 τῑις
705 3098 858 3183 ἀφανοῦς
893 3098 1097 3178 κατηγορίας
1131 3096 1349 3181 ἐπιβουλεύειν
1375 3102 1488 3154 certam
1513 3097 1733 3157 accusationem
1757 3098 1892 3160 insidiari
1910 3101 2059 3180 cuiquam.
2102 3100 2154 3161 aed
2169 3100 2200 3172 is,
2220 3100 2262 3178 qui

445 3202 577 3283 ἑτέροις.
624 3200 709 3266 ἀλλά
731 3201 787 3267 καὶ
812 3205 831 3266 ό
853 3202 1086 3284 καταμηυυτὺγς
1114 3209 1268 3289 παρέστω
1290 3204 1346 3268 καὶ
1375 3197 1552 3262 denuntiare
1574 3202 1650 3276 vult,
1674 3204 1778 3266 adesto
1800 3215 1831 3266 et
1853 3207 1990 3268 condicio
2005 3207 2072 3268 eius
2087 3207 2262 3288 inspiciatur:

444 3309 464 3383 η
489 3308 624 3384 ποιότης
647 3310 752 3372 αὑτοῦ
774 3312 971 3374 σκοπείσθω
999 3310 1055 3374 καλ
1078 3310 1158 3392 μηδὲ
1186 3309 1256 3385 υίὸς
1275 3297 1348 3393 πρά
1376 3306 1574 3386 11111111θὺ1111
1597 3320 1714 3389 patrem
1738 3323 1902 3375 matremve
1919 3333 2015 3393 neque
2029 3313 2156 3375 libertus
2178 3324 2263 3394 patro

444 3412 464 3490 λ)
496 3400 570 3497 ηερ-α
596 3414 616 3492 ’λη
648 3416 871 3501 ἀπελεύθερος
904 3417 1058 3497 πάτρονα
1093 3417 1143 3480 ἐπὶ
1177 3418 1347 3499 δημοσίοις
1375 3433 1447 3473 num
1474 3415 1554 3476 circa
1579 3436 1627 3476 res
1659 3416 1776 3479 fiscales
1803 3419 1961 3481 denuntiet
1988 3442 2085 3502 neque
2117 3423 2142 3483 is
2168 3421 2264 3503 quiin

443 3525 693 3603 καταμηνυέτω,
725 3522 805 3604 μηδὲ
833 3525 852 3586 ό
884 3524 1017 3606 έξοριάν
1044 3524 1220 3606 ὑπομείνας
1247 3525 1266 3603 ἢ
1297 3525 1346 3590 ἐπὶ
1374 3519 1499 3581 exilium
1522 3523 1631 3584 missus
1654 3532 1700 3585 est
1722 3523 1770 3586 vel
1794 3525 1947 3587 calumnia
1969 3527 2134 3589 damnatus
2156 3527 2203 3590 vel
2222 3527 2264 3607 qui

444 3630 659 3712 συκοφαντίᾳ
689 3629 911 3714 κατακριθεὶς
949 3630 968 3707 λγ
1001 3628 1126 3710 πληγὰς
1162 3630 1255 3716 παρὰ
1286 3641 1347 3696 τοῦ
1373 3625 1498 3688 fustium
1521 3628 1631 3691 ictibus
1658 3650 1678 3691 a
1700 3631 1879 3710 magistratu
1902 3633 2040 3695 adiectus
2069 3644 2118 3696 est
2140 3655 2195 3696 nee
2215 3633 2266 3694 siit

443 3735 610 3815 ἀρχοντος
633 3734 808 3818 δεξάμενος
829 3735 909 3818 μηδὲ
937 3742 1049 3820 έτερον
1076 3739 1257 3820 πρόσωπον
1279 3737 1345 3802 ἀπὸ
1373 3753 1515 3812 persona,
1547 3755 1626 3815 quae
1658 3735 1775 3817 legibus
1807 3750 1935 3813 arcetur,
1967 3740 2120 3802 audiatur.
2174 3759 2265 3801 servus

443 3841 547 3921 νόμου
574 3843 762 3925 ελργόμευον
789 3844 980 3906 ἀκουέσθω.
1032 3848 1159 3920 οἰκέτης
1186 3842 1220 3906 δέ
1250 3843 1267 3921 λη
1294 3843 1344 3908 ἐπὶ
1374 3859 1444 3901 vero
1467 3841 1518 3920 qui
1545 3840 1596 3903 vel
1623 3842 1661 3904 de
1687 3864 1720 3905 re
1748 3843 1812 3906 fisci
1834 3845 1883 3908 vel
1910 3846 1949 3907 de
1971 3845 2033 3908 alia
2056 3848 2166 3928 quavis
2187 3845 2267 3907 domi·

443 3946 588 4027 δημοσίᾳ
620 3949 713 4028 αλτίμ
745 3948 764 4025 ἢ
796 3948 847 4012 επὶ
879 3949 961 4035 άλλη
993 3949 1057 4014 τιυὶ
1090 3960 1151 4014 τοῦ
1182 3951 1346 4015 δεσπότου
1373 3965 1445 4006 1111111
1477 3958 1600 4009 accusat
1630 3949 1703 4010 dum
1730 3950 1830 4012 adhue
1857 3953 1951 4014 verba
1978 3954 2183 4016 accusationis
2211 3971 2267 4033 pro

442 4064 640 4135 κατηγορῶμ
666 4058 700 4118 ἐν
723 4056 813 4136 αὐτῷ
837 4060 884 4137 τῷ
912 4057 1134 4141 φθέγγεσθαι
1164 4056 1223 4134 τὴν
1245 4081 1344 4134 ματη.
1373 4053 1495 4114 nuniiai
1516 4055 1617 4134 capite
1640 4055 1771 4131 feriatur,
1799 4059 1937 4137 quamvis
1960 4079 2030 4121 vere
2054 4070 2166 4122 eontra
2186 4059 2267 4120 domi·

442 4161 562 4243 γοριάν
585 4162 836 4244 ἀποτεμυέσθω,
864 4167 890 4225 εί
913 4161 969 4226 καὶ
994 4163 1149 4238 ἀληθεύει
1172 4162 1263 4228 κατά
1286 4174 1346 4229 τοῦ
1372 4178 1445 4219 num
1477 4159 1628 4240 loquatur·
1682 4173 1713 4223 et
1744 4163 1848 4225 schola
1885 4165 2091 4245 palatinorum
2131 4168 2158 4228 si
2190 4185 2269 4247 quem

442 4266 615 4330 δεσπότου.
660 4267 716 4331 καί
746 4270 765 4345 ἡ
794 4267 897 4345 σγολη
921 4268 955 4331 δέ
985 4280 1052 4332 τῶν
1075 4270 1265 4333 παλατίνων
1287 4270 1345 4335 ὲάν
1372 4264 1541 4339 denuntiet,
1569 4268 1636 4347 ipsa
1663 4269 1742 4330 enim
1770 4279 1890 4332 tantum
1918 4272 2099 4334 denuntiare
2128 4284 2160 4335 et
2182 4282 2269 4353 potest

440 4373 658 4461 καταμηνύσῃ
686 4375 787 4448 τινός·
815 4375 898 4457 μόνη
926 4372 992 4458 γάρ
1016 4375 1100 4454 αὐτὴ
1123 4376 1179 4440 καὶ
1204 4376 1342 4442 δύναται
1372 4381 1402 4431 et
1431 4372 1560 4447 iubetur,
1592 4372 1640 4436 vel
1673 4375 1751 4436 alius
1782 4377 1833 4456 qui
1866 4399 1904 4440 ex
1937 4378 2032 4458 legem
2061 4379 2160 4442 habet
2187 4377 2270 4440 facid-

440 4480 661 4563 καταμηνύειν
687 4479 744 4545 καὶ
773 4483 1009 4562 ἀναγκάζεται,
1037 4483 1056 4560 λη
1083 4483 1139 4547 καὶ
1167 4490 1278 4565 έτερος
1309 4490 1344 4549 έκ
1371 4475 1491 4539 tatem-¹
2207 4506 2230 4546 c
2245 4487 2269 4544 8.

440 4597 502 4652 τοῦ
524 4589 627 4669 νόμου
650 4588 933 4670 συγγωρούμενοςε
952 4586 1010 4635 -3
1226 4613 1250 4653 ο.
1268 4596 1286 4652 8
1303 4594 1342 4654 ib.

687 4764 806 4818 ΤΙΤΛΟ(
825 4765 868 4831 Η’,
888 4765 1020 4819 ΒΙΒΛΙΟΥ
1039 4766 1092 4830 Νς’
1585 4762 1751 4821 TITULUS
1769 4765 1848 4834 vlll,
1866 4766 1971 4823 LIBRI
1988 4767 2055 4823 LVI

662 4874 724 4943 napi
747 4870 849 4924 ἀιόνων
871 4876 915 4924 καὶ
942 4873 1116 4943 τελεσμὺτων.
1645 4870 1681 4925 ds
1698 4874 1816 4927 annonis
1836 4874 2002 4929 attributis.

366 4987 401 5060 γ.
510 4977 560 5043 Tc>
588 4979 732 5061 δημόσια
760 4979 833 5055 τέλη
862 4982 922 5042 ούκ
949 4985 1009 5042 είσι
1037 4978 1127 5043 κατά
1154 4983 1342 5063 προσώπων
1434 4977 1564 5040 Publica
1590 4981 1705 5042 tributa
1731 5003 1792 5043 non
1819 4992 1892 5044 sunt
1918 4984 1956 5045 de
1983 4985 2133 5064 personis,
2163 4984 2216 5047 sed
2240 4983 2273 5043 de

374 5412 400 5465 ι’.

438 5084 524 5151 ἀλλά
546 5082 637 5150 κατά
660 5088 867 5169 πραγμάτων
889 5084 945 5149 καὶ
970 5086 1022 5149 δεῖ
1040 5084 1100 5149 τὸν
1115 5089 1268 5169 ἀργουτα
1284 5099 1341 5164 τῆς
1368 5084 1459 5145 rebus
1487 5095 1519 5145 et
1546 5096 1663 5166 oportet
1691 5090 1859 5169 praesidem
1887 5090 2060 5170 provinciae
2091 5111 2212 5165 curm,
2240 5107 2273 5150 1¹0

438 5194 600 5275 ἐπαρχίας
632 5192 837 5272 σπουδάζειν,
871 5189 926 5255 ἵνα
957 5192 1067 5273 μηδείς
1105 5193 1184 5278 ὑπὲρ
1223 5190 1269 5257 ὧν
1301 5197 1341 5258 ού
1368 5191 1436 5270 quis
1460 5190 1541 5253 ultra
1563 5192 1594 5253 id
1616 5195 1697 5274 quod
1720 5195 1854 5276 possidet
1875 5198 2007 5259 tribuere
2029 5209 2174 5278 cogatur.

436 5304 564 5380 νέμεται
582 5299 744 5362 συντελεῖν
760 5300 1008 5378 ἀναγκάσηταιτ
1019 5298 1081 5345 —⁴
1118 5322 1142 5362 c.
1153 5305 1181 5362 3.
1193 5302 1226 5363 Ο.
1236 5303 1278 5376 Χ,
1291 5307 1338 5365 16.
2011 5326 2035 5367 c.
2053 5308 2084 5366 3.
2103 5304 2141 5367 Ο.
2160 5306 2212 5379 10,
2232 5304 2275 5364 16.

505 5404 631 5481 Μηδεὶς
658 5407 840 5487 προνόμιον
873 5405 971 5487 ἀξίας
999 5405 1266 5491 προβαλλόμενος
1295 5406 1337 5489 μὴ
1433 5406 1531 5467 Nemo
1553 5407 1742 5487 privilegium
1765 5409 1922 5489 dignitatis
1949 5411 2166 5491 praeseferens
2191 5432 2210 5472 a
2231 5410 2273 5471 tri·

438 5513 639 5591 συντελείτω,
678 5509 764 5576 ἀλλά
802 5513 921 5586 πάντες
960 5510 1041 5596 πρὸς
1078 5513 1262 5594 ἀναλογίαν
1293 5510 1339 5576 ὧν
1366 5511 1446 5573 butis
1465 5514 1623 5587 eximatur,
1647 5515 1699 5576 sed
1715 5536 1818 5577 omnes
1835 5517 2000 5578 secundum
2019 5520 2201 5597 portionem
2217 5538 2276 5580 suo·

438 5621 549 5695 έχουσι
574 5620 751 5700 κτημάτων
775 5618 1064 5682 συντελείτωσαν.ὅ
1244 5641 1269 5682 c.
1289 5623 1337 5682 10.
1365 5639 1432 5678 rum
1455 5620 1604 5684 bonorum
1627 5623 1769 5684 tribuant
2188 5646 2212 5687 c
2231 5626 2274 5684 10.

1439 5780 1447 5810 ¹
1467 5779 1510 5832 ltu
1525 5738 1645 5850 air-rupte
1664 5780 1785 5850 explicit

508 5777 517 5809 ¹
536 5777 621 5831 habet
631 5778 711 5847 Syu.3
731 5778 780 5832 sed
789 5777 808 5831 l.
818 5776 1000 5850 προδιδόντων
1009 5784 1037 5832 et
1047 5778 1121 5832 infra
1130 5796 1192 5832 curn
1202 5778 1245 5832 ed.
1258 5799 1338 5848 τιμω-

435 5868 541 5934 ρείσθω
551 5865 601 5918 κᾶν
611 5867 656 5919 ἀπ.
667 5884 717 5935 pro
727 5885 753 5922 v.
764 5869 883 5920 τιθέντα.
922 5868 933 5898 ’
950 5885 975 5921 v.
987 5866 1081 5922 Curiae.
1092 5867 1197 5922 Comm.
1209 5870 1237 5920 in
1248 5868 1274 5921 h.
1285 5868 1302 5921 1.

436 5955 446 5984 ³
465 5973 490 6010 v.
501 5956 596 6009 Ouiae.
607 5954 713 6009 Oomm.
724 5958 752 6008 in
762 5956 788 6009 h.
799 5957 816 6008 1.
868 5957 879 5987 ⁴
898 5958 1025 6010 similiter
1035 5957 1100 6026 Syn.
1147 5959 1158 5988 ⁶
1176 5957 1261 6011 habet
1271 5960 1337 6026 Syn.
1350 5956 1353 6023 l
