4978 7018
392 476 435 540 28
1070 476 1224 545 LIBER
1245 475 1354 543 XXX
1399 478 1537 545 11111

320 657 356 713 α’·
459 654 527 721 Καὶ
551 661 595 731 εἰς
618 655 791 742 προκοπήν
811 658 921 734 καλῶς
944 660 1036 743 αὐτῷ
1058 659 1212 746 δωρεῖται
1234 659 1292 725 καλ
1407 660 1450 723 Et
1471 662 1503 722 in
1525 681 1701 743 processum
1727 672 1808 725 roote
1830 664 1858 725 ei
1880 663 2012 726 donetur
2038 673 2071 726 et
2092 672 2127 725 ut
2148 663 2225 745 opti·

392 759 449 827 διά
471 761 511 827 τδ
534 772 644 842 τυγεῖν
666 775 761 846 τιμης
787 763 845 829 καὶ
871 765 985 851 λαβεῖν
1007 767 1107 851 άξιάν
1130 768 1292 845 ἱππέωςή
1320 777 1393 830 nest
1422 768 1566 831 honorem
1592 767 1644 831 vel
1670 779 1798 850 quaeret
1824 770 2002 851 dignitatem
2033 770 2143 852 equitis
2174 769 2224 834 vol

391 869 686 936 LATICLIUIUM
708 871 728 949 ή
748 873 852 958 χάριν
876 873 971 948 θέας.
1074 875 1110 937 ir.
1126 879 1178 938 41.
1195 879 1236 938 42
1252 875 1292 937 ib.
1319 874 1509 938 laticlauium
1530 874 1582 939 vel
1604 895 1697 938 osuss
1711 876 1886 958 speotsouli.
2051 878 2088 939 fr.
2104 880 2155 938 41.
2171 879 2224 939 42.

451 972 548 1062 Ὅπερ
571 976 788 1063 έδωρησάμην
810 983 852 1066 τῇ
875 985 999 1069 γαμετῇ
1021 1003 1086 1064 μον
1108 979 1187 1065 ὲμδν
1208 985 1291 1065 μένει
1386 982 1544 1063 Quidquid
1569 981 1683 1046 donavi
1708 985 1797 1046 uxori
1822 1003 1910 1047 meos
1936 1004 2037 1047 meum
2063 992 2167 1046 munet
2194 992 2226 1045 et

390 1081 448 1147 καὶ
464 1082 605 1167 δύναμαι
621 1083 705 1150 αὐτὸ
721 1086 858 1151 ἐκδικεῖν
872 1085 937 1151 κάν
951 1090 971 1165 ή
986 1086 1067 1170 γυνή
1086 1085 1170 1172 μετά
1184 1098 1293 1153 ταῦτα
1320 1109 1444 1170 possum
1466 1090 1498 1153 id
1520 1090 1682 1165 vindicare,
1705 1092 1846 1171 quumvis
1868 1090 1977 1154 mulier
1997 1100 2106 1173 postes
2127 1089 2226 1152 mults

392 1190 499 1255 πολλά
520 1213 576 1273 μοι
600 1191 793 1282 ληγατεάση.
1142 1197 1179 1259 fr.
1193 1200 1237 1260 48
1252 1197 1292 1259 ib.
1321 1195 1395 1257 mihi
1415 1197 1585 1277 legavisset
2120 1198 2156 1259 fr.
2171 1199 2225 1261 48.

456 1294 531 1363 Ἐάν
553 1310 790 1376 συναινοιῖντος
812 1311 875 1366 τοῦ
895 1300 1020 1386 ἀνδρὸς
1042 1305 1062 1380 ή
1082 1300 1163 1384 γυνή
1178 1306 1293 1389 κέγρη-
1387 1302 1421 1365 si
1444 1304 1651 1367 eonsentiente
1673 1305 1738 1367 viro
1753 1325 1831 1367 uxor
1849 1314 1954 1368 utetur
1968 1305 2131 1367 aestimate
2144 1305 2226 1378 dote,

391 1427 448 1468 ται
472 1409 513 1493 τῇ
537 1404 786 1495 διατετιμημένη
809 1407 931 1495 προικὶ,
960 1410 1000 1473 οὐ
1021 1410 1186 1491 λογίζεται
1209 1411 1294 1497 αὐτῇ
1321 1429 1382 1471 non
1412 1409 1545 1491 imputat
1574 1411 1602 1473 ei
1628 1411 1787 1487 damnum,
1822 1431 1921 1493 nsque
1951 1411 2075 1474 donatio
2111 1421 2158 1473 est
2192 1412 2227 1472 in

391 1511 453 1592 τήν
475 1514 593 1597 ζημέαν
616 1514 692 1579 οὔτε
711 1514 745 1579 δὲ
761 1513 870 1601 δωρεά
889 1520 980 1580 ἐστιν
994 1520 1039 1591 εἰς
1053 1526 1208 1598 γυναῖκα·
1231 1513 1295 1581 κάν
1321 1535 1459 1579 uxorem:
1482 1526 1513 1578 et
1535 1517 1562 1579 si
1583 1517 1732 1597 legaverit
1754 1519 1782 1580 ei
1796 1518 1844 1581 vir
1865 1538 1914 1581 res
1936 1518 2075 1593 donatus,
2097 1538 2149 1580 sus
2163 1538 2227 1580 non

392 1620 576 1707 ληγατεάση
599 1622 684 1709 αὐτῇ
707 1624 726 1685 d
746 1620 834 1709 άνήρ
862 1620 907 1688 τά
931 1622 1133 1708 δωρηθέντα
1154 1624 1195 1688 οὐ
1216 1624 1295 1707 λαμ-
1322 1623 1439 1704 eeoipit
1873 1625 2010 1702 fusus
2029 1624 2226 1698 1.1).24,1.

391 1726 486 1812 βάνει
510 1728 607 1792 αὐτά.
869 1730 905 1793 fr.
922 1734 1006 1809 53.§
1027 1735 1054 1794 1.
1069 1732 1109 1795 D.
1124 1732 1249 1807 XXIV,
1268 1735 1295 1793 1.

305 1839 356 1903 νζ·
457 1832 531 1899 Ἐάν
557 1835 699 1899 θέλοντί
720 1858 773 1900 σοι
802 1835 1034 1922 δωρήσασθαί
1055 1860 1112 1920 μοι
1135 1839 1296 1902 θανάτου
1389 1835 1423 1899 Si
1449 1837 1600 1899 donetnro
1626 1837 1700 1903 mihi
1727 1839 1832 1901 mortis
1858 1858 1953 1901 muse
1981 1837 2145 1919 permisero
2170 1836 2229 1899 tibi

392 1942 486 2021 αῖτίμ
517 1945 686 2028 ἐπιτρέψω
719 1942 835 2007 δοῦναι
867 1948 909 2031 τῇ
934 1949 1063 2031 γαμετῇ.
1087 1967 1152 2027 μου
1183 1945 1295 2008 θέλων
1322 1942 1395 2004 dure
1417 1945 1505 2005 uxori
1527 1964 1612 2007 mese
1634 1944 1740 2008 uolens
1762 1946 1791 2008 oi
1814 1944 1990 2027 simplioiter
2013 1944 2135 2018 donari,
2164 1964 2227 2005 non

392 2048 478 2136 αὐτῇ
508 2048 620 2123 ἀτελεῖς
650 2047 879 2134 δωρήσασθαι
911 2053 951 2115 οὐ
977 2073 1107 2115 ....εν
1136 2055 1202 2115 εἴτε
1228 2049 1294 2135 γάρ
1325 2048 1448 2133 [velet];
1478 2070 1551 2112 nom
1578 2051 1829 2126 sisonvaluern,
1856 2051 1913 2114 tibi
1940 2060 2055 2125 teneor,
2086 2052 2151 2114 sivo
2177 2051 2228 2114 de

392 2155 555 2236 ὑγιαινεῖς,
571 2156 732 2237 ἐνεχωμαί
740 2177 804 2236 σοι,
819 2159 882 2220 εἴτε
891 2157 1091 2234 τελευτήσεις
1101 2159 1294 2243 εὑρίσκομαι
1322 2156 1457 2231 oesseris,
1489 2157 1625 2220 invenior
1655 2158 1816 2239 pauperior
1848 2178 1909 2220 non
1935 2158 2051 2220 hebens
2082 2158 2115 2219 id
2145 2158 2229 2239 quod

392 2265 584 2347 πενέστερος
598 2260 642 2343 μή
658 2265 741 2339 ἔχων
757 2260 836 2347 ὅπερ
852 2264 984 2345 ἔμελλον
998 2267 1095 2342 dysis:
1111 2302 1154 2312 -
1191 2264 1227 2327 fr.
1244 2268 1294 2327 56.
1322 2262 1447 2325 fuissem
1469 2263 1639 2326 habiturus.
2123 2264 2159 2327 ir.
2175 2268 2227 2326 56.

339 2373 355 2425 '.
456 2365 531 2432 Ἐάν
553 2366 673 2454 ὁάνήρ
689 2367 922 2454 δωρησάμενος
937 2370 1112 2458 τελευτήσῃ
1127 2372 1295 2456 έφησυχά-
1387 2368 1422 2431 si
1437 2370 1492 2443 vir,
1506 2372 1559 2450 qui
1574 2372 1706 2445 donavit,
1729 2372 1876 2434 morietur
1893 2371 2088 2452 nequiesoens
2103 2371 2228 2452 [nome]

392 2497 455 2549 σας
482 2478 523 2561 τῇ
546 2473 668 2561 δωρεᾷ,
695 2474 892 2560 βεβαιοῦται
919 2479 939 2554 ή
963 2474 1085 2562 δωρεά,
1114 2475 1200 2541 ὅθεν
1226 2483 1253 2542 si
1276 2480 1294 2541 ό
1323 2477 1487 2551 donationi,
1510 2476 1707 2540 confirmatur
1727 2477 1865 2540 donatio:
1888 2498 1983 2558 quere
2004 2479 2031 2541 si
2053 2477 2144 2540 fissus
2161 2488 2229 2541 tsn-

392 2581 550 2664 δημόσιος
559 2583 604 2655 ὡς
619 2582 891 2667 άκληρονόμητον
907 2582 1090 2667 διαδέξεται
1106 2581 1167 2648 τὸν
1176 2583 1294 2669 ἄνδρα,
1322 2604 1414 2665 quum
1445 2583 1587 2645 heredem
1617 2604 1680 2646 non
1705 2583 1830 2646 habenti
1858 2584 1921 2646 viro
1948 2585 2139 2659 suooesserit,
2165 2606 2229 2646 non

393 2688 432 2753 οὐ
448 2687 588 2753 δύναται
604 2686 665 2763 τὰς
680 2686 806 2773 δωρεάς
821 2688 1041 2775 άνατρέπειν.1
1085 2695 1146 2753 el.
1158 2691 1294 2766 (LV‚16.
1322 2699 1423 2771 potest
1445 2691 1623 2752 donationes
1645 2710 1794 2754 renouare.
1991 2712 2017 2755 o.
2035 2693 2062 2752 1.
2078 2690 2113 2753 (λ
2130 2695 2159 2765 5,
2178 2694 2228 2753 16.

339 2801 355 2853 ’.
458 2790 533 2859 Ἐάν
559 2791 638 2869 τοὺς
664 2792 814 2880 καρποὺς
840 2806 909 2860 τῶν
935 2798 1168 2881 προικιμιαίων
1191 2818 1296 2880 πραγ-
1389 2797 1423 2859 Si
1445 2797 1561 2859 fruetus
1583 2817 1683 2859 rerum
1698 2797 1846 2859 dotsiium
1864 2799 1978 2879 oeperit
2000 2818 2079 2860 uxor
2100 2834 2142 2844 —
2183 2833 2227 2844 -

392 2903 507 2984 μάτων
534 2900 692 2986 έλαβενή
719 2901 800 2984 γυνή
825 2906 852 2966 ελ
873 2903 932 2985 μὲν
958 2901 1163 2980 ἐδαπάνησεν
1187 2938 2227 2951 -------------

392 3007 1084 3093 -εῖδὲπλονσιωτέραγέγονεν-’-
1116 3046 1365 3057 ----
1412 3046 1454 3055 -
1501 3045 1543 3056 -
1591 3045 1631 3056 -
1677 3046 1720 3059 -
1763 3045 1805 3055 -
1848 3045 1890 3057 -
1931 3045 1974 3056 -
2016 3047 2058 3059 -
2101 3046 2143 3057 -
2184 3047 2228 3058 -

393 3152 435 3162 —-
459 3152 501 3163 -
524 3139 544 3179 τ
557 3119 573 3133 ”
596 3114 661 3179 άνδ
682 3117 705 3179 ίι
722 3153 765 3163 -
1224 3120 1295 3181 οδ
1325 3150 2228 3164 -----------

306 3229 355 3301 ογ.
457 3221 532 3286 Ἐάν
546 3138 609 3296 ῳτις
635 3137 850 3306 αήτεξοάσιος
877 3221 924 3286 δν
951 3222 1141 3307 δαρήσηται
1174 3227 1215 3309 τῇ
1242 3244 1296 3304 γυ-
1389 3223 1423 3286 si
1454 3223 1522 3303 quis
1549 3224 1597 3284 sui
1627 3225 1700 3284 iuris
1730 3224 1816 3285 uxori
1843 3223 2003 3286 donaverit
2028 3232 2061 3286 ot
2091 3233 2229 3286 mortuus

393 3327 482 3393 ναικὶ
524 3326 581 3392 καὶ
624 3329 799 3415 τελευτήσῃ
836 3330 1056 3418 έιρησυχάσας
1097 3333 1139 3415 τῇ
1178 3328 1296 3414 δωρεᾷ,
1324 3330 1363 3390 sit
1385 3329 1581 3410 sequiesoens
1608 3329 1774 3403 donationi,
1806 3329 1889 3392 valet
1915 3330 1998 3411 quod
2024 3340 2146 3410 gestum
2173 3340 2228 3393 est

392 3434 588 3520 βεβαιοῦται
612 3433 651 3499 τὸ
675 3437 810 3517 γεγονός
833 3470 2228 3484 -----------------

394 3541 533 3606 δύναται
567 3543 586 3604 ὀ
619 3540 742 3608 τούτου
769 3565 835 3629 πήρ
864 3544 1094 3629 ἀφαιρεῖσθαι
1122 3539 1167 3607 τά
1194 3543 1285 3628 πράγ
1285 3577 2227 3592 ------------

393 3671 503 3731 ματα,
542 3647 617 3712 οὐδὲ
664 3683 2225 3698 -------------------

394 3793 435 3803 -
460 3756 589 3837 ἀνάγκη
613 3792 655 3802 -
678 3792 722 3804 -
746 3793 788 3803 -
812 3765 879 3819 τῶν
902 3755 1045 3839 δαρεωνι
1062 3792 1104 3802 -
1203 3777 1228 3820 c.
1247 3759 1296 3818 10.
1326 3790 2057 3802 ---------
2134 3758 2228 3818 210,

340 3870 356 3922 ’.
459 3859 534 3926 Ἐάν
557 3864 576 3925 d
603 3860 688 3946 άνήρ
712 3864 890 3947 ἀγοράζων
916 3862 1072 3944 κτήματα
1100 3866 1145 3936 εὶς
1167 3864 1297 3949 πρόσω-
1391 3861 1424 3923 si
1455 3862 1503 3925 vir
1528 3881 1630 3924 emens
1657 3861 1783 3942 praedis
1809 3881 1849 3923 ex
1879 3881 2009 3943 persone
2039 3864 2143 3925 uxoris
2186 3899 2228 3910 -

394 3990 458 4033 που
485 3980 543 4046 τῆς
573 3966 730 4052 γυναικὸς
756 3965 796 4032 τὸ
829 3965 992 4045 ὠνητικδν
1017 3970 1179 4050 γενέσθαι
1206 3991 1229 4034 π
1254 4004 2228 4017 ------------

395 4220 437 4232 -
482 4218 527 4232 -
572 4218 613 4230 -
659 4179 716 4247 καὶ
748 4181 889 4246 δύναται
911 4180 968 4245 καὶ
994 4179 1086 4246 κατά
1108 4193 1166 4260 τῆς
1187 4204 1284 4264 γυναι
1286 4217 2228 4232 ------------

394 4286 453 4364 κὸς
484 4297 593 4353 ταῦτα
627 4287 889 4367 διακατεχοάσής
920 4287 977 4353 καὶ
1008 4285 1099 4353 κατά
1125 4299 1194 4352 τῶν
1223 4288 1285 4365 κλη
1286 4323 2228 4336 ------------

396 4396 548 4481 ρονόμων
575 4396 677 4473 αὐτῆς
699 4406 833 4472 κινῆσαι
856 4393 917 4473 τήν
939 4394 1012 4480 περὶ
1035 4396 1138 4472 αὐτῆς
1161 4393 1299 4477 άγωγήν
1327 4430 2228 4442 -----------

396 4541 438 4551 -
466 4540 508 4550 -
537 4507 640 4579 ἐκεινη
670 4538 978 4550 —————
1005 4500 1051 4566 τά
1076 4503 1231 4583 κτήματα
1258 4495 1313 4637 τδρ
1326 4537 2229 4549 -----------

397 4648 439 4659 -
463 4648 505 4658 -
528 4610 631 4696 ἐκείνῃ
654 4611 800 4690 γέγονεν·
828 4608 967 4673 δύναται
984 4608 1018 4673 δέ
1034 4601 1133 4683 οὗτος
1148 4606 1221 4694 περὶ
1237 4617 1298 4672 το·
1325 4643 2228 4656 -----------

396 4717 579 4799 τιμήματος
601 4726 743 4791 κινῆσαι.
1159 4737 1184 4779 o.
1202 4719 1241 4779 16
1258 4717 1297 4779 ib.
1325 4716 1364 4777 de
1385 4716 1483 4797 pretio
1505 4734 1595 4796 egere
1616 4722 1723 4796 potest

354 4872 360 4884 .
461 4821 536 4887 Ἐάν
572 4819 617 4886 τά
652 4823 840 4908 ἐξάπροικα
875 4832 933 4899 της
970 4819 1126 4903 γυναικὸς
1157 4824 1176 4885 d
1213 4819 1297 4906 άνήρ
1392 4821 1426 4884 Si
1447 4822 1529 4884 bona
1550 4820 1754 4883 extrudmniiu
1774 4820 1910 4883 mulieris
1932 4823 1980 4886 vir
2001 4824 2228 4905 consumpserit,

398 4931 587 5016 δαπανήση,
615 4930 721 5010 εἰμὲν
743 4927 977 5014 δωρησαμένης
999 4931 1119 5005 ἐκείνης
1146 4929 1207 4992 οὐκ
1228 4929 1299 4993 ένά-
1326 4949 1395 4991 enm
1421 4949 1500 4991 uxor
1526 4929 1586 5008 [eu]
1613 4928 1641 4989 ei
1665 4929 1820 5003 donasset,
1846 4949 1909 4991 non
1935 4929 2118 4992 convenitur
2143 4930 2229 4992 heres

397 5059 490 5120 yetus
522 5039 541 5100 d
572 5035 777 5120 κληρονόμος
809 5036 914 5099 αὐτοῦ
944 5039 970 5098 εὶ
1001 5033 1045 5116 μή
1076 5035 1180 5116 μόνον
1209 5040 1253 5110 εἰς
1280 5032 1299 5098 ὃ
1327 5037 1391 5098 eius
1418 5035 1476 5098 nisi
1501 5035 1534 5096 in
1556 5034 1588 5096 id
1614 5055 1675 5115 quo
1697 5034 1877 5117 locupletior
1898 5035 1998 5098 sottus
2020 5044 2080 5110 est3
2107 5036 2229 5100 sivero

397 5147 510 5226 γέγονε
536 5144 791 5228 πλουσιώτερος·
818 5147 844 5206 ελ
872 5141 906 5206 δέ
929 5138 1023 5226 παρά
1045 5144 1176 5223 γνώμην
1198 5143 1300 5219 αὐτῆς
1327 5150 1432 5205 eontra
1453 5142 1641 5206 voluntatem
1668 5142 1743 5216 eius,
1772 5142 1891 5222 integre
1914 5142 2018 5204 omnis
2041 5142 2121 5205 bons
2143 5151 2230 5205 extre

398 5251 505 5314 τέλεια
536 5251 649 5314 πάντα
680 5247 725 5312 τά
749 5249 938 5334 ιέξάπροικα
964 5249 1188 5330 ἀναγκάζεται
1219 5252 1300 5313 άπο
1327 5249 1443 5311 dotalis
1464 5248 1581 5331 eogitur
1601 5248 1768 5311 restituere.
2136 5269 2161 5312 e
2179 5252 2229 5312 17.

398 5353 642 5434 καταστήσαι.’
1097 5378 1122 5419 e.
1143 5359 1192 5420 17.
1208 5355 1243 5419 (λ
1259 5357 1299 5418 ib.

305 5494 326 5527 n
345 5473 362 5527 '.
466 5463 554 5540 Γυνή
594 5483 645 5536 τις
685 5460 792 5526 ῖδικὸν
836 5461 1053 5545 συνάλλαγμα
1097 5465 1300 5545 ποιησαμένη
1393 5461 1507 5523 Mulier
1520 5460 1671 5542 quaedum
1686 5469 1875 5525 oontreotum
1890 5461 2230 5544 ionitetprineipniiter

399 5568 456 5634 καὶ
487 5567 714 5655 πρωτοτύπας
749 5568 964 5652 δανεισαμένη
1001 5569 1080 5654 παρ’
1114 5572 1194 5650 έμοῦ
1227 5570 1300 5632 ἑκα-
1326 5576 1551 5630 mutuumnme
1560 5568 1726 5649 suscipiens
1735 5568 2231 5643 eentumsuroornmeosdonevit

400 5673 461 5740 τὸν
504 5676 696 5759 νομίσματα
739 5684 848 5740 ταῦτα
892 5675 1085 5760 ἐδωρήσατο
1134 5679 1183 5758 τῷ
1226 5674 1300 5756 ἰδίω
1327 5694 1382 5736 sno
1401 5674 1522 5736 merito:
1545 5673 1595 5736 hie
1614 5674 1766 5756 eocipiens
1786 5675 1967 5756 dignitntom
1984 5675 2044 5737 sibi
2061 5676 2228 5756 qnaesivit:

401 5781 519 5869 ἀνδρὶ·
565 5785 584 5847 ὁ
630 5782 664 5846 δὲ
709 5780 823 5867 λαβὼν
867 5783 968 5865 άξεάν
1004 5764 1131 5869 ’ήτησευ
1176 5784 1299 5863 ἑαυτῷ·

474 6013 484 6045 ¹
502 6010 589 6068 hebet
605 6011 672 6083 syn.
745 6009 860 6068 ’hebet
877 6010 944 6083 Syn.
