4680 7114
545 470 885 540 BASILICORUM
907 471 1213 540 FRAGMENTA
1234 472 1531 540 DEPERDITA.
1891 474 1953 538 195

197 654 338 729 XXXV,
361 657 392 729 1,
413 658 464 717 23.
507 650 581 718 Ἐάν
607 654 759 741 ἀφανίσῃ
786 657 806 717 ό
833 652 1045 737 διαθέμενοςΙ
1123 655 1157 718 si
1179 657 1267 737 signe
1288 654 1458 720 turbaverit
1479 663 1613 730 testator,
1635 675 1696 717 non
1719 654 1839 718 videtur
1856 655 1955 733 signe·

138 759 194 836 τάς
217 761 417 849 σφραγίδας,
440 762 481 825 οὐ
503 761 596 826 δοκεῖ
613 758 679 845 γάρ
698 772 869 848 γραφῆναι
884 759 945 838 τήν
960 762 1029 826 δια-
1057 771 1121 825 tum
1143 772 1367 828 testamentum
1519 748 1521 753 ⁵
1601 758 1649 848 (ir.
1666 765 1717 826 22.
1735 768 1752 839 ξ
1769 766 1798 825 3.
1813 761 1852 823 D.
1868 758 1954 846 ibid.)

138 866 270 947 θήκην.1
573 867 686 956 (Epen.
702 879 792 932 sueta
806 869 948 944 XXVII,
965 867 1029 954 21.)

197 976 338 1052 XXXV,
361 979 393 1051 1,
414 979 464 1040 23.
511 975 544 1041 ‘O
581 976 708 1061 μάρτυς
744 974 786 1057 μή
817 977 957 1064 γράψας
988 973 1028 1039 τδ
1122 977 1230 1052 Testis,
1252 977 1305 1059 qui
1326 997 1438 1039 nemen
1460 997 1549 1039 suum
1571 997 1632 1038 non
1654 975 1821 1058 adscripsit,
1842 997 1898 1057 pro
1918 995 1954 1038 eo

138 1082 218 1147 ίδιον
244 1084 352 1164 ὄνομα
378 1081 454 1147 άντλ
480 1083 560 1166 μηδὲ
588 1083 843 1171 σφραγίσαντός
864 1088 948 1147 έστι·
971 1081 1028 1147 καί
1056 1086 1176 1166 estqui
1197 1106 1260 1147 non
1275 1085 1451 1164 signaverit:
1475 1093 1506 1146 et
1524 1085 1577 1165 qui
1591 1083 1751 1164 adscripsit
1767 1085 1837 1166 [nee
1851 1091 1954 1146 temen
2052 1138 2059 1149 .

138 1192 154 1254 ό
176 1190 404 1278 προσγράψας
427 1236 529 1253 .....
672 1188 784 1277 (Epen.
800 1199 891 1253 euete
904 1191 947 1265 X,
961 1189 1027 1276 45.)
1056 1192 1228 1272 signaverit,
1250 1212 1306 1274 pre
1329 1212 1364 1253 eo
1387 1199 1434 1254 eet
1455 1190 1509 1272 qui
1530 1211 1591 1252 non
1613 1189 1828 1273 adseripeerit}

1605 1296 1654 1384 (fr.
1670 1300 1721 1359 22.
1737 1302 1753 1374 ἓ
1770 1300 1800 1360 4.
1814 1297 1854 1358 Ι).
1869 1295 1954 1383 ibid)

196 1404 337 1479 XXXV,
354 1408 382 1479 1,
398 1406 449 1468 30.
492 1399 568 1469 Ἀπδ
592 1403 771 1490 σχεδαρίου
785 1402 954 1480 διαθήκης
969 1404 1029 1467 οὐκ
1122 1406 1173 1467 Ex
1199 1405 1311 1468 seheds
1337 1404 1510 1468 testamenti
1536 1405 1671 1485 legatum
1697 1424 1758 1466 non
1785 1404 1876 1469 velet
1921 1402 1955 1465 Si

136 1514 273 1597 ἔρρωται
295 1511 450 1591 ληγάτον.
487 1508 545 1576 ἐὰν
568 1510 602 1574 δέ
624 1519 733 1576 ταῦτα
747 1506 792 1575 τά
810 1509 944 1595 ῥήματα
959 1514 1028 1596 έχη·
1056 1513 1133 1575 haee
1154 1513 1250 1576 verbs
1264 1512 1370 1575 eddits
1383 1513 1455 1575 sint:
1479 1512 1555 1587 „hoe
1573 1519 1788 1574 testamentum
1803 1510 1873 1576 velo
1889 1529 1955 1573 esse

136 1615 277 1699 ,ταύτην
299 1615 360 1695 τήν
375 1617 545 1696 διαθήκην
562 1617 726 1704 βούλομαι
742 1613 824 1682 εἶναι
841 1618 961 1704 κυρίαν
978 1616 1029 1681 ἐπὶ
1057 1628 1157 1682 retum
1176 1640 1354 1701 quecunque
1368 1621 1485 1682 retione
1502 1620 1637 1700 poterit⁴‘,
1660 1618 1765 1683 velent
1778 1639 1857 1700 quse
1872 1618 1904 1679 in
1918 1638 1954 1680 eo

137 1724 241 1800 πάσης
264 1725 444 1807 ἐξουσίαςέέ,
467 1728 610 1810 έρρωται
633 1721 677 1788 τά
695 1729 728 1787 έν
751 1725 836 1810 αὐτῇ
850 1724 1029 1810 καταλειφ-
1056 1727 1164 1789 reb'ete
1186 1736 1270 1802 sunt,
1297 1727 1415 1789 etiamsi
1438 1725 1620 1810 sueeessiqni
1642 1725 1683 1788 eb
1704 1726 1846 1787 intestato
1869 1725 1954 1787 loeus

137 1832 249 1913 θέντα,
272 1828 337 1895 κάν
358 1828 403 1895 τά
425 1830 667 1914 έξάδιαθέτου
685 1832 804 1915 χώραν
822 1834 896 1916 σχῇ.
933 1829 1029 1917 (Epit.
1057 1832 1119 1896 fist
1684 1830 1732 1918 (fr.
1749 1834 1800 1895 29.
1815 1832 1854 1895 Ι).
1868 1827 1955 1916 ibid.)

242 1939 282 2001 ed
296 1938 404 2002 Proeb
419 1949 493 2002 mut
508 1940 541 2001 in
555 1940 621 2002 eod
636 1938 724 2001 Bodl.
741 1941 840 2002 3309:
855 1939 948 2013 XXI,
965 1935 1030 2023 37.)

197 2043 367 2120 *XXXV,
384 2050 474 2121 2,17.
502 2051 535 2110 έν
549 2049 651 2131 μέρει·
674 2045 720 2109 El
736 2044 774 2108 δέ
788 2067 848 2119 τις
863 2044 1030 2121 ποιήσας
1122 2045 1271 2135 (partim.)
1315 2047 1353 2109 si
1375 2047 1456 2128 quis
1482 2047 1599 2127 primo
1626 2053 1847 2109 testamento
1873 2065 1955 2109 eon·

136 2155 289 2238 πρώτην
305 2151 505 2230 διαθήκην
519 2151 611 2230 καλή
627 2153 755 2236 έξωθευ
769 2160 831 2216 τοῦ
844 2152 1030 2238 κεφαλαίου
1057 2154 1133 2216 dito
1156 2164 1211 2217 ete.
1235 2162 1266 2216 et
1286 2155 1357 2216 huie
1379 2154 1513 2235 capitulo
1528 2153 1647 2216 adiecta
1660 2153 1863 2235 peregrephe:
1886 2172 1955 2215 eum

135 2258 254 2324 τούτου
276 2257 500 2347 παραγραφή,
528 2256 583 2323 ότε
606 2259 758 2336 δηλονότι
785 2269 844 2336 τής
866 2261 1030 2344 προτέρας
1057 2261 1172 2325 seilieet
1192 2261 1277 2344 prius
1298 2262 1514 2343 imperfectum,
1537 2260 1668 2322 alterum
1690 2261 1858 2341 perfeetum
1874 2258 1936 2321 fiet

135 2367 267 2440 άτελοῦς
290 2366 390 2442 οὔσης
412 2369 432 2444 ή
456 2365 591 2453 δευτέρα
612 2369 745 2448 γένηται
769 2365 883 2428 τελεία.
1569 2365 1607 2452 (c.
1623 2370 1674 2429 21.
1690 2372 1707 2444 5
1724 2369 1752 2429 3.
1767 2366 1802 2429 O.
1816 2365 1875 2441 VI,
1891 2362 1956 2452 23.)

702 2471 805 2552 (Dent
821 2473 927 2535 Cbem.
943 2469 1029 2557 288.)

196 2580 338 2657 XXXV,
354 2585 383 2657 3,
399 2584 428 2643 8.
570 2583 598 2643 εί
621 2579 654 2643 δέ
677 2580 854 2667 ἐγγράφως
875 2576 1029 2663 βούλεται
1123 2581 1241 2661 Quodsi
1262 2583 1294 2643 in
1317 2581 1436 2662 seriptis
1458 2582 1563 2643 testari
1577 2580 1653 2656 vult,
1675 2588 1890 2643 testamentum
1906 2580 1955 2642 eui

135 2687 340 2767 διαθέσθαι,
372 2690 530 2773 γραφέτω
561 2686 619 2768 μίν
646 2686 688 2749 δι’
718 2679 758 2750 οὗ
783 2684 939 2772 βούλεται
969 2682 1031 2761 τὴν
1058 2690 1133 2752 velit
1158 2688 1348 2751 scribendum
1375 2687 1490 2762 eredat,
1521 2686 1731 2769 praesentibus
1758 2697 1859 2750 eutem
1888 2687 1955 2750 VH

134 2795 316 2875 διαθήκην,
344 2795 521 2878 παρόντων
548 2793 582 2856 δέ
608 2804 676 2856 τῶν
702 2793 732 2872 ζ’
755 2792 775 2870 ί)
798 2793 825 2856 e'
852 2789 1031 2877 μαρτύρων
1057 2797 1107 2859 vel
1128 2795 1161 2858 V
1182 2795 1309 2858 testibus
1331 2802 1362 2858 et
1383 2795 1449 2876 ipse
1472 2794 1620 2869 edieente,
1647 2794 1729 2875 qued
1750 2814 1801 2857 eos
1823 2792 1955 2855 testandi

133 2899 189 2965 καί
212 2901 316 2964 αὐτοῦ
337 2901 490 2981 λέγοντος
513 2896 565 2963 ὅτι
589 2897 639 2964 έπλ
661 2904 709 2981 τῷ
732 2898 925 2963 διαθέσθαι
942 2920 1030 2961 συνε-
1057 2924 1151 2966 eeuse
1173 2902 1392 2975 eonvoesverit,
1415 2900 1522 2963 oberte
1543 2909 1699 2982 premetur
1720 2909 1751 2963 et
1771 2900 1956 2963 reeiteture

133 3008 297 3073 καλέσατο
314 3003 444 3088 αὐτοὺς,
464 3007 684 3094 ἀφαιρείσθω
700 3008 718 3069 ό
732 3007 862 3091 χάρτης
876 3004 933 3069 καί
951 3007 1030 3070 άνα·
1057 3009 1217 3084 tabulario,
1243 3016 1274 3071 et
1301 3010 1327 3070 si
1352 3010 1418 3089 ipse
1444 3008 1622 3089 profiteatur
1651 3028 1741 3070 suum
1772 3026 1838 3069 esse
1864 3014 1956 3070 teste·

134 3115 352 3199 γινωσκέσθω
369 3110 426 3177 διὰ
440 3123 502 3179 τοῦ
518 3113 772 3199 ταβουλλαρίου,
795 3111 852 3177 καλ
873 3112 1030 3194 ιίόμολο-
1057 3125 1193 3178 mentum
1216 3124 1248 3177 et
1269 3134 1349 3196 quse
1370 3114 1450 3177 leete
1472 3116 1533 3177 sint
1554 3124 1665 3178 ennete
1682 3135 1720 3177 ex
1735 3114 1886 3176 sententie
1900 3133 1956 3176 sue

134 3224 217 3310 γήση
240 3219 350 3303 αὐτὸς,
375 3217 427 3284 ότι
450 3221 555 3285 αὐτοῦ
576 3225 667 3284 ἐστιν
688 3223 708 3298 ή
732 3220 883 3297 διαθήκη
906 3218 963 3284 καλ
986 3217 1030 3284 τά
1057 3216 1181 3304 εσιίρέιι)
1194 3242 1268 3296 εεεε,
1294 3223 1338 3284 eie
1359 3230 1452 3284 testes
1474 3229 1505 3283 et
1526 3220 1694 3285 tebulsriue
1716 3220 1906 3283 subscribent
1926 3229 1957 3283 et

134 3329 401 3412 άναγνωσθέντά
424 3330 535 3393 πάντα
556 3324 647 3393 κατὰ
667 3328 800 3410 γνώμην
821 3327 927 3390 αὐτοῦ
941 3347 1030 3389 συνε-
1058 3330 1214 3412 signeeule
1241 3344 1401 3411 epponem.
1447 3327 1481 3390 si
1507 3339 1609 3391 temen
1635 3328 1803 3391 tabularius
1830 3348 1891 3390 non
1917 3328 1957 3389 eit

132 3438 324 3524 γράφησαν,
347 3433 405 3500 καί
428 3432 533 3510 οὕτως
555 3437 588 3498 οί
605 3435 769 3520 μάρτυρες
783 3432 840 3497 καὶ
856 3436 876 3496 ό
891 3432 1030 3518 ταβουλ·
1057 3437 1100 3500 ibi
1121 3438 1264 3512 locorum,
1287 3436 1365 3498 elius
1387 3436 1474 3497 testis
1493 3436 1660 3500 edvoeetur
1679 3444 1858 3517 pereemrus
1877 3455 1956 3516 ques

132 3544 248 3629 λάριος
275 3542 512 3627 ὑπογράφουσι
540 3540 598 3605 καί
630 3542 887 3626 σφραγίσουσιν.
938 3544 964 3603 εί
997 3538 1030 3603 δὲ
1057 3545 1096 3607 de
1118 3543 1269 3606 tabulario
1291 3543 1457 3606 eonstitute
1478 3551 1557 3605 sunt
1601 3542 1740 3605 Lieentis
1766 3562 1855 3605 eseeo
1883 3542 1957 3605 dete

132 3651 175 3734 μή
208 3655 298 3714 ἐστιν
329 3654 363 3712 έν
393 3659 463 3723 τοῖς
490 3649 605 3722 τόποις
632 3647 889 3733 ταβουλλάριος,
921 3651 1030 3733 ἕτερος
1056 3659 1272 3714 testamentum
1295 3650 1480 3732 completum
1496 3650 1579 3731 apud
1593 3670 1685 3731 quem
1699 3650 1828 3712 voluerit
1842 3669 1859 3712 e
1873 3649 1956 3712 teeti·

132 3759 259 3843 μάρτυς
286 3756 561 3842 προσκαλείσθω,
590 3752 627 3830 ὃς
654 3755 769 3839 πράξει
793 3751 837 3819 τά
859 3754 1029 3835 διατεταγ·
1056 3758 1114 3821 bue
1136 3757 1317 3839 deponendi.
1362 3756 1413 3820 sis
1433 3777 1567 3839 nemque
1593 3765 1659 3819 tute
1686 3764 1900 3818 testamentum
1921 3755 1957 3818 fit

132 3868 213 3947 μένα
243 3867 291 3946 τῷ
322 3862 562 3948 ταβουλλαρίῳ.
615 3862 769 3945 ἐξουσίαν
805 3865 940 3939 έχοντος
970 3869 1031 3924 τοῦ
1058 3874 1103 3927 tet
1124 3864 1218 3928 oeulis
1240 3886 1296 3945 pro
1319 3885 1409 3928 eeeeo
1431 3864 1637 3945 vigilantibus,
1659 3863 1692 3925 id
1713 3871 1759 3926 est
1780 3863 1902 3925 testium
1925 3872 1957 3925 et

132 3970 263 4058 τυφλοῦ
288 3966 371 4052 μετά
398 3968 438 4033 τὸ
466 3970 688 4055 πληρωθῆναι
715 3967 776 4045 τήν
803 3966 973 4044 διαθήκην
1004 3958 1028 4049 d
1057 3972 1209 4035 tebulerii.
1669 3968 1707 4057 (e.
1724 3972 1753 4032 8.
1767 3970 1802 4033 G.
1816 3969 1874 4046 VI,
1891 3967 1956 4056 22.)

132 4075 176 4141 άν
197 4075 353 4162 βούλεται
374 4087 442 4140 τῶν
463 4075 642 4162 μαρτύρων
665 4074 769 4153 αὐτὴν
791 4074 1030 4159 παραθέσθαι.

133 4179 221 4247 οίίτω
244 4180 310 4268 γάρ
333 4184 495 4269 άσφαλως
517 4185 642 4266 γίνεται
658 4184 677 4261 ή
694 4181 844 4259 διαθήκη
860 4178 1032 4244 τοσούτων

133 4289 328 4377 ὀφθαλμῶν
350 4288 426 4353 άντλ
449 4299 510 4354 τοῦ
531 4291 661 4377 τυφλοῦ
683 4289 934 4376 φυλαττόντων,
958 4307 1031 4350 του-

130 4400 224 4461 τέστι
246 4407 314 4460 τῶν
335 4397 513 4484 μαρτύρων
534 4396 592 4461 καλ
614 4406 676 4462 τοῦ
696 4394 950 4481 ταβουλλαρίου.

744 4503 829 4591 (Sys
847 4501 882 4577 Δ,
900 4503 950 4576 13,
966 4496 1031 4585 32.)

198 4612 343 4686 XXXV,
360 4614 393 4687 8,
409 4615 438 4674 8.
481 4609 555 4675 Ἐάν
582 4609 649 4675 άπὸ
675 4618 737 4674 τοῦ
762 4608 924 4673 έυστάτου
950 4608 1030 4670 άπό-
1124 4610 1248 4692 Siquis
1270 4610 1310 4673 eb
1332 4611 1471 4673 instituto
1486 4608 1686 4673 exheredatus
1705 4609 1753 4685 sit,
1775 4629 1837 4671 non
1852 4618 1955 4673 eutem

129 4719 254 4804 κληρός
280 4740 331 4792 τις
357 4721 503 4799 γένηται,
531 4719 571 4780 οὐ
597 4715 661 4800 μήν
688 4714 754 4782 άπὸ
783 4724 843 4779 τοῦ
865 4715 1031 4777 ὑποκατα·
1058 4741 1077 4782 ε
1103 4718 1266 4781 substitute
1293 4717 1504 4792 exheredetur,
1534 4715 1674 4797 quemvis
1700 4715 1885 4780 deliberante
1911 4717 1954 4779 in·

130 4826 262 4889 ordros
289 4826 473 4908 γευήσιται,
500 4822 565 4889 κάν
595 4823 873 4905 διασκεπτομένου
898 4828 960 4884 τοῦ
986 4825 1030 4883 έν·
1058 4828 1164 4890 stituto
1187 4826 1356 4900 decesserit,
1378 4845 1440 4886 non
1462 4823 1519 4886 erit
1541 4822 1723 4885 substitutus
1745 4823 1838 4885 heres.

130 4933 262 4996 στάτου
283 4932 470 5019 τελευτήσῃ,
492 4929 570 4996 καλί
592 4932 631 4995 οὐ
652 4929 889 5015 κληρονομήσει
912 4928 931 4989 ό
955 4926 1030 4990 ὑπο-
1572 4927 1620 5015 (fr.
1637 4931 1666 4991 8.
1681 4929 1721 4992 D.
1736 4928 1895 5007 XXVIII,
1912 4927 1954 5017 2.)

126 5040 354 5113 κατάστατος.

193 5137 1029 5232 (EpieadProoh.mut.in00d.BodL33992XXX‚4.)

197 5249 366 5329 *xm
383 5256 447 5328 9,9
472 5250 524 5339 (τὸ
541 5253 584 5316 θ’
605 5274 679 5339 κεφ.
694 5260 756 5315 τοῦ
777 5250 821 5315 θ’
837 5252 877 5314 τί.
901 5256 962 5312 τοῦ
983 5246 1029 5309 λε’
1123 5251 1188 5341 (ΙΧ
1210 5251 1375 5335 espitulum
1398 5247 1457 5313 IX*
1482 5250 1563 5314 tituli
1583 5244 1725 5313 XXXV¹
1750 5248 1821 5311 libri
1846 5251 1891 5313 ite
1913 5251 1954 5313 ed

124 5359 263 5446 βιβλίου
286 5368 395 5425 ταῦτα
418 5361 568 5440 θεσπίζει
592 5358 724 5446 ῥητῶς)
769 5357 809 5422 Οἱ
830 5358 1027 5440 κληρονόμοι
1056 5362 1184 5426 verbum
1210 5356 1341 5445 statuit):
1364 5359 1503 5421 Heredes
1529 5358 1603 5421 iuris
1625 5366 1697 5420 sunt
1717 5378 1901 5420 sueeeesoree
1924 5367 1955 5421 et

125 5468 263 5532 δικαίου
284 5467 347 5532 είσί
370 5467 522 5545 διάδοχοι
540 5466 597 5531 καί
613 5465 670 5531 έάν
684 5467 727 5549 μή
744 5466 830 5553 διέλη
850 5469 893 5539 εἰς
908 5461 1029 5537 αὐτοὺς
1056 5469 1115 5531 nisi
1141 5468 1320 5531 disisienem
1346 5466 1497 5528 intereos
1519 5464 1622 5528 feeerit
1647 5474 1774 5527 testator
1796 5485 1834 5526 ex
1856 5485 1953 5545 esque

124 5577 146 5638 ό
164 5574 364 5656 διαθέμενος
379 5575 413 5658 έξ
428 5578 503 5639 ίσου
517 5575 705 5638 καλοῦνται.
724 5570 1029 5661 (Βοωθίιουι233.)
1057 5583 1212 5637 voeentur.
1468 5568 1516 5657 (fr.
1533 5575 1561 5634 9.
1578 5578 1595 5649 ξ
1614 5574 1663 5634 12.
1679 5570 1719 5632 D.
1734 5570 1894 5646 XXVIII,
1910 5567 1953 5656 5.)

196 5678 211 5711 *
227 5682 366 5757 XXXV,
384 5685 412 5756 9,
428 5686 469 5745 45
487 5679 585 5768 (etis
601 5679 640 5759 δή
656 5679 713 5745 καί
728 5679 768 5745 τδ
783 5682 833 5762 με’
848 5701 922 5767 κεφ.
937 5681 1030 5762 θέμα
1123 5677 1189 5767 (sed
1212 5689 1243 5743 et
1259 5701 1325 5761 esp.
1340 5683 1383 5743 45
1400 5686 1417 5756 5
1433 5682 1454 5742 4
1477 5679 1610 5741 eiusdem
1624 5679 1694 5741 libri
1708 5698 1745 5740 ee
1760 5676 1866 5764 tituli):
1890 5677 1953 5756 Qui

123 5787 161 5853 δ’
178 5795 241 5852 τοῦ
260 5789 365 5852 αὐτοῦ
382 5787 426 5873 βι.
441 5788 499 5852 καί
513 5787 572 5875 τί)
605 5786 638 5853 ‘0
656 5792 690 5851 ὲν
705 5788 886 5870 οίῳδήποτε
900 5787 1029 5873 βαθμρλ
1057 5792 1089 5851 in
1110 5808 1299 5870 quorumque
1320 5787 1417 5869 gradu
1443 5787 1598 5849 institutus
1621 5784 1839 5849 substitutueve
1861 5785 1952 5867 serie

124 5934 341 5941 .---.--.--,

202 6019 211 6051 ¹
230 6019 304 6074 Num
323 6020 355 6075 οὐ
373 6018 450 6074 δοκεῖ
463 6022 669 6094 σφραγισθήναι
687 6020 703 6089 ή
722 6019 859 6087 titedius?
930 6017 942 6050 ²
959 6018 1028 6075 dele.

1682 6105 1734 6160 25*
