4842 7018
769 494 923 561 LIBER
943 494 1028 561 LVI.
1072 497 1162 564 ΤΙΤ.
1184 497 1255 563 XV.
1278 495 1403 562 XVIII.

423 708 542 762 τιτιιο(
561 708 606 777 ιε’,
625 708 757 762 annot
775 709 825 773 ις’
1326 708 1492 767 TITULUS
1510 709 1572 777 xv,
1590 706 1694 763 ιιιιιιι
1712 707 1777 762 nvi

252 835 314 905 περὶ
332 831 423 906 ἀγρῶν
440 836 484 884 κοιλ
503 832 592 885 ἀλσῶν
610 831 774 888 δισποτιιιῶν
791 838 836 886 καὶ
853 833 998 890 ἰδιωτικῶν.
1226 835 1260 889 de
1278 834 1372 889 fundis
1390 840 1420 890 et
1437 832 1554 889 saltibus
1571 831 1689 904 publicis
1706 837 1736 887 et
1752 832 1877 902 privatis.

105 965 137 1017 ι’,
222 953 261 1017 Oi
283 958 512 1040 ἀχοριίσαντις
535 955 628 1043 παρὰ
650 968 712 1023 τοι)
739 958 899 1042 δημοσίου
920 961 1076 1043 κτήματα
1169 962 1232 1041 Qui
1259 969 1395 1023 emerunt
1421 980 1441 1021 a
1467 959 1539 1021 fieuo
1565 957 1689 1039 praedia
1720 977 1825 1019 aeeure
1852 957 2003 1019 retineant

174 1065 317 1143 ἰσχυρῶς
349 1066 514 1140 ἐχέτωσαν
546 1062 634 1128 αύτά
670 1064 713 1147 μὴ
749 1064 889 1140 δεδιότες
921 1067 955 1149 ἐξ
986 1070 1076 1149 ἡμῶν
1105 1091 1141 1132 ea
1163 1064 1233 1130 ιιοιιΙ
1248 1068 1386 1130 timentes
1409 1086 1429 1128 a
1451 1065 1537 1128 nobie
1561 1064 1782 1145 ademptionem
1809 1085 1921 1137 eornm,
1949 1063 2002 1126 sed

173 1167 356 1253 ἀφαίρεσιν
377 1170 497 1249 αὐτῶν,
526 1168 612 1234 ἀλλά
639 1170 695 1235 καί
719 1177 763 1246 τίς
787 1172 909 1247 παῖδας
931 1178 1076 1257 ἰσχυρῶς
1103 1186 1134 1239 et
1156 1176 1195 1238 ad
1218 1175 1329 1236 liberos
1352 1193 1456 1235 seeure
1478 1172 1691 1235 transmittant
1742 1192 1767 1233 ο.
1786 1174 1813 1232 1.
1829 1170 1863 1234 C.
1882 1173 1932 1244 11,
1950 1174 2001 1233 65.

174 1278 495 1358 παραπιμπότωσανε
513 1275 576 1324 —¹
811 1302 835 1343 ο
855 1285 881 1341 1.
898 1282 932 1344 C.
948 1282 1007 1356 XI,
1025 1285 1075 1346 65.

242 1382 379 1445 Δίκαιόν
402 1388 471 1446 ἐστι
494 1380 573 1458 τοὺς
604 1382 764 1460 παλαιούς
791 1383 972 1468 μισθωτός
997 1408 1076 1472 προ·
1170 1390 1289 1453 Iuatum
1313 1397 1360 1449 eat
1382 1387 1522 1466 antiquos
1540 1386 1734 1447 conductores
1750 1385 1836 1448 novis
1858 1383 2003 1466 praeferri

174 1488 343 1569 τιμᾶσθαι
368 1499 435 1552 τῶν
456 1493 546 1570 νέων,
570 1496 604 1554 ἐν
626 1483 652 1573 ᾧ
676 1490 737 1569 τὴν
755 1494 894 1576 αὔξησιν
909 1492 969 1571 τὴν
988 1515 1076 1575 χενο-
1105 1518 1173 1558 eum
1196 1496 1228 1557 hi
1251 1502 1467 1576 augumentum
1490 1512 1545 1572 per
1567 1490 1642 1554 aliea
1663 1490 1779 1553 iactum
1802 1490 1957 1571 recipiant

173 1597 270 1676 μένην
294 1593 387 1679 παρὰ
409 1596 518 1660 ἀλλων
540 1597 770 1676 ἀναδέχονται.
832 1624 856 1663 ο.
866 1606 896 1664 4.
912 1602 946 1663 C.
956 1602 1014 1676 XI,
1027 1604 1076 1665 71.
1746 1618 1771 1659 θ·
1787 1601 1816 1660 4·
1832 1596 1866 1659 C·
1885 1598 1934 1670 ll,
1952 1600 2001 1657 71·

242 1700 368 1778 Μηδεὶς
390 1703 592 1786 ἐξαιριίσδω
616 1716 683 1768 τῶν
703 1705 821 1791 βαρῶν
843 1708 980 1788 τούτων,
1005 1704 1078 1771 οἷον
1169 1710 1268 1771 Nemo
1295 1705 1447 1769 eximatur
1472 1706 1612 1767 oneribus
1638 1705 1717 1778 istis,
1743 1703 1838 1767 veluti
1864 1703 2002 1784 pontium

174 1819 328 1894 γεφυρῶν
342 1807 398 1873 καὶ
415 1810 659 1893 δδοστρωσιῶν,
679 1812 758 1895 μηδὲ
774 1819 801 1876 el
817 1813 935 1895 ιύαχὴς
950 1810 1041 1888 οἶκος
1057 1814 1076 1892 ἣ
1105 1825 1135 1878 et
1156 1816 1275 1879 viarum
1298 1814 1537 1887 muniendarum,
1560 1833 1598 1875 ne
1619 1811 1778 1893 siquidem
1795 1830 1883 1872 saura
1897 1809 2003 1871 domun

174 1913 348 1998 βασιλικός
362 1921 423 1993 ιῖη·
438 1916 545 1994 ἐπειδὴ
561 1918 634 1982 οὐδὲ
650 1919 786 2004 ῥυπαρά
800 1926 868 1984 ἐστι
886 1920 1078 1985 ταῦτατ-2
1105 1925 1144 1985 sit
1166 1933 1220 1985 aut
1242 1922 1337 2003 regia3
1361 1941 1457 2000 neque
1479 1920 1558 1982 enim
1581 1918 1702 1981 sordida
1723 1917 1870 1981 eiusmodi
1893 1925 1971 1979 eunt
2096 1989 2100 1996 ,

814 2050 839 2090 ι.
855 2031 884 2090 4.
901 2028 934 2091 u.
950 2029 1010 2104 xi,
1027 2033 1076 2092 τι.
1209 2115 1211 2118 y
1747 2024 1867 2087 (44.0.
1887 2025 1935 2098 ιι,
1953 2026 2003 2085 τι.

424 2199 543 2255 ΤΙΤΛΟ(
562 2202 611 2269 ΙΖ’,
631 2201 763 2256 ΒΙΒΛΙΟΥ
782 2204 831 2268 Νς’
1279 2156 1284 2163 -
1307 2200 1473 2259 TITULUS
1491 2200 1597 2268 XVIII,
1615 2199 1720 2255 LIBRI
1738 2199 1805 2256 LVI

194 2286 214 2378 ri
234 2328 281 2378 τοῦ
300 2324 401 2397 δρόμον
421 2328 468 2378 τοῦ
486 2324 617 2396 δημοσίου
635 2327 773 2401 ἀχηαριών
790 2332 835 2381 nui
852 2332 1054 2404 παρομηαριῶν.
1223 2329 1258 2383 de
1277 2327 1383 2399 publici
1401 2343 1497 2381 eureus
1515 2326 1635 2397 angariis
1653 2331 1682 2381 et
1699 2326 1880 2396 parangariis.

106 2456 140 2508 α’.
247 2450 287 2515 Oi
309 2449 401 2515 ίπποι
426 2453 459 2514 οἱ
481 2454 707 2539 ἀφωρισμένον
733 2458 779 2535 τῳ
795 2454 941 2537 δημοσίῳ
966 2455 1077 2539 δρόμῳ
1172 2457 1252 2537 Equi
1274 2454 1397 2537 publico
1417 2453 1515 2515 curaui
1532 2453 1673 2514 destinati
1689 2473 1786 2533 neque
1801 2452 1890 2532 lignis
1905 2472 2004 2532 neque

178 2557 252 2622 οὐδὲ
268 2557 378 2640 ξύλοις
393 2557 468 2621 οὐδὲ
484 2558 643 2641 ῥοπάλοις
661 2559 852 2642 τύπτονται,
876 2558 962 2625 ἀλλὰ
977 2564 1079 2643 μόνον
1107 2563 1199 2644 virgis
1214 2561 1399 2644 perentiendi
1415 2570 1494 2636 eunt,
1510 2560 1564 2622 aed
1578 2559 1705 2640 flagellis
1721 2569 1838 2622 tantum
1856 2558 2003 2640 agitandi:

178 2664 393 2749 φραχχιλίοις
415 2663 622 2729 ἐλαύνονται·
646 2666 720 2730 οὐδὲ
743 2664 808 2752 χάρ
832 2668 963 2732 ὲλλιίπιι
983 2692 1078 2749 τιμω·
1107 2688 1203 2752 neque
1226 2668 1306 2731 enim
1330 2668 1424 2730 deerit
1444 2688 1543 2748 poena
1564 2668 1608 2742 iis,
1631 2667 1683 2747 qui
1705 2675 1811 2728 eontra
1833 2666 1965 2729 fecerint

179 2772 237 2854 ριά
258 2767 349 2835 κατὰ
372 2781 440 2834 τῶν
462 2768 556 2856 παρὰ
580 2781 688 2837 ταῦτα
711 2773 907 2838 ποιούντωνε
924 2773 992 2822 -³
1749 2794 1774 2835 ο.
1793 2776 1820 2834 1.
1836 2773 1868 2835 (λ
1888 2775 1937 2847 12,
1954 2775 2004 2834 50.

797 2902 822 2943 ο.
841 2884 867 2942 1.
884 2883 918 2945 C.
934 2883 1011 2957 XII,
1028 2887 1078 2946 50.

128 2989 142 3043 ’.
251 2984 328 3058 Τοῖς
355 2985 496 3066 ἀρχουσι
524 2983 581 3048 καὶ
609 2995 680 3060 τοῖς
706 2986 907 3062 ιιαθολιαοῐς
928 2987 985 3052 καὶ
1010 2998 1080 3064 τοῖς
1172 2988 1403 3071 Magistratibue
1429 2996 1460 3049 et
1485 2986 1680 3049 rationalibus
1708 2996 1739 3048 et
1764 2987 1870 3048 ueteris
1892 2998 1923 3047 et
1945 2986 2006 3047 eui·

180 3090 306 3164 λοιποῖς
328 3088 385 3154 καὶ
410 3090 507 3154 παντὶ
531 3091 620 3173 ἀλλῳ
644 3093 783 3175 ἀρχοντι
810 3092 867 3157 καὶ
892 3104 962 3169 τοῖς
984 3097 1079 3176 ζώοις
1106 3118 1164 3179 que
1186 3097 1239 3158 alii
1261 3095 1451 3174 magistratui
1474 3103 1619 3157 eteorum
1635 3094 1775 3157 iumentis
1790 3093 1900 3155 ideireo
1914 3093 2004 3155 etiem

180 3197 291 3260 αὐτῶν
309 3193 365 3289 διίι
384 3197 557 3262 retroacti
577 3196 769 3287 όιατροφά*
789 3206 825 3264 ἐκ
839 3211 901 3265 τοι]
919 3200 1080 3283 δημοσιόυ
1107 3204 1253 3265 alimenta
1275 3223 1313 3263 ex
1339 3200 1463 3283 publiea
1489 3202 1605 3263 ratione
1626 3211 1697 3262 aunt
1724 3208 1848 3273 statuta,
1876 3219 1914 3260 ne
1937 3219 2006 3260 one·

179 3304 281 3384 λόχου
308 3305 513 3388 ἀφώρισται,
542 3302 621 3379 dicte
643 3303 686 3387 μὴ
710 3306 853 3384 ἐνοχλεῖν
884 3305 1006 3383 αύτούς
1032 3314 1079 3392 τῷ
1107 3319 1174 3373 rent
1203 3308 1360 3391 publicum
1392 3328 1513 3369 cursum
1544 3327 1641 3388 neque
1673 3306 1766 3368 aliam
1794 3306 1876 3368 viam
1908 3305 2008 3386 elegat

181 3410 326 3491 δημοσίῳ
351 3409 484 3493 δρόμῳῦ
505 3412 585 3493 μήτε
608 3410 642 3475 δὲ
665 3412 767 3489 ἀλλην
786 3412 866 3477 ὁδόν
880 3415 1083 3501 ἐπιλέξητ[αί
1107 3417 1173 3499 quia
1199 3424 1321 3498 praeter
1346 3436 1426 3489 eam,
1458 3435 1627 3496 perquam
1654 3412 1794 3495 publicus
1821 3432 1926 3475 eureus
1952 3421 2007 3488 est,

181 3517 244 3601 τις]
282 3521 308 3579 εί
340 3515 383 3597 μὴ
421 3515 463 3579 δι’
502 3514 542 3594 διν
578 3520 597 3581 ό
634 3517 791 3599 δημόσιος
827 3520 949 3604 δρόμος
981 3520 1079 3601 ἐστίν,
1107 3522 1241 3605 exeeptis
1264 3522 1432 3603 praefectis,
1460 3522 1496 3583 iia
1519 3522 1599 3582 enim
1623 3519 1788 3604 [publicus]
1813 3539 1919 3581 eurem
1941 3540 2007 3600 per·

181 3623 433 3710 ύφιξῃρημίνων
470 3633 537 3687 τῶν
578 3624 764 3708 ἐπύρχων“·
801 3629 915 3702 αὐτοῖς
956 3624 1022 3711 χάρ
1061 3631 1080 3692 ό
1108 3633 1190 3692 tinet
1936 3647 1961 3688 ο.
1978 3628 2007 3689 1.

181 3729 305 3814 δρόμος
327 3729 490 3817 διαφέριιε
506 3767 547 3777 -
1009 3756 1034 3797 ο.
1052 3740 1096 3859 2.Ι

127 3845 144 3897 ’.
248 3836 325 3910 Πῶς
357 3835 479 3899 ὁδεύων
515 3838 729 3902 ἀπαιτιίσδοι
762 3841 961 3921 συνδίματα
989 3838 1081 3923 παρὰ
1176 3842 1358 3923 Quicunque
1384 3843 1442 3904 iter
1467 3842 1555 3915 fauit,
1582 3841 1622 3902 ab
1649 3861 1685 3902 eo
1712 3841 1880 3903 evectiones
1906 3847 2009 3920 peetu-

182 3954 249 4023 τῶν
272 3943 526 4026 προεστηκότων
549 3953 609 4007 τοῦ
631 3944 791 4025 δημοσίου
814 3946 952 4028 δρόμου,
976 3953 1002 4011 al
1025 3945 1081 4011 καί
1110 3950 1209 4013 lentur
1232 3948 1440 4011 auuetudibue
1457 3947 1571 4029 publici
1585 3968 1699 4021 eureus,
1721 3946 1860 4028 quamvis
1876 3945 2010 4007 maxima

181 4049 323 4130 μιχίστῳ
347 4049 578 4134 περιβέβληται
603 4051 776 4133 ἀξιώματι.
821 4056 848 4116 al
871 4053 905 4117 δὲ
932 4055 1081 4141 ἀντιστῇ,
1110 4055 1264 4137 praeditus
1286 4055 1327 4117 sit
1347 4054 1502 4134 dignitate
1548 4055 1573 4116 ai
1596 4075 1666 4117 vero
1688 4055 1817 4129 reaiatat,
1841 4054 1878 4115 de
1897 4072 1933 4114 eu
1955 4052 2012 4113 fiat

182 4155 411 4241 ἀναφιρίσθω
434 4154 507 4240 πιρλ
530 4157 635 4220 αὐτοῦ
657 4161 697 4242 τῇ
725 4178 760 4222 τι
782 4161 982 4240 ἑπαρχότητι
1006 4158 1083 4224 αα)7
1111 4161 1299 4225 denuntiatio
1322 4161 1405 4242 apud
1427 4160 1646 4242 praetenturam
1670 4171 1701 4223 et

255 4365 367 4421 ¹habet
384 4364 451 4438 Syn.
533 4368 647 4424 ’habet
665 4367 731 4439 Syn.
812 4368 928 4425 ’habet
945 4369 1011 4441 Syn.

182 4453 252 4509 ‘ita
269 4455 329 4509 cod.
384 4456 555 4528 ‘hueusque
574 4456 640 4529 Syn.
699 4457 789 4513 ὀοό.
804 4461 910 4526 -χιῶν,
969 4460 1083 4515 'habet

183 4542 248 4614 Syn.
281 4542 327 4598 fel.
347 4544 473 4616 explicit3
490 4546 575 4616 periit
591 4544 639 4601 iol.
658 4564 704 4600 un.
1085 4584 1090 4593 ·
