4978 7018
212 1632 328 1719 μίαν.
431 1648 536 1713 ΑΡΧΗ
561 1646 640 1712 (ΥΝ
665 1647 746 1713 θΕΩ
768 1646 852 1713 ΤΟΥ
876 1648 896 1712 Γ
900 1646 908 1668 ’
933 1647 1089 1713 ΒΙΒΛΙΟΥ
1113 1648 1204 1714 ΗΤΟΙ
1309 1647 1487 1711 ΙΝῙΤΙΙΙΜ
1510 1647 1604 1712 CUM
1626 1646 1717 1711 DEO
1740 1646 1887 1709 TERTII
1908 1645 2031 1710 LIBRI
2053 1644 2182 1708 IDBS'I'

636 1772 720 1838 ΤΟΥ
743 1773 763 1837 Γ
766 1770 775 1794 ’
798 1772 997 1839 ΤΕΥΧΟΥΕ.
1601 1772 1748 1836 TERTII
1770 1771 1888 1836 Tonss.

618 2010 745 2065 ΒΙΒΛΙΟΝ
762 2011 824 2078 ΛΑ’,
842 2010 962 2066 ΤΙΤΛΟ(
980 2012 1011 2065 Ν
1516 2012 1632 2068 LIBER
1648 2013 1758 2080 XXXI,
1776 2009 1942 2070 TITULUS
1960 2011 1976 2066 I

440 2096 461 2190 :c
479 2135 581 2191 τούτων
598 2135 695 2199 οἵτινες
712 2133 782 2190 ίδίον
799 2134 816 2204 ῆ
835 2136 975 2210 ἀλλοτρίου
993 2134 1098 2191 δικαίου
1115 2136 1191 2191 εἰσίν.
1462 2137 1498 2194 dc
1515 2140 1551 2193 iia
1569 2139 1617 2209 qni
1636 2139 1679 2193 ani
1697 2136 1744 2193 vcl
1761 2136 1847 2192 alieni
1865 2138 1934 2192 iuria
1951 2140 2025 2191 aunt

429 2278 462 2346 Ὁ
486 2281 681 2363 μαινόμενος
707 2284 772 2358 ἔχει
800 2277 878 2355 τοὺς
905 2280 1027 2355 παῖδας
1054 2280 1267 2364 ὑπεξονσίοας
1359 2282 1505 2345 Furiosus
1527 2282 1621 2345 habat
1642 2282 1753 2345 liberos
1775 2284 1807 2344 in
1828 2290 1979 2364 potestate
2002 2280 2104 2360 etqui
2127 2287 2198 2341 autc

364 2385 422 2451 καί
445 2384 524 2461 τοὺς
551 2384 616 2472 πρό
644 2397 702 2463 τῆς
729 2387 851 2468 μανίας
878 2385 936 2451 καί
963 2383 1042 2462 τοὺς
1068 2387 1137 2470 μετ’
1163 2384 1268 2463 αὐτὴν
1293 2390 1424 2453 furorem
1446 2398 1479 2452 ct
1493 2390 1546 2471 qui
1560 2399 1669 2471 postca
1682 2390 1747 2452 nati
1763 2389 1938 2470 concaptiva
1953 2396 2032 2450 aunt
2051 2387 2099 2468 [fr.
2117 2389 2136 2448 8
2151 2407 2197 2468 pr.

366 2495 552 2572 τεχθέντας
579 2493 599 2570 ῆ
627 2491 909 2580 συλληφθέντας.1
959 2495 1007 2576 [fr.
1024 2498 1043 2556 8
1059 2516 1103 2576 pr.
1123 2494 1163 2556 D.
1182 2497 1209 2567 1,
1226 2496 1267 2574 6.]
1293 2499 1333 2560 D.
1353 2502 1379 2574 1,
1397 2501 1438 2579 6.]
1482 2496 1563 2559 idcm
1586 2497 1655 2577 [cat]
1677 2505 1708 2559 ct
1722 2498 1748 2559 ai
1771 2516 1849 2558 uxor
1866 2495 1967 2557 furcrc
1982 2495 2123 2576 coeperit,
2145 2492 2198 2557 vcl

364 2599 404 2665 τὸ
428 2598 511 2665 αὐτό
534 2598 598 2664 κάν
621 2602 641 2677 ῆ
659 2598 740 2682 μανίη
763 2604 863 2688 μανῇ·
885 2600 906 2677 ῆ
923 2599 981 2664 καί
1005 2603 1038 2665 οἱ
1056 2599 1129 2664 δύο·
1152 2608 1267 2682 γαμεῖν
1294 2606 1393 2668 ambo.
1430 2604 1655 2667 matrimonium
1670 2604 1751 2665 cnim
1768 2603 1844 2665 inirc
1858 2602 1990 2665 fiii-iocus
2005 2622 2067 2663 non
2088 2609 2197 2683 potent,

364 2708 422 2790 μὲν
443 2706 510 2792 γάρ
534 2710 552 2771 ό
568 2708 765 2789 μαινόμενος
784 2709 824 2772 οὐ
839 2707 988 2789 δύναται,
1011 2705 1094 2790 μετά
1110 2706 1143 2770 δὲ
1159 2707 1267 2787 γάμον
1294 2721 1364 2794 post
1379 2721 1481 2774 autcm
1496 2711 1722 2774 matrimonium
1736 2707 2198 2791 nonaclmmtur(nuptiac)aivc

365 2816 405 2879 οὐ
428 2814 596 2878 διαλύεται
620 2817 683 2896 είμε
706 2817 725 2878 ό
748 2811 792 2890 είς
819 2825 887 2878 τῶν
910 2812 1154 2879 συνοικούντων
1177 2809 1267 2876 ὕστε-
1295 2819 1371 2882 altcr
1386 2840 1490 2882 corum
1512 2819 1565 2900 qui
1586 2818 1681 2880 iuncti
1696 2826 1769 2880 aunt
1783 2817 1846 2879 civc
1862 2816 1952 2878 ambc
1974 2815 2073 2877 iiircrc
2094 2833 2199 2895 cccpc·

365 2944 427 3007 ρον
457 2926 545 3009 μανῇ
574 2922 594 3000 ῆ
621 2921 679 2986 καί
707 2924 740 2985 οἱ
767 2921 827 2986 δύο
853 2919 911 2986 καὶ
939 2921 1191 3005 ττροςττορίζεται
1220 2922 1268 3000 τη·
1294 2927 1356 2988 rint
1373 2936 1404 2988 et
1424 2925 1537 2987 tinioso
1557 2924 1727 3005 adquiritur
1748 2944 1803 3005 ρετ
1820 2923 1897 2986 filios
1916 2923 1991 2985 cius.
2037 2922 2072 2983 fr.
2089 2924 2117 2984 8.
2134 2927 2151 2998 9
2171 2924 2198 2982 1.

364 3032 549 3111 μαινομένῳ
574 3027 631 3092 διά
653 3039 721 3092 τῶν
743 3031 849 3094 αὐτοῦ
870 3027 1008 3093 παίδων.
1106 3028 1142 3089 fr.
1158 3028 1187 3091 8.
1204 3033 1220 3104 ἕ
1240 3030 1266 3087 1.

429 3153 480 3216 Ἐν
511 3162 582 3228 τοῖς
615 3152 788 3236 δημοσίοις
819 3156 839 3216 ό
870 3150 1064 3234 ὑαεξοόσιος
1095 3154 1140 3226 ὡς
1175 3152 1267 3215 αὐτε·
1361 3157 1400 3219 In
1421 3156 1552 3239 publicis
1579 3157 1707 3238 negotiis
1735 3155 1948 3218 filiusfamilias
1976 3163 2124 3235 tanquam
2151 3153 2199 3214 sui

364 3260 498 3343 ξοόσιος
521 3258 829 3345 παραλαμβάνεται,
854 3255 926 3324 οίον
948 3263 982 3322 ἐν
1004 3262 1052 3340 τῷ
1068 3265 1268 3343 στρατηγεῖν
1294 3265 1366 3325 iuria
1399 3264 1553 3344 accipitur,
1584 3263 1678 3327 vcluti
1705 3271 1741 3324 ut
1767 3264 1976 3343 magistratum
2008 3269 2039 3324 ct
2069 3260 2199 3322 tutelam

364 3365 422 3431 καί
446 3367 681 3452 ίαιτροτιεύεινε
697 3365 761 3414 —²
1185 3365 1222 3428 fr.
1238 3366 1266 3426 9.
1294 3378 1389 3450 gerat
2116 3367 2153 3429 ir.
2170 3368 2199 3426 9.

188 3605 225 3660 Β.
238 3606 276 3669 λζ’
294 3607 347 3660 τῶν
603 3605 724 3661 ΤΙΤΛΟ(
743 3606 786 3673 B',
806 3605 937 3660 ΒΙΒΛΙΟΥ
955 3603 1029 3659 ΛΑ”
1514 3607 1682 3666 TITULUS
1700 3608 1738 3676 11,
1757 3606 1862 3663 LIBRI
1880 3606 1981 3663 XXXI
2241 3616 2280 3669 ct
2297 3617 2336 3667 at.

197 3678 334 3803 Acgdffl’*
364 3691 450 3798 :mic
468 3730 642 3800 ὀφειλομένας
663 3737 720 3793 τοῖς
737 3732 863 3805 γονεῦσιν
885 3729 1022 3803 ίιτοταηῆς
1038 3731 1084 3782 καί
1101 3689 1122 3781 ιιι
1139 3728 1268 3800 πατρικῆς
1295 3732 1330 3786 dc
1356 3731 1519 3803 parentibus
1546 3732 1642 3789 dabitc
1670 3732 1803 3805 obacquio
1831 3739 1861 3787 ct
1882 3733 1918 3787 de
1941 3733 2033 3803 patria
2058 3735 2200 3801 potestate
2216 3686 2362 3811 w&

365 3818 492 3881 ἐξουσίας
508 3822 553 3873 καί
574 3822 635 3893 περὶ
655 3818 760 3873 παίδων
778 3819 1042 3888 ἀποκαθισταμένων
1060 3815 1119 3886 ἤτοι
1136 3835 1267 3889 neccaro)-
1295 3826 1324 3876 ct
1341 3821 1377 3878 dc
1394 3821 1490 3877 libaria
1508 3822 1673 3878 cxhibendIa
1690 3839 1740 3877 ceu
1758 3821 1892 3877 ducendis
1915 3826 1945 3876 ct
1961 3821 1997 3876 de
2016 3821 2128 3875 nominc
2146 3818 2200 3873 filii

422 3962 561 4035 μονμόνων
578 3964 623 4014 καί
640 3923 662 4015 ά
681 3960 812 4031 ὀνόματος
828 3960 925 4023 παιδὸς
943 3960 1210 4029 ότιοκαδιοταμένοα.
1668 3910 1825 3967 exhibendi

433 4103 533 4169 Καίό
550 4106 759 4191 στρατιώτης
774 4101 914 4181 αίδςτῆν
928 4101 1096 4188 εὐσέβειαν
1107 4108 1273 4187 χρεωστει·
1361 4108 1404 4170 Et
1426 4108 1514 4171 miles
1535 4108 1615 4171 filius
1637 4110 1783 4190 pietatem
1805 4109 1985 4190 [praestare]
2004 4107 2097 4170 debet
2117 4108 2199 4188 patri

365 4215 413 4295 τῷ
436 4197 498 4298 ττ-ρι
517 4210 575 4276 καί
593 4213 798 4297 ἁμαρτάνων
813 4216 857 4286 είς
876 4207 980 4275 αὐτόν
994 4209 1169 4289 κολάζεται
1185 4205 1268 4293 τορός
1295 4226 1325 4277 ct
1348 4216 1374 4277 εἰ
1396 4225 1503 4296 pcccat
1524 4218 1556 4277 in
1583 4236 1654 4278 cum
1677 4217 1844 4296 castigatur
1869 4235 1924 4296 pro
1950 4214 2042 4275 modo
2065 4214 2198 4277 admisci

365 4316 405 4382 τδ
428 4322 550 4404 μέτρον
573 4327 634 4382 τοῦ
655 4318 908 4403 άμαρτῆματοςε
933 4319 991 4365 -⁴
1034 4316 1267 4391 fr.1.D.37‚15.
1923 4321 1959 4383 fr.
1978 4325 2005 4382 1.
2020 4320 2061 4384 D.
2079 4323 2130 4394 37,
2148 4324 2198 4382 15.

434 4442 503 4506 Καὶ
520 4442 910 4527 οίσυνελενδερωθίντες
924 4445 966 4528 τῇ
981 4427 1045 4527 μρῖ
1055 4438 1268 4523 τιμάναύτην
1361 4447 1405 4509 Bt
1426 4447 1478 4528 qui
1500 4468 1570 4509 cum
1593 4456 1689 4509 matra
1712 4447 1889 4508 manumissi
1918 4455 1990 4508 sunt
2011 4465 2078 4509 cam
2100 4445 2199 4508 colera

366 4547 588 4637 όιμείλοιισιιι.ὅ
1105 4548 1141 4610 ir.
1161 4551 1187 4608 1.
1204 4554 1220 4624 §
1240 4549 1267 4607 1.
1295 4553 1414 4616 debent
2036 4553 2073 4614 fr.
2092 4554 2119 4613 1.
2135 4557 2152 4627 ς
2172 4554 2198 4612 1.

430 4672 463 4739 Ὁ
481 4660 556 4759 tit
578 4659 685 4757 iffi
697 4671 756 4761 ὑφ’
774 4669 821 4736 ὧν
836 4673 1010 4759 ἀνετράφη
1030 4674 1154 4754 γόητας
1169 4672 1268 4735 εἰπών
1361 4678 1425 4756 (ῆοί
1455 4686 1575 4759 patrem
1607 4687 1783 4754 matremve,
1812 4698 1831 4740 a
1853 4677 1963 4759 quibus
1991 4677 2122 4738 nunnus
2144 4684 2198 4750 en,

366 4781 504 4863 ἀνάξιος
526 4792 585 4857 τῆς
608 4780 787 4867 στρατείας
810 4817 851 4827 -
875 4777 948 4843 -.⁸
972 4820 979 4837 .
1107 4780 1142 4841 fr.
1161 4783 1187 4841 1.
1205 4785 1221 4856 ξ
1239 4782 1267 4839 3.
1294 4785 1474 4864 impostores
1489 4784 1607 4859 dixerit,
1623 4784 1765 4864 indignus
1780 4784 1889 4847 militia
1904 4820 1947 4831 —-
1963 4818 2006 4830 -
2048 4783 2084 4844 ir.
2097 4785 2125 4844 1.
2141 4783 2198 4858 ηδ.

430 4894 463 4971 Ὁ
490 4903 550 4970 τόν
573 4904 678 4969 παῖδα
700 4904 750 4970 tn)
775 4901 858 4968 πολὺ
885 4901 930 4968 τά
952 4914 1020 4968 των
1046 4903 1269 4985 αὐτεξουσίων
1361 4908 1426 4986 Qui
1448 4907 1544 4970 filium
1566 4908 1618 4969 diu
1640 4928 1750 4990 pansus
1773 4908 1864 4972 hiarit
1886 4920 2033 4989 tanquam
2056 4908 2104 4969 cui
2125 4907 2198 4968 iuria

366 5014 470 5087 ἐάσας
493 5011 731 5097 πράττεινκαὶ
754 5009 817 5076 ὑπό
840 5012 1028 5097 ἐπιτρόπων
1058 5011 1160 5074 τελεῖν
1190 5011 1268 5093 ττρό-
1296 5034 1328 5077 εε
1350 5035 1454 5096 garcrc
1475 5024 1506 5077 ct
1527 5015 1559 5076 in
1581 5014 1679 5077 tutcla
1700 5016 1816 5079 versari
1842 5014 2062 5097 praeiudicium
2084 5014 2200 5095 patitur

215 5135 263 5204 sot,
277 5139 329 5190 εον.
365 5140 469 5203 κριμα
485 5120 604 5197 πάσχει
616 5117 689 5204 περὶ
699 5117 759 5197 τὴν
774 5118 1038 5202 ὑπεξοασιότητα
1052 5114 1269 5191 τοῦααιδόςί
1296 5121 1333 5183 dc
1355 5121 1509 5202 patriciu
1530 5121 1627 5183 filium
1649 5131 1806 5204 potcstatc
1921 5190 1923 5193 ,
1967 5142 1992 5184 c
2007 5121 2033 5183 Ι.
2050 5120 2085 5183 0.
2102 5123 2131 5195 8,
2146 5122 2199 5182 46.

971 5246 995 5288 c.
1015 5228 1041 5287 1.
1057 5224 1091 5287 0.
1108 5222 1200 5299 VIII,
1215 5226 1268 5285 46.

299 5368 328 5429 ς,
430 5348 463 5416 Ὁ
486 5349 679 5434 δαεξούσιος
706 5348 773 5413 δσα
799 5354 847 5432 τῷ
870 5335 934 5435 ντ-ρι
962 5347 1199 5434 προσεαόριζεν
1230 5349 1270 5410 οὐ
1363 5351 1591 5414 Filinafamiliaa
1613 5373 1822 5434 quaecumque
1848 5354 1928 5433 patri
1947 5340 2116 5433 ‘quaesierit
2138 5371 2200 5413 non
2245 5374 2276 5423 τι,

367 5457 507 5522 δύναται
523 5461 677 5521 ἐκτιοιεῑν·
693 5464 720 5521 εί
735 5456 769 5521 δὲ
783 5456 985 5542 ὑβριστικῶς
995 5457 1086 5537 αὐτῷ
1099 5459 1268 5539 κέχρηται,
1296 5467 1397 5538 pctcat
1427 5458 1571 5532 alienam
1603 5460 1630 5520 εἰ
1656 5478 1730 5522 vcro
1757 5479 1827 5521 cum
1859 5459 2047 5522 contumeliis
2079 5458 2200 5532 adfecit,

439 5740 583 5812 ¹hucuaq.
602 5740 669 5811 Syn.
764 5740 835 5794 ’Ex
854 5740 956 5796 scholia
973 5739 1037 5797 Βεε
1056 5739 1112 5795 Hb.
1207 5738 1271 5793 'In

366 5835 508 5901 postrema
525 5828 609 5885 huius
626 5830 702 5884 tituli
720 5835 800 5900 parte
818 5829 991 5884 restituenda
1012 5829 1096 5901 longa
1118 5846 1136 5884 a
1152 5830 1271 5884 varitate

368 5918 510 5974 aberravit
527 5918 583 5973 Hb.
654 5916 728 5974 ‘ci
748 5916 814 5989 Syn.
887 5917 1080 5990 ‘habctSyn
1152 5915 1269 5972 ‘simii

369 6005 437 6079 syn.
510 6007 581 6061 'Ex
598 6005 710 6062 scholiis
728 6006 794 6062 Bac.
813 6006 868 6062 Hb.
