4830 7020
372 453 738 523 udatutcoittim
770 454 928 522 LIBER
951 454 1045 522 XVI.
1082 452 1183 521 ΤΙΤ.
1207 453 1303 522 vill.
1333 454 1438 522 CAP.
1461 456 1615 521 tid-at.
1893 460 1956 527 123

6 632 8 641 ’
105 650 172 699 τινι,
200 622 254 698 icoc
286 624 337 690 ότε
364 625 460 707 τυχὸν
481 622 498 691 ό
521 626 629 709 πίτρος
656 628 801 708 μαίνηται
831 622 930 708 iiior
951 625 1001 691 ὅτε
1035 630 1209 706 reliquerit,
1244 628 1338 688 donec
1360 630 1435 688 forte
1457 630 1558 690 Petrus
1586 633 1617 689 in
1641 630 1742 688 furore
1761 632 1956 707 permanserit

104 705 229 789 δπίτρος
251 712 484 797 παιδοποιήση,
517 716 622 795 συμβῇ
653 714 688 776 δέ
711 713 743 775 ἔν
764 716 803 797 τῇ
826 716 922 800 μανίρι
951 737 1002 776 τε-
1035 716 1081 773 vel
1105 713 1197 772 donec
1218 713 1323 772 Petrus
1343 716 1448 773 liberos
1473 718 1646 789 sustulerit,
1675 726 1705 774 et
1727 714 1832 773 Petrus
1851 718 1882 774 in
1906 717 1956 775 iu·

103 796 228 874 λευτῆσαι
249 795 305 858 τόν
326 796 440 876 πίτρον
463 795 484 880 ἢ
506 796 538 859 lv
559 795 704 886 δπαιδίρ,
737 791 755 880 ἦ
778 802 887 877 χρῆσις
909 797 1001 861 ίιιτεί-
1035 817 1101 857 rore
1121 800 1302 856 constitutur
1321 800 1477 860 decesserit
1494 802 1537 859 rel
1557 803 1620 859 sine
1638 801 1747 874 liberis,
1769 800 1954 861 ususfructus

3 902 7 933 ι
102 902 172 942 νεται
189 882 272 962 μίχρι
292 887 349 963 τῆς
372 882 452 962 ζωῆς
471 883 528 946 τοῦ
549 877 669 961 ίχοντος
692 881 748 963 τὴν
766 880 886 964 χρῆσιν.
1035 883 1071 940 ad
1093 886 1185 940 vitam
1204 883 1416 943 usufructuarii
1438 886 1620 945 extenditur.

155 976 228 1061 λ[ς’].
256 975 306 1043 Ἥ
322 984 432 1063 χρῆσις
453 980 510 1062 τῆς
531 976 677 1060 οίκήσειυς
699 977 772 1043 οὔτε
790 985 899 1064 χρῆσις
918 976 1001 1063 sinii,
1099 980 1252 1042 XXXVI.
1301 983 1496 1042 Ususiructus
1531 983 1722 1043 habitationis
1755 1004 1848 1064 neque
1881 1004 1951 1045 usus
1993 999 2075 1051 ma.

100 1062 172 1145 lore
182 1063 249 1127 οὔτε
263 1070 374 1149 χρῆσις
392 1070 532 1148 καρπῶν,
555 1061 627 1127 ἀλλ’
646 1063 763 1141 ίδιόζον
777 1069 905 1128 δίκαιον.
935 1062 1001 1130 itt
1035 1069 1161 1145 simplex
1198 1079 1243 1126 est
1275 1086 1367 1145 neque
1400 1070 1604 1142 ususfructus,
1638 1069 1688 1128 sed
1716 1071 1761 1128 ius
1790 1072 2108 1147 proprium.0·11¹.3³.

3 1158 8 1189 '-
100 1144 167 1227 ἴχιον
185 1152 291 1229 χρῆσιν
312 1146 460 1231 οίκήσεονς
479 1149 608 1213 δύναται
630 1146 727 1231 αὐτὴν
745 1153 885 1229 μισθοῦν
907 1147 1000 1237 ἕτίρεμ
1034 1154 1092 1221 Qui
1114 1163 1210 1211 autem
1229 1150 1422 1212 habitationis
1444 1172 1527 1212 nsum
1551 1153 1653 1227 habet,
1683 1174 1746 1213 eam
1773 1156 1825 1212 alii
1853 1156 1951 1214 loeare

99 1235 162 1294 τινί·
188 1236 291 1318 πολλῷ
320 1233 355 1296 δὲ
383 1235 476 1299 πλόον
500 1234 554 1298 liv
585 1230 730 1314 οἰκήσεως
752 1237 863 1315 χρῆσις
894 1236 1000 1318 ίληγα-
1035 1247 1146 1314 potest:
1181 1249 1212 1295 et
1239 1239 1333 1295 multo
1361 1240 1474 1317 magia,
1505 1240 1530 1294 ai
1551 1238 1743 1297 habitationis
1764 1235 1951 1298 usurlructos

99 1315 195 1397 τεόθη,
214 1315 265 1380 διὰ
285 1312 342 1400 τήν
361 1317 464 1400 lisseio
485 1322 542 1400 τῆς
559 1314 698 1397 χρήσεως
716 1316 844 1400 μνήμην
866 1319 999 1386 δύναται
1034 1323 1148 1401 legatus
1172 1325 1228 1394 sit,
1255 1333 1374 1399 propter
1391 1326 1545 1399 specialem
1566 1324 1750 1381 ususfructus
1772 1324 1951 1382 mentionem

98 1406 232 1479 μισθοῦν.
266 1400 416 1466 οδδίποτε
447 1404 482 1468 δέ
513 1400 660 1482 οἰκήσεως
683 1406 923 1487 ληγατευθείσης
944 1405 1000 1468 ‹lei-
1036 1408 1134 1464 locare
1149 1415 1257 1484 potest.
1291 1405 1446 1484 Nunquam
1462 1427 1532 1466 vero
1550 1406 1733 1466 habitatione
1754 1410 1851 1487 legata
1868 1410 1950 1487 lega-

3 1502 10 1534 ἰ
98 1508 177 1548 ναται
197 1483 320 1569 λίγεινό
342 1489 539 1570 ληγοτοίριος,
564 1481 642 1565 ότιη
662 1488 821 1550 δεσποτεία
843 1494 902 1554 τοῦ
915 1488 1001 1556 οἴκου
1036 1491 1127 1548 tarius
1154 1491 1253 1549 dicere
1282 1503 1395 1567 potest,
1426 1493 1540 1550 aedium
1571 1494 1781 1570 proprietatem
1806 1491 1863 1549 sibi
1887 1511 1951 1551 essa

3 1590 9 1619 ’-
96 1567 274 1651 ίληνατεόθη
288 1590 362 1651 μοι·
386 1573 413 1636 εί
431 1574 476 1655 μὴ
500 1570 561 1653 ἄρα
581 1571 735 1633 δείκνυται
749 1569 860 1654 ῥητοῖς,
882 1573 931 1639 ὅτι
949 1577 1000 1639 καὶ
1035 1576 1176 1654 legatam:
1197 1577 1257 1634 uisi
1274 1577 1442 1652 specialiter
1459 1577 1630 1649 ostenderit,
1654 1577 1864 1653 proprietatem
1879 1595 1954 1655 quo·

93 1651 145 1735 τῆν
162 1656 337 1721 δεσποτείαν
359 1653 376 1720 ό
398 1658 586 1736 διαθίμενος
607 1653 817 1738 δληγότευσεν.
1036 1678 1092 1737 que
1114 1670 1283 1719 testatorem
1304 1663 1427 1740 legasse.

148 1751 323 1833 Ἰστίον’“),
361 1754 409 1820 δτι
436 1763 544 1839 χρῆσις
574 1755 654 1836 μόνη
682 1754 831 1837 σίκήσεως
863 1759 1000 1844 διαφίρει
1118 1759 1276 1819 Sciendum
1305 1770 1366 1834 est,
1395 1763 1490 1819 solum
1517 1779 1602 1819 usum
1624 1757 1814 1817 habitationis
1835 1758 1952 1821 differre

90 1832 219 1920 χρήσεως
232 1842 368 1922 καρπῶν,
401 1837 497 1925 ὁγὰρ
515 1843 626 1922 χρῆσιν
643 1837 743 1920 μόνην
759 1840 837 1922 ἔχων
855 1844 1000 1925 οίκήσεαις
1034 1844 1068 1902 ab
1097 1846 1256 1903 usufructu
1287 1846 1358 1903 eius.
1407 1845 1481 1905 Nam
1506 1847 1556 1924 qui
1584 1845 1693 1904 nudum
1723 1862 1806 1902 usum
1835 1843 1950 1904 habita·

3 1966 4 1969 ,
91 1920 213 1986 δόρατος
230 1922 326 2011 μόνος
343 1923 436 1988 οίκεΐν
448 1924 526 2006 μετὰ
543 1928 598 2007 τῆς
609 1931 744 2008 γαμετῆς
760 1924 860 1991 αὑτοῦ
875 1932 924 1991 καὶ
937 1936 999 1993 τῶν
1035 1929 1124 1987 tionis
1153 1928 1259 1999 babet,
1291 1932 1370 1988 solus
1398 1929 1561 1988 inhabitare
1580 1939 1677 2007 potest
1697 1947 1762 1985 cum
1784 1947 1875 1987 uxore
1899 1949 1953 1988 sua

88 2009 201 2072 σίκείαν
224 2010 344 2071 παίδων
366 2011 417 2071 καί
440 2008 653 2088 όπελευθίρων
675 2014 724 2071 καὶ
751 2009 851 2075 ἄλλων
874 2013 999 2078 itioris-
1033 2023 1062 2069 et
1087 2015 1188 2072 liberis
1217 2016 1278 2072 suis
1301 2024 1330 2072 et
1354 2016 1466 2074 libertis
1496 2026 1527 2073 et
1554 2016 1621 2072 aliis
1646 2011 1812 2071 hominibus
1835 2013 1946 2085 liberis,
2039 2053 2042 2059 ·

87 2116 159 2170 ρινν,
190 2087 236 2165 οἷς
258 2091 316 2172 οὐχ
337 2082 433 2172 ἦττον
454 2093 497 2171 ὡς
520 2098 651 2168 οίκίταις
681 2094 840 2176 κίχρηται·
873 2098 910 2160 οὐ
936 2098 998 2179 μὴν
1032 2100 1137 2174 quibus
1166 2117 1226 2157 non
1249 2102 1345 2157 minus
1367 2118 1453 2177 quam
1481 2101 1572 2157 servis
1596 2101 1707 2156 utitur:
1737 2096 1946 2157 habitationem

85 2173 211 2238 δόναται
232 2177 289 2256 τὴν
309 2174 428 2258 σίιιησιν
450 2184 599 2259 μισθοῦν.
641 2174 715 2244 ὁδί
736 2185 849 2263 χρῆσιν
871 2189 997 2264 καρπῶν
1032 2193 1128 2240 autem
1146 2186 1242 2241 locare
1261 2203 1321 2242 non
1341 2192 1448 2261 potest.
1492 2186 1548 2252 Qui
1569 2203 1639 2242 vero
1660 2182 1873 2242 usumfructum
1895 2182 1947 2240 lsa-

83 2257 229 2341 οἰκήσεως
253 2260 329 2341 ἔχων
357 2261 485 2328 δύναται
515 2262 572 2344 τὴν
600 2260 718 2344 οἴκησιν
741 2271 881 2344 μισθοῦν
902 2265 996 2353 ἕτίριρ
1031 2266 1310 2342 irrationaliter,
1338 2270 1426 2327 alteri
1452 2268 1662 2327 habitationem
1683 2266 1836 2325 habitandi
1859 2285 1949 2326 causa

82 2348 140 2407 τοῦ
160 2359 320 2424 κατοικεῖν,
345 2343 387 2421 ὥς
407 2345 678 2436 ίνστιτουτίοινιβ
700 2351 739 2412 τί.
755 2349 790 2413 ε’.
1031 2351 1126 2409 locare
1149 2361 1256 2428 potest,
1276 2363 1310 2411 ut
1330 2351 1522 2412 Institutione
1536 2350 1565 2409 ll
1585 2355 1631 2410 tit.
1647 2350 1675 2412 6.

146 2439 199 2521 λζ.
235 2441 311 2508 Ἐάν
339 2473 396 2511 τινι
427 2452 604 2533 ληματευθῇ
630 2452 791 2514 δεσποτεία
811 2447 892 2534 μόνη
913 2452 997 2529 τινδς
1095 2449 1260 2510 xxxvii.
1292 2453 1327 2512 Si
1349 2454 1428 2512 nuda
1447 2456 1490 2512 rei
1517 2454 1642 2511 alicuius
1670 2454 1835 2530 proprietas
1858 2455 1947 2511 alicui
1984 2459 2066 2511 alt.

79 2524 271 2611 πράγματος,
299 2534 388 2616 μείνῃ
408 2534 442 2596 di
463 2530 482 2613 ἦ
504 2541 615 2616 χρῆσις
636 2535 720 2615 παρὰ
742 2541 787 2621 τῷ
804 2536 994 2623 κληρονόμῳ,
1032 2539 1131 2618 legata
1151 2540 1201 2609 ait,
1220 2537 1406 2596 ususfructus
1421 2558 1490 2596 vero
1511 2537 1588 2615 apud
1609 2537 1740 2596 heredem
1762 2539 1948 2609 remanserit,
1974 2534 2002 2583 ⁰·
2023 2534 2080 2582 Μ·

78 2618 189 2697 συμβῇ
212 2615 245 2677 di
265 2613 321 2678 τὸν
342 2616 533 2698 κληρονόμον
555 2616 574 2700 ἢ
595 2622 774 2699 τελευτῆσαι
797 2618 818 2701 ἢ
839 2627 894 2701 τῆς
914 2620 994 2702 upri-
1033 2621 1116 2680 heres
1139 2632 1235 2679 autem
1261 2624 1309 2679 rel
1340 2622 1498 2681 decesserit
1516 2622 1563 2680 vel
1591 2624 1696 2699 capitis
1720 2621 1947 2681 deminutionem

76 2722 136 2779 της
157 2693 374 2774 καταστάσεως
398 2703 566 2786 ἐναλλαγὴν
590 2697 770 2784 ὑποστῆναι,
790 2701 886 2784 τυχόν
903 2707 997 2789 δξορι-
1033 2725 1133 2782 passus
1163 2708 1204 2762 sit
1240 2705 1289 2764 sel
1330 2707 1408 2785 quod
1446 2707 1615 2784 deportatus
1652 2706 1699 2765 vel
1723 2709 1768 2763 'iu
1801 2708 1949 2765 metallum

75 2787 199 2863 σθῆναι
214 2780 233 2863 ἢ
250 2782 292 2857 είς
304 2784 458 2861 μίταλλον
475 2791 660 2871 πεμφθῆναι
679 2786 698 2870 ἢ
720 2787 794 2853 lilio
809 2792 839 2853 τί
857 2797 998 2855 τοιοῦτον
1033 2790 1187 2848 damnatus
1217 2792 1263 2849 vel
1291 2791 1370 2851 aliud
1396 2792 1466 2869 quid
1494 2792 1635 2849 eiusmodi
1662 2809 1763 2866 passus
1786 2792 1840 2862 sit,
1871 2793 1949 2850 eius·

74 2865 270 2946 όποστῆναι,
300 2866 338 2930 οὐ
361 2872 594 2950 παραπίμπεται
618 2867 637 2953 ἦ
667 2871 793 2956 τοιαύτη
820 2875 927 2956 χρῆσις
950 2877 998 2940 ἐπί
1032 2874 1111 2932 modi
1138 2878 1322 2935 ususfructus
1351 2876 1387 2934 ad
1417 2876 1532 2935 heredis
1564 2893 1745 2933 successores
1771 2894 1830 2933 non
1852 2883 1950 2933 tranr-

3 3010 8 3017 ,
72 2950 157 3023 roric
176 2955 236 3015 τοῦ
257 2950 453 3034 κληρονόμου
473 2952 653 3036 διαδόχους·
678 2956 758 3022 ἀλλὰ
777 2960 858 3023 κατὰ
876 2961 931 3025 τὸν
949 2984 997 3045 ης.
1032 2961 1176 3017 mittitur:
1219 2961 1269 3018 sed
1303 2961 1460 3019 secundom
1495 2962 1657 3041 generalem
1690 2961 1820 3040 regulam
1852 2968 1949 3017 morte

70 3030 164 3099 νικδν
191 3032 308 3099 κανόνα
340 3042 380 3122 τῇ
407 3038 533 3125 τελευτῇ
562 3046 619 3105 τοῦ
651 3038 707 3123 τὴν
735 3049 845 3125 χρῆσιν
874 3042 998 3125 ίχοντος
1032 3045 1113 3117 eius,
1138 3046 1189 3122 qui
1206 3045 1416 3104 usumfructum
1439 3044 1542 3120 habet,
1565 3047 1711 3122 exspiret,
1732 3054 1763 3102 et
1782 3044 1948 3102 indubitate

69 3116 278 3199 σβεννόσθοι,
297 3123 348 3183 καί
364 3120 620 3206 ὃμολογουμίκιας
639 3122 792 3211 ίρῥεόσθαι
814 3126 849 3192 τδ
871 3135 926 3212 τῆς
947 3132 998 3193 δε.
1033 3127 1161 3207 legatum
1190 3131 1382 3207 proprietatis
1407 3130 1538 3188 validum
1563 3131 1613 3205 sit,
1647 3138 1677 3187 et
1698 3131 1743 3187 rel
1764 3128 1948 3188 ususfructus

68 3205 223 3279 σποτείας
240 3205 384 3288 ληγότον,
409 3210 459 3271 καί
482 3210 700 3291 ίπανερχίσθευ
718 3213 769 3274 καί
783 3208 802 3294 ἦ
816 3220 927 3296 χρῆσις
940 3219 998 3279 τοῦ
1032 3212 1069 3270 ad
1090 3233 1155 3272 sum
1173 3215 1284 3288 redeat,
1306 3216 1354 3272 cui
1377 3226 1408 3272 et
1427 3216 1592 3292 proprietas
1614 3216 1711 3294 legata
1731 3225 1782 3272 est.

66 3286 260 3457 πρόέηιιαὲης
277 3292 355 3374 πρὸς
378 3293 504 3371 icarios,
528 3282 611 3381 ᾧτινι
632 3295 683 3358 καί
707 3296 868 3361 δεσποτεία
888 3296 997 3383 lippo·

67 3399 126 3437 τευ
183 3417 193 3435 .

139 3453 203 3539 λη’.
235 3455 313 3522 'Eois
331 3463 444 3544 χρῆσις
463 3468 589 3544 καρπῶν
609 3459 710 3553 δούλῳ
728 3489 790 3544 μου
809 3472 995 3551 ληηοηοθῇ,
1095 3461 1272 3524 XXXVlll.
1305 3463 1339 3524 si
1360 3463 1547 3523 ususfructus
1570 3484 1655 3524 servo
1675 3485 1739 3524 meo
1760 3466 1875 3547 legatus
1895 3465 1945 3538 sit,
1990 3474 2018 3524 L.
2032 3476 2072 3526 15.

66 3543 94 3607 εί
113 3542 174 3606 καὶ
194 3539 412 3625 διποκτήοαμαι
431 3547 525 3628 μίρος
544 3545 656 3612 οοότοο
678 3555 737 3613 τοῦ
756 3547 884 3628 δούλου,
907 3550 998 3617 οὐδὲν
1033 3548 1104 3606 licet
1126 3559 1240 3626 partem
1260 3548 1347 3608 buius
1369 3550 1445 3607 servi
1465 3552 1599 3624 amisero,
1621 3549 1811 3608 nihilomiuus
1831 3551 1945 3629 integer
1974 3548 2000 3593 θ·
2024 3549 2077 3595 eor.

65 3620 172 3707 ἧττον
193 3627 277 3705 μίνει
299 3627 375 3713 παρ’
393 3632 461 3709 ίμοί
482 3637 580 3696 τελεία
603 3630 621 3714 ἦ
641 3641 751 3715 χρῆσος
772 3641 836 3700 τῶν
860 3643 995 3720 καρποῖο,
1033 3634 1218 3692 ususfructus
1244 3633 1321 3711 apud
1348 3653 1394 3691 me
1422 3643 1573 3709 remanet,
1605 3635 1678 3693 licet
1705 3652 1773 3711 pars
1802 3635 1882 3693 servi
1909 3633 1948 3691 ad

65 3710 130 3876 :lips
158 3711 203 3774 τὰ
230 3706 367 3862 melipepo
397 3720 440 3794 εἷς
472 3715 575 3799 ἕτερον
605 3717 759 3801 δεσπότην
787 3726 931 3804 περιῆλθε
960 3722 1000 3786 sd
1035 3720 1125 3776 tlium
1146 3718 1294 3777 ‘hminum
1317 3721 1493 3796 ptwtsstrst·

131 3819 172 3871 ος
195 3819 255 3859 του
279 3821 327 3860 os
342 3823 405 3862 του.

108 3820 210 3943 ρλθῖ
231 3875 276 3943 Ἡ
288 3878 426 3959 διάταξις
439 3882 563 3962 κελεόει,
587 3892 701 3968 χρῆσιν
719 3884 901 3972 πράγματός
916 3914 999 3967 τινος
1091 3884 1247 3948 XXXIX.
1280 3885 1462 3945 Constitutio
1483 3887 1575 3959 iulet,
1596 3885 1812 3946 usumfructum
1829 3889 1875 3946 rei
1892 3886 1948 3944 ali·
1989 3893 2017 3944 L.
2031 3894 2069 3946 ro.

63 3966 416 4047 χρεωστουμίνηντινί,
438 3967 496 4032 εἴτε
515 3967 575 4035 aiud
600 3972 760 4054 διαθήκης
779 3978 998 4059 καταλειφθοῖ.
1034 3973 1127 4043 cuius,
1156 3974 1207 4048 qui
1229 3973 1319 4029 alicui
1341 3970 1472 4043 debetur,
1494 3973 1555 4029 sire
1577 3980 1753 4030 testamento
1771 3974 1891 4031 relictus
1909 3974 1949 4028 sit
1980 3968 2007 4015 0.
2029 3968 2085 4016 ωί·

67 4075 131 4113 σαν
164 4047 185 4131 ἢ
220 4051 263 4127 εἰς
291 4049 475 4134 ίπεριότησιν
496 4065 745 4136 κατενεχθεῖσαν,
778 4060 828 4122 καί
849 4060 906 4140 τὴν
930 4062 998 4143 περί
1032 4059 1094 4113 sive
1121 4058 1153 4113 in
1178 4057 1401 4133 stipulationem
1428 4054 1589 4128 deductus,
1619 4064 1650 4113 et
1677 4057 1822 4115 actionem
1850 4056 1886 4114 de
1912 4073 1947 4113 eo

63 4254 73 4269 ·
83 4251 150 4269 ····
161 4215 177 4286 ll
200 4218 215 4284 il
236 4218 250 4285 d
271 4217 284 4285 d
306 4245 996 4269 --------------
1032 4218 1158 4272 enimes
1175 4251 1533 4272 .....................
1556 4220 1569 4288 ο
1589 4219 1602 4288 ο
1624 4217 1636 4285 ιι
1657 4219 1669 4285 d
1696 4192 1784 4258 -'-
1806 4248 1841 4258 -
1862 4248 1896 4259 -
1918 4245 1949 4258 -

63 4316 103 4326 ·
123 4315 157 4325 ·
182 4315 215 4325 “·
240 4315 273 4325 “·
291 4315 326 4327 “
347 4317 381 4328 ··
400 4319 430 4329 ··
450 4318 486 4329 -
504 4320 535 4330 ··
557 4322 585 4331 -
603 4321 928 4368 ···············ιοης
1031 4312 1950 4329 ““““““““““““““““““

65 4387 386 4409 ..................
396 4362 998 4424 ,....οοοοοο..ςὀὕ...--,,,,,
1031 4354 1883 4423 ----’-------··--“·ίίΙί
1906 4356 1948 4423 llll

63 4497 178 4552 &m
180 4458 262 4479 ·····
280 4423 567 4576 δπότεῆ--ληέ-ωτ
566 4464 834 4487 ················
851 4432 999 4496 οἷλλᾶῐδιον
1033 4425 1045 4496 ΙΙ
1067 4423 1079 4495 ll
1101 4426 1113 4493 ΙΙ
1133 4425 1146 4492 ΙΙ
1166 4424 1179 4496 ΙΙ
1198 4451 1803 4467 ““““““““““““

144 4550 147 4553 ¹
195 4527 707 4554 eeeeeeeeeeeeeeeeeeeeeeee
716 4526 750 4562 m
763 4538 998 4559 eeeeeeeeeeeeee

61 4564 160 4621 eorico
178 4566 210 4622 di
227 4560 346 4641 ἠμφεβόλ
353 4599 553 4620 ············
551 4635 559 4655 Ι
564 4603 764 4627 ············
780 4598 801 4633 m
813 4580 932 4652 ιιντκαβι
949 4618 1000 4633 ...

63 4668 76 4683 ·
88 4665 492 4690 ·······················
508 4661 604 4713 ταυτην
662 4648 730 4702 θ-
748 4681 1000 4698 ···············

63 4741 74 4754 .
147 4738 229 4754 .....
253 4703 276 4761 si
288 4709 336 4781 pir
351 4728 423 4781 μοιμτ
442 4705 455 4773 ΙΙ
477 4708 490 4776 ΙΙ
512 4712 525 4776 ΙΙ
547 4710 560 4778 ΙΙ
580 4712 592 4777 ΙΙ
612 4714 822 4787 αγροπροσθὴκη
838 4715 887 4772 τοο]
904 4711 1000 4774 οὖσαν·

61 4791 215 4845 ‹scmwv
227 4805 1001 4836 ·············································

112 4872 493 4897 ······················
515 4849 607 4906 δίδωσι
624 4849 648 4907 εἲ
667 4848 745 4919 μήπω
762 4854 807 4911 καὶ
830 4851 875 4924 τὴν
891 4854 939 4912 τοῦ
955 4878 1002 4927 μι-

60 4874 240 4977 ebolo-noe
260 4946 1001 4976 ···········································

60 5015 73 5031 ·
86 5014 98 5029 ·
111 5010 283 5033 ··········
293 4986 388 5061 ρασίαν
403 4984 482 5044 saiso
498 4986 552 5063 γὰρ
572 4993 601 5054 ἐξ
618 4983 702 5047 αὐτοῦ
724 5013 822 5069 ..ηερ
835 5025 1002 5044 ··········

56 5083 97 5101 ..
108 5081 961 5113 .................................................
988 5061 1001 5134 ο

123 5184 331 5274 θεοδόρου.
364 5190 507 5273 κόκμέρος
527 5154 650 5281 dedorim
670 5132 714 5263 sec)
732 5198 781 5257 sori
806 5198 874 5258 illoc
898 5197 1003 5267 δούλου,
1089 5205 1131 5257 28.
1171 5203 1352 5259 Theodori
1378 5203 1459 5273 [trs
1479 5197 1617 5276 (etim.
1655 5200 1693 5253 Et
1715 5200 1867 5268 aipartem
1888 5197 1951 5264 quis

54 5246 174 5331 qirsbs]
195 5263 272 5350 ίαθη
290 5256 511 5336 οὗοουφρουκτος,
528 5260 648 5348 olitoris
661 5268 867 5339 με’νειέχωντόν
880 5291 1003 5347 προσπο-
1037 5277 1113 5328 serui
1139 5275 1324 5340 alienaverit,
1350 5275 1395 5327 cul
1417 5274 1600 5328 ususfructus
1626 5270 1742 5325 relictus
1768 5277 1828 5333 eat,
1855 5275 1949 5320 tamen

54 5331 208 5410 ρισθὲητα
236 5331 307 5384 αυτ“
331 5325 369 5387 δι’
388 5334 487 5414 irrisos
509 5329 731 5409 υδσουφροοκτον.
766 5336 862 5413 ὁμοίως
885 5341 965 5413 φησὶν
987 5337 1004 5427 ᾗ
1037 5341 1235 5397 usumirueturn
1266 5361 1316 5414 per
1344 5360 1408 5397 euru
1439 5345 1492 5399 sibi
1520 5344 1691 5411 acquisitum
1717 5341 1833 5392 retinet.
1874 5335 1951 5388 idem

52 5396 98 5486 ’ζ
118 5399 201 5485 3¹3⁸:
224 5399 271 5486 ‘2¹²
288 5352 507 5485 δίκπθίδψαπῡς
534 5407 636 5471 ῐέδῠίωε
663 5403 708 5464 τόν
731 5409 799 5465 ἴδιον
819 5408 935 5482 οἰκέτην,
965 5411 992 5467 δι
1038 5414 1213 5466 dicitconst.
1231 5416 1261 5465 Π
1279 5414 1371 5474 deco,
1391 5415 1481 5481 quiin
1501 5421 1593 5463 totum
1610 5411 1952 5468 circumsonantium,

52 5491 95 5527 ⁰⁸¹
115 5490 202 5541 ΜΨ
218 5490 435 5544 ⁰v⁰⁰vt³t⁰v⁸¹⁰t
452 5479 663 5549 demotionis.
1037 5499 1086 5553 per
1105 5499 1187 5552 quem
1206 5487 1230 5536 ei
1251 5482 1433 5537 ususfructus
1452 5482 1608 5551 acquisitus
1626 5488 1678 5532 est

74 5621 84 5642 ‚
109 5549 346 5642 ¹9¹3,“²⁵³²⁰5·„
360 5552 401 5621 [ὅ]
414 5553 627 5645 θῦξθῦφοθνκῐῠς
643 5559 798 5640 καὶῆττερὶ
815 5559 897 5622 αὐτοῦ
910 5560 1001 5642 ἅμαμὴ
1085 5570 1128 5623 tt.
1164 5568 1336 5621 Eiusdem
1363 5567 1394 5639 [ί.
1416 5568 1469 5635 iil.
1501 5562 1677 5617 Ususiructus
1703 5567 1733 5615 et
1758 5561 1834 5611 aetio
1854 5557 1889 5610 de
1916 5572 1950 5609 eo

45 5646 106 5682 Μ
128 5626 346 5700 πολλπνετῳ
363 5633 553 5696 coenoso,
576 5625 690 5706 ἄλλδτῇ
707 5634 814 5706 τελευτῇ
831 5636 876 5691 καὶ
898 5637 929 5709 τῇ
952 5659 1001 5709 μι-
1037 5654 1093 5690 οοα
1121 5641 1263 5691 smittitur
1290 5656 1345 5690 non
1374 5642 1496 5698 utendo,
1528 5634 1578 5688 sed
1604 5639 1693 5686 morte
1718 5639 1748 5683 et
1769 5643 1873 5698 magua
1896 5642 1951 5679 me·

130 5802 188 5863 Ol)
213 5800 279 5849 cod.
296 5816 429 5852 numerum
447 5801 483 5863 λς’
498 5810 642 5867 praeponit.
669 5811 744 5868 apuu
763 5810 884 5864 Fauna
899 5815 998 5865 tresue.
1103 5814 1149 5882 92)
1168 5818 1242 5878 Espl.
1261 5818 1305 5866 iol.
1321 5818 1374 5866 ill.
1390 5819 1445 5865 140.
1472 5819 1525 5863 inc.
1544 5814 1690 5863 intimi.

23 5871 98 5920 &00
117 5874 222 5930 eaput
243 5869 311 5919 inter
327 5874 424 5921 scholia
440 5876 549 5923 relstom
567 5880 614 5926 est.
1014 5824 1020 5934 δ
1245 5912 1256 5921 -

115 6009 164 6067 a)
187 6005 279 6064 Εκοι.
297 6009 343 6055 roa
356 6010 412 6056 rss.
425 6013 482 6058 rso.
519 6017 570 6065 rue.
590 6016 634 6063 ror.
646 6019 741 6067 sors,

1250 6140 1264 6171 ς
1519 6102 1579 6168 16*
