4978 7018
954 388 1107 457 LIBER
1129 389 1221 456 XIX
1266 390 1360 456 ulv.
1382 391 1424 457 X.
2062 394 2104 459 23

340 568 655 635 Ἀποκαθίστανται
677 569 735 634 καί
758 567 802 635 τά
819 572 989 650 τεχθέντα
1010 567 1093 654 μετά
1115 567 1176 648 τὴν
1268 571 1483 635 Restituuntur
1504 579 1535 635 et
1557 571 1737 656 [mancipia]
1761 591 1840 653 quae
1853 580 1929 651 nete
1942 580 2014 635 sunt
2034 581 2105 654 post

274 686 399 763 πράσιν
426 681 462 740 ἐκ
488 686 546 753 τῆς
569 678 873 766 ἀναστρεφομένης,
900 676 958 741 καί
981 675 1039 743 sos
1060 678 1175 742 δεσπο-
1201 678 1404 743 venditionem
1427 699 1465 741 ex
1487 678 1640 742 redhibita
1662 678 1804 765 [aneilla]
1832 686 1863 742 et
1889 680 1914 741 si
1936 678 2103 742 dominium

192 782 194 789 ’
273 784 346 847 τεία
368 784 490 871 πραθῇ
513 783 563 867 [fr.
580 786 664 860 315
685 784 719 868 2]
743 781 800 847 καί
822 785 842 861 ῆ
862 794 984 870 χρῆσις
1006 795 1073 849 τῶν
1095 807 1175 871 καρ-
1202 780 1368 847 eli'enatum
1400 785 1441 847 eit
1466 795 1497 848 et
1523 787 1713 850 ususfruetue
1740 786 1769 848 ei
1795 786 1962 861 aooesserit,
1993 794 2025 849 et
2054 786 2104 850 hio

274 901 345 953 πῶν
359 891 445 977 αὐτῇ
454 890 655 975 προσετέθη,
665 889 722 955 καὶ
732 888 816 968 αύτη
826 892 1120 956 ἀποκαθίσταταιε
1132 931 1173 941 -
1201 891 1376 955 restituitur.
1874 892 1910 956 ir.
1927 895 1978 955 31.
1995 899 2011 970 5
2029 896 2058 956 2.
2075 897 2103 955 3.

991 999 1026 1061 n.
1043 1002 1094 1063 31.
1111 1007 1127 1077 ς
1145 1004 1173 1063 3.

339 1141 982 1153 --------
1010 1103 2103 1186 μὴόνέκ-----------

273 1213 478 1296 πραγμάτων
500 1220 562 1275 τοῦ
584 1220 726 1296 πρατοῦι
743 1249 785 1259 -
990 1213 1025 1275 fr.
1042 1216 1092 1276 31.
1110 1220 1126 1291 5
1143 1216 1172 1277 4.
1201 1248 1243 1258 -
1267 1247 1309 1258 -—
1332 1233 1401 1274 oum
1425 1232 1485 1274 non
1500 1213 1593 1275 sitex
1610 1214 1703 1276 rebus
1718 1192 1892 1277 venditoris
1936 1214 1972 1276 fr.
1983 1217 2102 1293 3154.

335 1316 368 1383 ‘O
390 1319 589 1405 πιπράσκων
615 1318 735 1383 δοῦλον
758 1326 922 1403 χρεωστεῖ
942 1316 1028 1400 [tide
1050 1317 1173 1404 τι[μὴν]
1267 1318 1330 1397 Qui
1353 1319 1459 1381 vendit
1479 1340 1600 1383 servum
1622 1322 1754 1402 pretium
1776 1320 1869 1384 debet
1890 1358 1933 1368 —
1976 1358 2018 1369 -
2060 1358 2103 1370 -

272 1463 314 1472 —
353 1463 395 1473 —
434 1463 477 1474 -
515 1423 618 1513 daseia
657 1460 2101 1476 ------------------

271 1535 297 1595 εί
333 1530 368 1595 δέ
399 1530 442 1613 μὴ
475 1532 585 1620 λεχθῇ
611 1533 749 1617 χρόνος,
781 1535 845 1610 ἔχει
882 1530 1017 1614 ἀγωγὴν
1052 1536 1096 1607 είς
1133 1530 1172 1597 τὸ
1199 1533 1257 1594 nisi
1294 1532 1409 1595 dietum
1445 1532 1536 1595 fuedt
1572 1543 1700 1615 tempus,
1745 1530 1894 1597 sotionem
1932 1535 2026 1598 habet
2062 1536 2102 1599 ed

271 1638 454 1703 ἀποδοῦναι
477 1636 570 1713 έντδς
591 1639 753 1723 ἐξήκοντα
767 1641 895 1722 ῆμερῶν
912 1641 1102 1725 ὡρισμένων
1116 1637 1173 1703 καλ
1200 1638 1419 1701 restituendum
1450 1639 1531 1702 intra
1567 1642 1727 1723 sexaginta
1757 1642 1820 1704 dies
1852 1642 1941 1704 utiles
1973 1651 2005 1705 et
2034 1651 2104 1724 post

269 1742 352 1828 μετά
365 1743 427 1820 τάς
440 1746 601 1828 ἐξήκοντα
618 1746 789 1831 ῆμεραςέξ
807 1746 943 1828 εὐλόγου
952 1748 1071 1825 αίτιάς,
1087 1748 1131 1820 ὡς
1146 1751 1173 1810 εί
1200 1746 1360 1825 sexaginta
1390 1746 1454 1808 dies
1484 1766 1523 1808 ex
1554 1746 1636 1810 iusta
1666 1768 1771 1823 eausa,
1803 1747 1899 1812 veluti
1930 1749 1956 1811 si
1987 1769 2101 1812 moram

270 1853 452 1937 ὑπέρθεσιν
475 1853 494 1915 d
518 1853 647 1937 πράτης
669 1854 819 1930 ἐποίησεν
841 1852 917 1931 bod
932 1863 1042 1939 παρῆν
1058 1855 1077 1916 d
1093 1855 1172 1918 ἀνα·
1199 1852 1338 1917 venditor
1381 1852 1485 1916 feeerit
1527 1852 1578 1917 vel
1614 1875 1675 1917 non
1712 1854 1843 1918 adfuerit
1879 1855 1932 1937 qui
1968 1856 2101 1938 resipere
2129 1921 2132 1927 ,

269 1958 383 2045 λαβεῖν
405 1959 549 2047 ὀφείλων
571 1959 598 2037 ἢ,
613 1960 726 2044 έτερόν
748 1982 780 2023 τι
796 1959 932 2041 εύλοχον
947 1963 1171 2042 παρενέπεσεν.
1200 1959 1352 2022 debuisset
1393 1960 1443 2023 vel
1487 1981 1566 2041 quse
1606 1961 1668 2022 alia
1707 1962 1788 2024 iuste
1824 1983 1918 2025 eausa
1953 1963 2101 2026 insiderit

270 2067 543 2151 [έτ.31.522.23.]
583 2064 652 2130 Καὶ
675 2070 709 2130 έν
723 2065 863 2142 ταύταις
885 2067 919 2131 δὲ
934 2075 1010 2141 ταῖς
1025 2069 1172 2149 ἀγωγαῖς
1200 2066 1249 2150 [ir.
1266 2068 1316 2127 31.
1337 2072 1354 2143 5
1372 2069 1422 2129 22.
1440 2065 1505 2150 23]
1550 2067 1593 2129 Et
1614 2068 1646 2129 in
1669 2067 1734 2130 istis
1757 2068 1927 2132 actionibus
1945 2090 2101 2133 servamus

269 2173 576 2261 παραφυλάττομεν
602 2170 647 2237 τὰ
673 2175 825 2259 εἰρημένα
852 2172 924 2258 περὶ
952 2183 1091 2238 τοκετοῦ
1114 2172 1171 2238 καὶ
1199 2193 1335 2256 eaquae
1356 2172 1440 2235 diota
1461 2181 1534 2235 eunt
1554 2173 1592 2237 de
1613 2182 1704 2256 partu
1726 2184 1757 2238 et
1782 2174 1883 2238 fructu
1905 2184 1936 2239 et
1957 2178 2101 2240 secessio·

268 2283 401 2367 καρποῦ
421 2279 479 2344 καί
502 2280 725 2366 προσθηκῶν;
742 2316 783 2329 -
846 2280 1024 2359 231524.
1034 2281 1170 2356 Ι).21,1.
1198 2280 1296 2343 nibus.
1725 2281 1760 2342 fr.
1777 2284 1829 2344 31.
1845 2287 1862 2358 5
1881 2285 1931 2345 24.
1946 2283 1986 2344 Ι).
2002 2283 2054 2358 24,
2073 2286 2100 2346 1.

334 2387 456 2461 Καλῶς
478 2387 497 2449 ό
521 2384 714 2473 ἀγοραστὴς
736 2397 910 2475 συμφωνεῖ
927 2390 1004 2451 εἵσω
1023 2388 1171 2473 προθεσ-
1264 2386 1358 2449 Reate
1372 2395 1491 2467 emptor
1512 2387 1677 2468 paoisoitur
1697 2387 1778 2450 intre
1799 2388 1879 2450 diem
1894 2389 1944 2452 vel
1959 2390 2052 2452 etiam
2067 2390 2100 2452 in

266 2495 344 2577 μίας
370 2494 390 2571 ῆ
417 2492 474 2558 καλ
506 2492 659 2571 διηνεκῶς
689 2492 873 2558 ἀποδοῦναι
900 2491 940 2559 τὸ
970 2494 1172 2581 ἀγορασθὲν
1197 2502 1376 2575 perpetuum
1397 2494 1554 2558 restituere
1576 2515 1639 2556 rem
1655 2502 1797 2576 emptam,
1820 2495 1847 2557 εἰ
1861 2495 1889 2558 ei
1904 2495 2098 2577 displicuerit

268 2604 461 2687 ἀπαρέσκον
483 2601 586 2683 αὐτοῖς
603 2638 645 2648 -

183 2709 231 2782 λβ.
332 2709 379 2772 Ἡ
396 2707 573 2793 προςθήκη
596 2710 694 2792 μέρος
717 2705 786 2770 ἐστὶ
803 2718 861 2784 τῆς
876 2708 1029 2793 πράσεως
1053 2709 1103 2793 [fr.
1119 2711 1170 2771 31.
1262 2706 1407 2771 Aoeessio
1433 2726 1504 2789 pers
1531 2714 1579 2769 est
1604 2707 1786 2771 venditionis
1814 2707 1863 2792 [fr.
1880 2711 1931 2771 31.
1952 2716 1968 2786 5
1986 2711 2039 2791 25]
2068 2718 2100 2773 et
2135 2717 2178 2768 82.

269 2815 359 2899 525]
392 2813 449 2878 καλ
480 2814 602 2902 ὀφείλει
635 2814 654 2876 ό
687 2815 816 2899 πράτης
845 2814 903 2879 καί
936 2814 1009 2899 περὶ
1046 2814 1170 2892 ταύτης
1197 2823 1315 2895 oportet
1337 2824 1502 2896 emptorem
1524 2822 1556 2876 et
1578 2814 1616 2876 de
1638 2835 1676 2877 ee
1694 2814 1853 2896 praedioer
1894 2852 1936 2862 —
1978 2853 2016 2862 -
2054 2852 2097 2864 —

267 2921 436 3007 προλέγειν
454 2956 1941 2970 ------------------
1982 2923 2099 2986 aoosdit

267 3066 309 3076 -
333 3066 375 3077 —
399 3029 454 3110 λεχ
476 3065 519 3075 -
543 3027 583 3090 ού
610 3027 713 3109 μόνον
734 3031 768 3092 έν
791 3026 863 3116 ‘iii
892 3052 924 3092 τι
948 3029 1168 3113 προςτίθεται
1196 3027 1321 3103 Paulus,
1344 3027 1525 3109 intellegere,
1548 3027 1601 3089 sed
1623 3027 1715 3090 etism
1730 3048 1799 3090 oum
1814 3030 1980 3108 generatim
2002 3029 2097 3092 fundo

266 3136 434 3215 όπαῶλος,
457 3143 553 3214 νοεῖν,
574 3130 660 3198 ἀλλά
674 3131 739 3198 κάν
754 3147 888 3216 γενικῶς
903 3138 1012 3220 ἀγροῦ
1026 3156 1168 3222 πιπρασ-
1195 3133 1317 3196 vendito
1355 3134 1527 3198 adiciantur
1564 3133 1665 3196 omnia
1702 3135 1854 3216 mancipia
1884 3156 1962 3219 quae
1992 3136 2024 3198 in
2062 3157 2098 3199 eo

265 3246 406 3325 κομένου
431 3241 649 3328 προστεθῶσι
673 3241 786 3305 πάντα
807 3238 852 3306 τά
874 3247 908 3306 ὲν
931 3243 1023 3325 αὐτῷ
1047 3241 1168 3330 ἀνδρά-
1196 3240 1305 3324 [sunt].
1994 3241 2030 3303 fr.
2047 3246 2097 3305 32.

266 3349 367 3414 noda:
384 3385 426 3396 -
1063 3350 1099 3412 fr.
1116 3354 1168 3414 32.

330 3455 472 3520 Ἐσθότε
508 3452 566 3518 καί
603 3450 647 3518 τά
685 3454 757 3536 ὑγιῆ
796 3453 995 3542 ἀνδράποδα
1032 3452 1089 3519 διά
1124 3452 1168 3519 τά
1260 3453 1416 3518 interdum
1447 3464 1478 3517 et
1508 3474 1585 3516 sans
1615 3455 1768 3536 manoipia
1803 3464 1927 3537 propter
1956 3456 2098 3519 morbosa

265 3563 396 3641 νοσώδη
420 3564 717 3648 ἀντιστρέφονται,
746 3557 804 3624 tois
827 3599 868 3609 —
893 3600 935 3610 -
964 3564 1004 3626 οὐ
1026 3561 1166 3626 δύναται
1194 3560 1402 3635 redhibentur,
1434 3561 1461 3623 si
1495 3596 1533 3608 -
1574 3597 1615 3607 -
1653 3599 1696 3610 -
1729 3562 1863 3643 seperari
1885 3582 1947 3624 non
1969 3570 2098 3643 possunt

262 3670 480 3753 χωρισθῆναι
513 3668 533 3746 ῆ
565 3664 622 3732 διά
654 3703 695 3716 -
730 3705 770 3716 -
804 3666 916 3742 παῖδες
944 3666 1010 3733 ἀπὸ
1044 3672 1167 3751 γονέων
1194 3704 1237 3714 -
1275 3702 1318 3714 -
1357 3702 1399 3714 -
1436 3667 1523 3730 liberi
1550 3667 1770 3749 aparentibus
1797 3668 1888 3730 simul
1914 3668 2096 3732 habitantes.

265 3785 494 3850 συνοικοῦντες
516 3775 680 3853 allidi-osc:
698 3811 739 3822 -
1062 3775 1097 3838 fr.
1115 3780 1166 3839 35.
1992 3775 2028 3837 fr.
2044 3778 2096 3837 35.

177 3886 227 3950 ld·
328 3879 403 3948 Ἐάν
434 3881 550 3947 πολλοὶ
581 3881 692 3946 δοῦλοι
725 3882 910 3966 πραθῶσιν
936 3880 982 3945 ee
1009 3882 1166 3964 τιμήματι
1259 3880 1337 3943 (ium
1374 3880 1477 3962 plures
1519 3881 1599 3945 servi
1635 3881 1785 3944 venierint
1824 3902 1885 3944 uno
1926 3882 2023 3963 pretio
2065 3892 2097 3944 et
2131 3889 2175 3939 es.

263 3989 321 4054 καί
344 3989 387 4053 δι’
417 3993 476 4053 ένα
520 4024 1165 4038 --------
1192 3996 1316 4069 propter
1336 4007 1430 4049 unum
1453 4023 2094 4036 --------

264 4130 911 4145 --------
948 4096 1236 4170 ἀπαιτοῦντες-
1281 4130 1324 4141 -
1368 4128 1411 4140 -
1456 4129 1499 4140 -
1545 4129 1588 4140 -
1633 4129 1758 4143 --
1801 4131 1925 4143 —-
1968 4132 2095 4143 —-

264 4240 306 4251 -
352 4239 395 4251 -
440 4239 483 4250 —
529 4240 571 4249 —
618 4200 807 4279 διατίμησις
848 4238 890 4249 -
931 4237 974 4249 ·-
1020 4199 1093 4285 περὶ
1125 4195 1165 4266 ού
1193 4234 2093 4250 -----------

264 4347 305 4357 -
323 4316 458 4373 σκοπεῖν
481 4306 564 4394 πρὸς
587 4306 691 4384 αὐτὴν
713 4310 734 4384 ῆ
758 4306 831 4384 δίκη
851 4308 991 4389 γίνεταιε
1007 4345 1047 4355 -
1071 4309 1164 4372 free.
1192 4342 1927 4356 ---------
1989 4308 2025 4370 fr.
2043 4312 2094 4371 36.

181 4417 226 4480 lt.
328 4416 403 4479 Ἐάν
425 4438 475 4489 τις
498 4416 542 4489 ὡς
568 4416 731 4491 νεώνητον
760 4414 893 4501 πωλήση
921 4411 981 4477 τόν
1007 4414 1069 4493 ἤδη
1092 4415 1165 4479 δου-
1258 4413 1381 4494 siquis
1403 4423 1438 4475 ut
1460 4413 1611 4476 novioium
1635 4424 1717 4477 emat
1739 4435 1808 4477 eum
1835 4416 1886 4495 qui
1909 4414 1969 4476 iam
1993 4414 2096 4477 serviit
2131 4420 2173 4471 37.

263 4521 428 4587 λούσαντα
459 4522 628 4586 ὑπόκειται
660 4525 702 4608 τῇ
733 4522 949 4608 ἀναστροφῇ·
988 4520 1164 4586 σπεύδουσι
1193 4520 1341 4583 obnoxius
1355 4519 1451 4582 estad
1465 4519 1707 4583 redhibitionem:
1724 4521 1847 4584 student
1862 4521 1942 4583 enim
1957 4520 2094 4583 homines

263 4627 329 4714 γάρ
353 4631 386 4693 οἱ
408 4634 483 4692 ort-oa
507 4624 584 4703 τοὺς
606 4628 786 4706 νεωνήτους
807 4626 988 4712 λαμβάνειν
1005 4630 1050 4703 ὼς
1069 4628 1165 4693 δυνα-
1192 4627 1325 4691 novicios
1351 4647 1536 4708 comparere,
1568 4636 1673 4708 utpote
1699 4628 1751 4708 qui
1777 4628 1893 4690 diseere
1918 4628 2038 4709 possint
2064 4637 2095 4690 et

262 4740 378 4817 μένους
400 4735 627 4799 διδάσκεσθαι
649 4733 706 4798 καί
723 4732 806 4819 πρὸς
824 4731 902 4808 τοὺς
917 4736 1055 4809 οἰκείους
1069 4758 1165 4818 μετα-
1192 4735 1232 4797 sd
1254 4734 1391 4816 proprios
1414 4754 1512 4797 morea
1534 4732 1723 4796 oonformari
1990 4733 2026 4796 fr.
2044 4737 2094 4797 37.

263 4843 439 4907 ποιεῖσθαι
462 4843 620 4928 τρόπουςι
635 4838 700 4890 —2
1060 4843 1096 4905 ir.
1113 4846 1164 4906 37.

325 4948 358 5014 Ὁ
381 4949 579 5034 πιπράσκων
601 4946 762 5030 ὑποζύγια
784 4948 902 5029 λεγέτω
924 4946 981 5012 καί
1004 4944 1049 5013 τά
1064 4949 1164 5026 πάθη
1258 4947 1321 5026 Qui
1352 4949 1488 5010 iumenta
1514 4948 1618 5011 vendit
1644 4948 1734 5011 dieito
1761 4957 1792 5010 et
1818 4948 1939 5010 morbos
1965 4956 1996 5010 et
2019 4948 2095 5011 vitia

262 5054 319 5120 καί
342 5052 387 5119 τά
409 5059 503 5120 αίτια
525 5056 636 5119 αὐτῶν
658 5053 715 5118 καί
739 5055 859 5119 διδότω
882 5051 944 5119 τὸν
967 5056 1164 5136 ἐπικείμενον
1191 5074 1294 5116 eorum
1321 5064 1352 5117 et
1378 5054 1450 5117 dato
1477 5056 1619 5135 imposita
1647 5055 1690 5116 eis
1712 5054 1862 5117 vendendi
1888 5074 1983 5117 eausa
2008 5074 2094 5116 orno·-

263 5163 377 5236 αύτοῖς
401 5159 457 5227 διά
479 5160 519 5226 τὸ
543 5162 720 5248 πραθῆναι
743 5163 883 5245 κόσμον·
907 5163 926 5224 ό
949 5161 983 5225 δὲ
1003 5169 1105 5225 τοῦτο
1119 5160 1163 5244 μὴ
1190 5170 1302 5222 menta
1348 5160 1411 5239 Qui
1433 5161 1464 5223 id
1486 5182 1547 5223 non
1569 5160 1643 5223 facit
1665 5161 1704 5224 sd
1727 5161 1862 5223 dandum
1880 5170 2020 5224 ornatum
2043 5160 2093 5223 vel

262 5280 365 5334 ποιῶν
388 5273 433 5344 είς
450 5269 508 5350 μὲν
530 5267 570 5333 τό
593 5269 709 5333 δοῦναι
732 5266 792 5333 τὸν
806 5270 933 5351 κόσμον
948 5268 967 5346 ί]
984 5268 1164 5354 ἀναλαβεῖν
1190 5267 1362 5349 recipienda
1382 5269 1518 5330 iumenta
1545 5287 1580 5331 eo
1602 5268 1683 5348 quod
1705 5288 1766 5330 non
1792 5268 1832 5329 sit
1854 5267 1945 5329 datus
1968 5277 2092 5331 ometue

262 5374 306 5441 τά
337 5374 499 5457 ὑποζύγια
530 5374 586 5439 διά
613 5373 653 5439 τὸ
680 5374 723 5459 μη
756 5374 904 5453 δοθῆναι
931 5376 1059 5458 κόσμον
1087 5378 1163 5439 είσω
1190 5375 1271 5436 intra
1307 5376 1466 5456 sexaginte
1501 5375 1565 5437 dies
1601 5374 1792 5447 eonvenitur;
1829 5383 1953 5456 propter
1989 5384 2091 5436 autem

261 5484 423 5567 ἑξήκοντα
445 5485 572 5568 ἡμερῶν
595 5483 760 5564 ἐπάγεται·
784 5478 841 5547 διά
863 5482 897 5546 δὲ
920 5479 965 5546 τά
987 5482 1087 5559 πάθη
1106 5480 1162 5545 καί
1190 5481 1312 5543 morbos
1339 5490 1370 5544 et
1392 5481 1475 5555 vitia,
1502 5490 1537 5543 ut
1558 5480 1716 5544 redhibeat
1743 5480 1905 5564 [obnoxius
1926 5479 1984 5563 est]
2013 5482 2093 5542 intra

262 5588 307 5654 τά
329 5593 431 5669 αἴτια,
454 5594 495 5677 τῇ
517 5589 575 5672 μέν
598 5591 800 5677 ἀναστροφῇ
823 5592 900 5652 είσω
918 5586 953 5671 ἓξ
975 5597 1099 5669 μηνῶν·
1123 5591 1163 5674 τῇ
1190 5607 1245 5650 sex
1267 5607 1384 5650 menses
1408 5596 1438 5650 et
1460 5589 1565 5668 quanti
1587 5589 1710 5649 minoris
1733 5588 1845 5650 astioni
1867 5587 1949 5650 intra
1970 5607 2091 5649 annum.

151 5898 160 5915 ,
334 5837 449 5893 ¹1utf.
468 5839 560 5910 eapite
577 5854 696 5894 versum.
788 5836 799 5869 ¹
817 5835 883 5908 Sym
902 5865 936 5875 —
954 5835 1031 5890 Inest
1048 5840 1077 5891 et
1095 5833 1163 5891 cod.

261 5928 295 5996 E,
314 5931 347 5982 tt
366 5927 465 5984 Vsllio
