4978 7018
481 456 545 528 680
822 451 1192 524 BASILICOBUII
1213 452 1374 523 LIBER
1397 452 1498 522 xlx.
1526 452 1625 520 tlt.
1646 452 1694 519 X.
1724 449 1833 523 cat.
1856 451 2007 518 tot-to.

479 633 537 710 τῆς
567 629 635 711 περλ
660 625 858 714 ἀναστροφῆς
888 628 1027 714 άγωγῆς,
1065 627 1103 693 ου’
1138 630 1226 693 δοκεῖ
1250 628 1400 712 εάχίρειαν
1437 640 1535 691 tutum
1562 632 1637 691 utile
1667 631 1726 702 rit,
1756 649 1816 688 nou
1839 631 1957 690 videtur
1978 637 2155 706 potentatem
2184 630 2362 708 experiundi

481 713 641 796 ίοχηκίναι
671 720 730 778 τοῦ
760 719 881 796 κινῆσαι
914 711 929 778 ό
960 716 996 779 td
1026 713 1184 779 λανθάνον
1213 713 1313 778 αἴτιον
1342 718 1400 779 τοῦ
1436 717 1581 790 habuitte,
1604 718 1654 795 qui
1673 717 1778 775 vitium
1797 716 1919 795 fugitivi
1942 717 2035 775 letent
2058 716 2221 796 ignoravit.
2255 715 2365 777 Ditto·

481 795 620 882 φυγάδος
648 795 814 880 ἀγνοήσας.
857 796 1004 883 ἧμίντοι
1030 797 1265 883 ΙάνειμίνηΓω)
1295 797 1401 883 άγυοια
1436 805 1518 862 lutae
1541 813 1639 861 autem
1661 803 1849 882 ignorantiae
1868 802 1988 861 emtorit
2007 820 2067 859 non
2088 803 2283 860 cuccurritur.

481 887 542 946 τοῦ
563 881 739 968 άγοραστοῦ
761 884 804 948 οὐ·
817 885 1061 969 βοηθεῖται.’“)

307 992 462 1057 65662.
543 982 682 1066 ἘάνΜ)
717 979 733 1048 ό
761 985 869 1068 φυγάν
898 989 1090 1073 συλληφθεὶς
1125 987 1281 1067 παρουσία
1311 991 1402 1051 τινῶν
1499 986 1601 1047 LVIII.
1633 986 1667 1046 si
1694 989 1840 1069 logitivut
1872 991 2026 1060 iurentur,
2064 993 2267 1063 praetentibut
2296 996 2365 1072 qui·

308 1066 427 1115 affl·
441 1065 465 1115 ¹·
481 1067 664 1147 άξιοπίστων
698 1068 767 1154 είπη
801 1067 999 1153 ἐρωτώμενος
1027 1074 1077 1135 καλ
1108 1073 1193 1153 παρὰ
1222 1052 1273 1156 τῷ.
1298 1070 1402 1156 πράτη
1436 1071 1557 1131 Itutdam
1587 1071 1645 1130 lide
1675 1073 1773 1153 dignit
1801 1074 2022 1154 interrogatur,
2055 1074 2184 1148 dixerit,
2219 1088 2251 1135 et
2282 1079 2364 1156 apud

480 1160 572 1220 τοῦτο
589 1158 795 1238 πεποιηκέναι,
818 1156 991 1223 πιστεύεται
1012 1156 1242 1241 συντρεχόντων
1264 1159 1315 1223 καλ
1338 1153 1402 1222 ἕτί-
1436 1159 1618 1217 venditorem
1639 1158 1747 1217 κείνου
1768 1160 1889 1234 fecitte,
1915 1159 1986 1217 lidet
2016 1161 2044 1218 ei
2070 1159 2212 1236 liabetur,
2241 1165 2269 1223 ti
2303 1166 2367 1222 alia

481 1264 543 1324 ρων
563 1244 746 1324 τεκμηρίων.
1437 1262 1551 1322 quoque
1573 1242 1686 1301 iudicia
1708 1256 1894 1304 concurrant.

358 1349 440 1402 Mt.
539 1338 638 1422 ‘0⁸⁵⁸)
671 1337 869 1423 δωρούμενος
906 1341 966 1406 ode
1000 1342 1200 1426 ἀναγκάζεται
1232 1342 1400 1427 προλίγειν,
1500 1343 1598 1405 LXII.
1630 1342 1765 1404 Donator
1791 1366 1852 1405 non
1875 1348 1993 1427 cogitur
2014 1349 2196 1424 praedicere,
2225 1366 2304 1427 qnae
2329 1348 2364 1406 de

337 1426 374 1477 D·
398 1424 456 1473 ⁶⁰¹²·
481 1424 557 1507 άπερ
583 1426 632 1491 tut
661 1433 725 1492 τῶν
755 1424 898 1511 πράσεων
929 1426 1065 1508 εἴρηται,
1098 1428 1168 1493 οὔτε
1201 1430 1333 1511 ἓνίχεται
1364 1433 1403 1523 τῇ
1438 1430 1656 1489 venditionibus
1679 1430 1758 1489 dicta
1780 1441 1861 1505 tunt,
1878 1451 1974 1512 neque
1995 1436 2111 1493 actione
2136 1436 2209 1492 emti
2231 1444 2365 1494 tenetur.

481 1513 548 1593 περί
568 1519 625 1576 τοῦ
642 1512 820 1596 πραθίντος
839 1511 951 1599 ἀγωγῇ.
992 1514 1042 1576 καλ
1067 1514 1094 1576 εί
1118 1509 1134 1578 ό
1154 1515 1260 1595 λαβὼν
1283 1513 1319 1578 τό
1342 1515 1403 1578 δω-
1436 1516 1477 1575 Et
1506 1517 1532 1573 ti
1561 1517 1602 1587 it,
1632 1517 1680 1573 cui
1708 1516 1848 1576 donatum
1873 1527 1936 1590 ert,
1965 1520 2113 1577 meliorem
2136 1539 2197 1578 rem
2221 1520 2366 1578 donatam

481 1596 580 1676 ρηθέν
603 1607 741 1681 κρεῖττον
768 1596 845 1662 oded
876 1600 1027 1680 δποίησεν,
1060 1599 1116 1664 οόκ
1137 1599 1235 1683 ἕνάγει
1258 1601 1323 1683 περλ
1346 1604 1403 1664 τοῦ
1438 1601 1562 1673 fecerit,
1591 1611 1691 1659 tamen
1715 1602 1750 1659 de
1774 1621 1826 1675 eo,
1854 1603 1932 1681 quod
1955 1604 2092 1678 intereat,
2114 1624 2174 1666 non
2195 1607 2268 1684 agit.
2317 1604 2366 1663 Ex

481 1682 695 1766 διαφίροντος.
740 1680 801 1746 tul
829 1683 934 1765 μέντοι
965 1684 1075 1749 οίκείου
1102 1682 1196 1750 δόλου
1226 1684 1358 1765 ἐνέχεται
1386 1680 1402 1748 ό
1438 1686 1507 1746 dolo
1533 1697 1630 1744 tamen
1654 1705 1708 1745 tuo
1737 1688 1864 1748 donator
1889 1698 2014 1748 tenetur.

482 1767 500 1830 d
601 1767 609 1791 '
635 1793 666 1831 εν
702 1815 709 1830 .

305 1869 391 1926 Mt.
406 1869 467 1935 Μ.
502 1790 723 1934 ωρίλόλαέ’)οόὸ
752 1850 908 1934 διάστημα
933 1859 989 1937 τῆς
1018 1854 1159 1929 δουλείας
1181 1856 1324 1938 διακρίνει
1345 1853 1400 1920 τόν
1496 1855 1589 1917 LXV.
1624 1856 1689 1916 Non
1714 1859 1868 1917 territutit
1890 1862 2019 1937 epatium
2043 1861 2185 1920 dircernit
2208 1861 2364 1921 novitium

337 1946 371 1995 D.
391 1945 447 1991 eoo.
482 1932 635 2020 νεώνητον
646 1940 695 2003 καὶ
707 1937 751 2019 με)
766 1940 940 2020 ἔντρηδίντα
950 1943 1012 2003 τῶν
1021 1944 1077 2022 τῆς
1091 1942 1244 2016 πολιτείας
1257 1939 1400 2022 ἐθεάσω)
1434 1952 1465 2002 et
1486 1942 1614 2002 moribut
1642 1941 1779 2002 clvilibut
1802 1944 1932 2003 nondum
1955 1948 2104 2006 excultum
2135 1948 2170 2003 ab
2200 1966 2235 2004 eo
2264 1966 2365 2018 nervo,

481 2021 515 2085 ίκ
537 2024 593 2087 rod
613 2023 847 2106 προβληάίντος
868 2021 984 2087 δούλου
1002 2033 1097 2087 ποιεῖν
1118 2023 1139 2087 ά
1161 2030 1300 2090 ποιοῦσιν
1318 2022 1400 2090 ἕλεά·
1437 2030 1559 2107 quiiatu
1580 2028 1710 2103 profecit
1734 2030 1765 2086 in
1787 2030 1907 2109 agendi·
1928 2031 1986 2105 ltit,
2007 2051 2081 2110 quae
2094 2032 2365 2112 ingenuifaciunt:

480 2110 588 2191 θερσι·
611 2108 690 2172 άλλά
710 2108 746 2173 τό
769 2109 856 2190 γίνος
872 2111 922 2172 καλ
940 2105 959 2191 ν)
975 2110 1069 2174 αίιία.
1101 2112 1151 2172 καλ
1173 2109 1325 2192 νεώνητον
1341 2111 1400 2195 γάρ
1435 2114 1486 2171 ted
1508 2131 1600 2190 genua
1621 2123 1651 2172 et
1672 2133 1769 2173 cauta.
1813 2112 1888 2173 Nam
1909 2118 1936 2175 ti
1956 2120 2102 2177 novitium
2119 2136 2212 2175 emant
2235 2137 2253 2174 a
2271 2136 2366 2174 rena-

480 2191 534 2256 liv
556 2191 698 2279 άγοράσω
720 2194 803 2273 παρά
819 2191 1066 2276 σωματεμπόρου
1088 2197 1139 2259 καλ
1160 2192 1327 2279 προστήσω
1343 2194 1400 2260 αὖ·
1436 2197 1549 2256 liciario
1571 2208 1658 2277 atque
1680 2219 1743 2257 eum
1765 2201 1854 2257 alicui
1877 2202 2044 2260 miniaterio
2070 2221 2284 2280 praepotuero,
2309 2223 2363 2261 ve·

480 2275 534 2340 τόν
554 2274 724 2362 ὑπηρεσίας
731 2326 741 2356 ,
767 2280 907 2360 ἔμπειρος
930 2274 1111 2358 εὑρίσκεται.
1156 2283 1206 2344 καὶ
1231 2280 1269 2345 σά
1293 2284 1400 2366 διαφε-
1435 2294 1548 2342 terator
1570 2301 1632 2340 erte
1654 2287 1824 2361 reperietur.
1869 2286 1932 2345 Nec
1956 2288 2099 2346 interette
2124 2297 2276 2363 putamut,
2301 2286 2366 2347 Ro·

480 2360 614 2443 ρόμεθα,
638 2364 665 2427 εί
686 2360 749 2427 οἶδε
771 2363 926 2448 ῥωμαϊστὶ
948 2362 967 2447 ἢ
989 2364 1032 2446 με)
1056 2362 1146 2430 οίδεν.
1178 2363 1194 2430 ό
1220 2366 1256 2431 δὲ
1275 2369 1401 2431 παιδευ-
1436 2388 1520 2426 mane
1543 2371 1618 2426 aciat
1639 2388 1678 2426 an
1701 2372 1824 2429 netciat.
1852 2371 1995 2431 Eruditut
2016 2392 2087 2433 vero
2106 2373 2274 2432 liberalibut
2296 2382 2366 2432 ttu-

480 2451 550 2524 θελς
571 2448 734 2532 ίλευθίρια
764 2450 993 2530 σπουδάσματα
1018 2449 1091 2515 κατ’
1117 2450 1195 2516 oded
1226 2451 1316 2515 τοῦτο
1346 2450 1401 2533 ἴμ-
1436 2454 1493 2512 diit
1516 2453 1552 2513 olt
1575 2454 1607 2512 id
1628 2455 1724 2533 iprum
1747 2465 1898 2516 veterator
1920 2467 1975 2517 ett.

481 2558 528 2597 πει
551 2530 586 2608 ός
609 2535 703 2601 ἐστιν.

353 2628 384 2680 L.
396 2631 423 2691 1,
530 2559 670 2699 ρἝάν”’)
692 2644 740 2696 τις
762 2617 892 2705 πωληση
911 2619 1036 2705 φυγάδα
1054 2623 1169 2686 δοῦλον
1186 2622 1230 2706 με)
1247 2620 1402 2706 ἀγνοήσας
1501 2621 1608 2682 lxvt.
1641 2623 1754 2703 Siquis
1768 2645 1885 2686 terrum
1901 2628 2058 2708 fugitivum
2072 2627 2251 2703 vendiderit,
2271 2652 2363 2710 quum

321 2702 401 2753 ων·
414 2699 457 2753 ⁵⁸·
481 2702 580 2768 αὐτόν
598 2702 724 2788 φυγάδα
746 2702 839 2782 εἶναι,
858 2707 1015 2785 κατέχεται
1038 2707 1148 2775 καλεῖς
1168 2708 1400 2790 τὴντιμηνκαλ
1436 2729 1496 2769 non
1521 2712 1673 2788 ignoraret
1694 2710 1855 2791 fugitivom
1881 2734 1964 2785 eote,
1987 2725 2048 2772 tem
2068 2716 2098 2771 in
2123 2716 2250 2790 pretium
2274 2737 2363 2795 quam

481 2790 524 2865 είς
551 2789 608 2874 την
637 2788 754 2867 ἔξωθεν
780 2790 945 2873 γενομένην
970 2789 1103 2873 βλάβην.
1114 2790 1169 2873 ⁸⁸⁰)
1213 2795 1244 2857 τί
1270 2793 1328 2875 γὰρ
1354 2792 1401 2857 ότι
1436 2797 1468 2852 in
1500 2797 1635 2854 damnum
1669 2798 1854 2855 extriuteeot
1885 2799 2022 2857 accident
2056 2802 2237 2859 convenitur.
2282 2802 2363 2872 Quid

480 2877 595 2940 δοῦλον
615 2874 719 2957 λ’τερον
736 2874 954 2951 ὖπονοθεάσας
975 2874 994 2958 ἢ
1012 2883 1137 2961 πρᾶγμα
1151 2878 1269 2960 κλέψας
1292 2878 1400 2963 ἔφυγεν
1435 2883 1522 2952 enim,
1540 2882 1566 2937 ti
1585 2880 1664 2939 aliod
1686 2883 1864 2958 mancipium
1883 2885 2091 2943 sollicitaverit
2111 2895 2164 2943 aut
2184 2905 2216 2944 re
2233 2889 2363 2967 quadam

427 2962 431 2971 '
481 2952 574 3036 οὗτος
596 2955 612 3024 ό
636 2960 778 3044 oloritrg,⁸
1436 2967 1575 3044 subrepta
1596 2965 1645 3023 ltIc
1665 2985 1766 3024 tervut
1789 2968 1963 3051 aufugerat

368 3062 433 3113 M·
541 3056 711 3144 ‘Ondrt³⁸¹)
732 3062 907 3143 θεματίζεις
926 3060 980 3125 τόν
1000 3062 1123 3139 δοῦλον,
1148 3060 1183 3128 δν
1202 3062 1263 3145 ἤδη
1285 3059 1400 3147 ἦγόρα·
1504 3064 1626 3126 LXVII.
1671 3068 1938 3147 Quum-proponet
1964 3090 2100 3145 torvum,
2129 3092 2215 3151 quem
2242 3075 2360 3153 quidem

351 3137 380 3188 ⁰·
399 3131 456 3185 Μ·
482 3170 551 3227 σας,
576 3145 656 3227 μετά
674 3145 860 3212 ἐνιαυσιαῖον
881 3143 995 3227 χρόνον
1011 3150 1200 3251 πεφίεογίναι,
1223 3150 1302 3237 ποίῳ
1317 3148 1399 3235 λόγῳ
1435 3155 1627 3230 comparanti,
1648 3161 1715 3229 pott
1735 3155 1805 3211 enni
1826 3164 1940 3230 tempor
1958 3156 2086 3234 fugiate,
2108 3178 2167 3236 qua
2186 3163 2303 3220 ratione
2325 3183 2361 3221 eo

480 3230 594 3296 τούτου
622 3229 719 3296 ίνεκεν
748 3232 825 3297 κατά
855 3237 912 3295 τοῦ
941 3255 1131 3311 πεπρακοτσς
1160 3230 1256 3298 αὐτόν
1278 3239 1399 3313 κινῆσαι
1434 3239 1552 3295 nomine
1575 3238 1713 3297 advertus
1737 3258 1811 3311 eum,
1836 3243 1887 3318 qui
1914 3243 2008 3315 iprum
2031 3242 2175 3320 vendidit,
2199 3265 2287 3323 agere
2309 3250 2360 3305 de-

479 3314 637 3398 ἶπιζητιῖς,
661 3314 700 3380 od
723 3316 856 3397 δύναμαι
880 3321 1080 3421 κατανοησαι.
1113 3320 1164 3381 καλ
1181 3320 1239 3403 γάρ
1255 3318 1312 3401 την
1328 3317 1400 3382 άνα·
1435 3323 1560 3397 alderet,
1592 3341 1651 3381 non
1674 3341 1792 3397 potrum
1814 3326 2056 3385 animadvertere.
2101 3327 2176 3387 Natu
2197 3331 2359 3391 redhibito·

480 3402 676 3485 otplpovoov
697 3402 762 3487 [ιδ]
779 3404 900 3487 πραθὲν
915 3400 1037 3484 άγωγην
1051 3397 1259 3485 ἑξαμηνιαίοις
1277 3401 1400 3486 χρόνοις
1434 3409 1509 3467 riam
1523 3408 1669 3466 actionem
1692 3426 1743 3466 tex
1759 3413 1901 3470 mentium
1923 3414 2021 3489 apetio
2043 3414 2090 3473 vel
2114 3417 2217 3492 quanti
2237 3419 2356 3478 minori·

479 3483 500 3568 ἢ
525 3485 792 3634 τῆνόλλαττοῦσαν
814 3486 850 3552 τὸ
872 3490 993 3569 τίμημα
1020 3488 1149 3576 ἐνιαυτῷ
1170 3494 1398 3574 συγκλειέσθαι,
1435 3511 1512 3552 σασα
1535 3493 1685 3569 concludi,
1709 3494 1897 3554 recollectum
1918 3508 1971 3557 ett.

507 3596 559 3636 αντ
599 3573 714 3639 νόστι.

482 3598 505 3657 φ
540 3598 649 3739 ‘Idml
670 3658 749 3738 μετά
770 3655 955 3741 τὴνπρᾶσιν
973 3663 1030 3721 τοῦ
1052 3658 1232 3743 οίκίτουω)
1254 3658 1350 3743 φυγν),
1374 3660 1401 3723 εί
1503 3660 1641 3722 LXVIII.
1669 3665 1753 3724 Servi
1768 3667 1919 3747 fugapott
1937 3668 2131 3728 venditiooen
2149 3669 2351 3746 intervenient,

480 3742 525 3825 με)
544 3743 695 3806 δείκνυται
717 3746 769 3808 καλ
790 3742 851 3822 πρό
873 3747 931 3820 τῆς
951 3741 1093 3825 πράσεως
1115 3746 1283 3829 πεφευγὼς,
1307 3744 1399 3808 οὐδὲν
1435 3751 1494 3808 niti
1524 3758 1554 3806 et
1581 3760 1649 3806 ante
1672 3751 1871 3811 venditionem
1892 3754 2003 3834 sagitte
2026 3756 2176 3832 probetur,
2206 3758 2351 3817 venditori

479 3832 537 3892 τόν
549 3824 672 3908 πράτην
686 3826 967 3912 acceptaturum).
1003 3824 1056 3894 ίάν
1075 3825 1146 3893 lli
1171 3828 1290 3910 πράτης
1306 3829 1400 3913 δαηγ-
1435 3834 1511 3892 niltil
1536 3844 1632 3892 nocet.
1676 3834 1710 3893 si
1732 3856 1801 3895 rero
1824 3840 1960 3897 venditor
1982 3841 2162 3915 promiterit,
2183 3861 2243 3899 non
2266 3844 2355 3901 vitio-

478 3918 612 3995 γείλατο,
634 3911 773 3997 μηδὲω)
794 3916 873 3992 μετά
891 3911 949 3993 τὴν
969 3920 1081 3996 πρᾶσιν
1097 3912 1236 3977 ὑπαίτιον
1251 3912 1327 3977 είναι
1343 3916 1399 3980 τόν
1435 3939 1498 3978 turn
1522 3930 1587 3997 pott
1610 3921 1808 3980 venditionem
1829 3942 1946 3983 cervum
1969 3924 2122 3997 loturum,
2149 3930 2281 4004 quamvit
2304 3930 2357 3987 im·

479 3997 610 4075 οίκίτην,
639 3999 665 4061 εί
687 4000 738 4061 καλ
765 3995 923 4063 άδόνατόν
945 3999 1039 4075 ἐστιν,
1072 3997 1158 4079 ὅμως
1187 4001 1238 4063 διὰ
1265 3999 1322 4082 τὴν
1344 4006 1399 4065 τοῦ
1436 4004 1576 4081 pottibiIe
1597 4007 1658 4078 tit,
1676 4016 1774 4064 tamen
1797 4010 1955 4068 tecundum
1977 4013 2035 4069 rim
2060 4014 2141 4087 pacti
2165 4013 2301 4072 venditor
2323 4014 2357 4073 olt

477 4077 733 4164 συναλλάγματος
748 4083 882 4165 δύναμιν
896 4080 1085 4163 κατίχεταιό
1102 4082 1221 4166 πράτης
1242 4088 1310 4169 περὶ
1324 4081 1398 4150 toti·
1434 4089 1489 4147 ltoc
1519 4088 1660 4168 placitum
1690 4101 1817 4151 tenetur.
1858 4093 1892 4154 Si
1920 4115 1990 4154 vero
2015 4095 2162 4173 fugitivut
2193 4100 2230 4156 ad
2255 4100 2358 4157 vendi-

477 4191 534 4232 του
558 4171 615 4229 τοῦ
630 4165 811 4252 συμφώνου.
848 4170 875 4231 εί
891 4169 926 4231 δὲ
949 4164 965 4231 ό
989 4169 1094 4251 φυγάν
1116 4171 1233 4252 οίκίτης
1254 4169 1399 4251 πρδςτόν
1435 4185 1528 4233 torem
1554 4175 1694 4250 redierit,
1727 4177 1817 4237 iudex
1844 4191 1995 4257 perspecta
2023 4183 2148 4240 veritate
2182 4187 2357 4245 tententiam

478 4248 597 4334 πράτην
619 4252 825 4335 άναστρίψει,
851 4250 867 4317 ό
891 4252 1039 4336 δικαστὴς
1061 4254 1117 4339 την
1140 4253 1290 4336 άλήδειαν
1311 4257 1399 4338 δκζη-
1435 4259 1557 4338 profert.

477 4337 578 4420 τήσας
599 4339 725 4404 δίδωσιν
748 4335 918 4425 άπόφασιν.

438 4474 445 4491 ·
480 4486 483 4493 .
545 4440 577 4500 Γ
572 4439 716 4518 ενομίνου
726 4439 778 4524 ²“)
799 4438 881 4517 ἅπαξ
896 4446 994 4505 πίστει
1009 4444 1088 4524 καλῇ
1104 4445 1163 4504 τοῦ
1180 4440 1399 4525 συναλλάγμσ-
1497 4444 1598 4506 lxx.
1631 4446 1741 4507 Habito
1769 4452 1858 4510 semel
1885 4452 1976 4511 ltonae
2003 4454 2072 4513 fidei
2095 4467 2252 4518 contractu
2276 4477 2360 4517 man-

375 4554 380 4567 ·
480 4521 598 4605 roem)
620 4525 669 4588 καλ
688 4530 745 4588 τοῦ
762 4525 961 4607 ἀνδραπόδου
977 4527 1154 4608 ληφθέντος
1170 4528 1221 4590 καλ
1236 4532 1296 4590 τοῦ
1310 4524 1398 4608 τιμή·
1435 4533 1572 4609 cipioque
1585 4545 1723 4611 totcepto
1741 4547 1772 4594 et
1793 4540 1887 4615 pretio
1909 4541 2006 4598 toluto
2030 4543 2073 4599 ite
2095 4544 2248 4618 repetendi
2269 4549 2358 4617 pretii

478 4632 579 4688 ματος
597 4611 849 4690 καταβληθίντος
864 4608 966 4684 οὕτως
979 4616 1035 4674 τοῦ
1050 4608 1215 4691 ἀναλαβεῖν
1229 4611 1265 4675 τό
1279 4614 1399 4693 τίμημα
1435 4627 1566 4694 potettat
1581 4621 1620 4688 ei,
1643 4621 1691 4696 qui
1713 4624 1892 4699 mancipium
1915 4629 2107 4702 compararit,
2130 4628 2283 4708 largienda
2300 4641 2359 4704 eat,

480 4694 604 4771 ίξουσία
618 4694 783 4781 ἔστλτῷτδ
796 4692 993 4775 άνδράποδον
1006 4691 1169 4776 ἧγορακότι
1182 4698 1395 4781 φιλοτιμητέα,
1434 4704 1460 4760 ti
1481 4705 1661 4780 mancipium
1683 4706 1774 4779 illud,
1797 4708 1875 4785 quod
1896 4709 2007 4791 sagitte
2030 4711 2154 4785 deerit,
2177 4717 2286 4791 poterit
2307 4734 2361 4773 ex·

479 4822 2357 4854 ω

546 4885 611 4954 656)
631 4891 659 4936 ln
676 4889 738 4938 cod.
756 4893 806 4939 tot.
823 4887 870 4956 τῆς
885 4893 976 4956 πείρας
992 4894 1083 4941 locunt
1101 4898 1151 4944 ert.
1502 4893 1565 4958 656)
1582 4896 1641 4957 Syn·
1660 4911 1684 4956 o.
1694 4897 1756 4947 266.
1782 4901 1868 4965 ΙΙιῖρα
1884 4900 1925 4951 tlt.
1936 4904 1977 4953 68.

545 4955 611 5022 aot)
629 4961 659 5006 ln
676 4959 750 5024 πείρᾳ
767 4960 891 5008 accedunt
911 4960 988 5010 ltaeoz
1012 4962 1073 5013 τοῦ
1090 4960 1249 5022 πλάτους.
1278 4958 1322 5033 ἐφ’
1338 4959 1400 5016 ὅσον
1502 4963 1566 5030 666)
1585 4968 1714 5015 Hactenut
1734 4973 1821 5034 πεῖρα.

476 5025 517 5084 tle
535 5021 623 5095 ἠγνόει
647 5024 694 5078 τόν
716 5029 816 5093 σλείτην
840 5024 903 5080 ὄντα
925 5027 1047 5098 φυγάδα,
1075 5027 1108 5084 οὔ
1132 5038 1264 5116 τρέχουσιν
1281 5027 1352 5095 αὐτῷ
1374 5036 1401 5084 ci
1502 5035 1566 5099 aot)
1583 5037 1646 5098 Syn.
1666 5052 1690 5098 p.
1702 5041 1761 5095 206,
1778 5037 1821 5085 tbi
1841 5040 1970 5099 praeeedlt
1988 5037 2097 5091 καλάνι.

475 5089 577 5165 χρόνοι.
607 5099 664 5154 πῶς
682 5092 733 5164 γάρ
755 5093 865 5149 ἐδύνατο
884 5096 991 5150 κινιῖνό
1013 5099 1079 5186 μηδὲ
1096 5120 1223 5169 γινωσκων
1239 5098 1272 5153 τό
1292 5098 1401 5164 πάθος)
1503 5106 1568 5173 666)
1585 5109 1648 5168 Syn.
1668 5110 1762 5168 ptoo.
1790 5111 1878 5175 ΙΙεῖρα
1895 5110 1936 5157 tlt.
1946 5111 1987 5161 66.

477 5165 559 5218 τοῦτο
577 5166 604 5218 dt
621 5160 680 5216 τότε
698 5173 800 5231 κρατεῖ,
826 5162 869 5219 ὅτε
892 5164 1010 5237 incpedit
1032 5168 1097 5240 ανὴρ
1121 5168 1229 5222 dilectat
1254 5167 1347 5237 γσάναι
1368 5169 1400 5223 τό
1503 5175 1567 5239 666)
1585 5181 1668 5227 verba
1685 5175 1735 5228 τοῦ
1752 5177 1801 5227 ode.
1822 5177 1849 5227 In
1868 5181 1942 5245 πείρᾳ
1962 5181 2063 5230 denunt.

478 5236 575 5295 σίτων,
598 5229 678 5293 αὐτός
694 5235 721 5287 δὲ
737 5232 862 5305 ῥάθυμος
880 5230 915 5286 dv
934 5237 949 5288 d
970 5234 1116 5308 ιῖγοραστης
1137 5235 1185 5290 οὐκ
1203 5239 1276 5306 ἔγνω.
1309 5243 1335 5291 ολ
1351 5237 1401 5308 γάρ
1502 5246 1567 5311 366)
1585 5252 1683 5315 Πεῖρος
1708 5241 1826 5311 βλάπτει.
1860 5251 1994 5300 caeterum
2014 5251 2054 5299 hie
2073 5252 2136 5313 Syn.
2154 5253 2266 5303 decinit:
2294 5268 2360 5315 quoe

477 5300 510 5388 ’ἐξ
519 5301 596 5368 μῆνες
614 5306 742 5357 ουναπτσι·
757 5307 806 5358 ελσι
826 5305 871 5357 καλ
888 5305 914 5364 ἐξ
933 5308 1029 5358 ἐκείνου
1047 5311 1168 5377 τρέχουσι
1185 5311 1234 5360 τοῦ
1248 5306 1356 5378 χρόνου,
1375 5312 1401 5369 li
1435 5318 1584 5381 aequantur,
1603 5321 1680 5385 πεῖρα
1697 5316 1837 5378 praestitit.

478 5390 511 5422 ου
532 5392 573 5431 τις
597 5370 716 5438 λαιμελὴς
737 5367 803 5442 ἀνὴρ
827 5369 936 5428 ῖδόνατο
960 5376 1060 5441 γνῶναι.
1096 5380 1198 5442 (Quoad
1223 5381 1280 5441 quia
1299 5381 1402 5442 ignorat
1503 5386 1565 5445 665)
1583 5391 1685 5452 ΙΙεῖραε
1704 5386 1791 5452 μηδεν.

478 5457 579 5491 nervum
602 5443 738 5504 lugItivurn
762 5458 829 5506 etto,
855 5448 972 5506 tempora
994 5448 1019 5495 ei
1040 5461 1091 5495 non
1112 5456 1223 5498 currunt.
1259 5452 1310 5507 Qui
1332 5453 1400 5499 enim
1504 5455 1569 5522 666)
1586 5460 1649 5517 Syn.
1667 5460 1762 5516 mod.

477 5526 553 5574 agere
571 5516 672 5576 portet,
697 5514 740 5575 qui
758 5529 791 5563 ne
810 5516 886 5563 novit
903 5517 1004 5576 quidem
1022 5518 1133 5566 vitiuml
1165 5523 1219 5569 lloc
1238 5524 1324 5569 tutem
1341 5526 1402 5569 tunc
1503 5526 1567 5589 667)
1588 5530 1616 5574 ln
1634 5531 1697 5588 Syn.
1716 5526 1814 5576 accedit
1836 5525 1972 5577 acholium:
1999 5527 2031 5577 Et
2049 5526 2075 5579 di
2094 5522 2126 5578 od
2147 5530 2214 5597 καλῇ
2237 5528 2360 5593 πίσιειῆ

478 5585 557 5644 [non]
574 5585 682 5643 obtinet,
710 5585 733 5633 ti
754 5586 794 5633 vit
811 5585 918 5645 diligent
938 5588 1029 5635 vitium
1052 5604 1209 5651 cognoteete
1226 5593 1320 5653 potuit,
1345 5593 1400 5653 lpte
1435 5589 1532 5656 πρᾶσις
1559 5585 1599 5659 ἦν,
1626 5589 1690 5647 ἀλλ’
1706 5595 1733 5647 ἓν
1757 5593 1852 5661 ridicu
1871 5594 1920 5647 τοῦ
1945 5594 2051 5664 φυγάδα
2070 5597 2117 5648 τὸν
2135 5598 2236 5663 σλκὲτην
2255 5602 2321 5652 εἶναι
2343 5598 2359 5653 ὅ

478 5658 563 5702 autem
588 5660 671 5703 emtor
692 5653 825 5716 negligent
848 5671 901 5705 non
927 5660 1057 5720 coguovit.
1099 5662 1203 5710 Etenim
1229 5676 1276 5710 tex
1298 5677 1401 5711 menaea
1434 5657 1534 5731 πράτης
1550 5667 1685 5733 πίπρακεν,
1703 5662 1844 5733 ἐλάμβανεν
1861 5663 1895 5716 άν
1911 5660 1942 5716 τὸ
1960 5671 2062 5733 τίμημα
2079 5661 2238 5720 άπενιεῡθεν
2257 5665 2272 5718 ὅ
2291 5666 2359 5734 οἰγο-

480 5724 556 5771 utilet
583 5731 642 5773 tunt
666 5728 692 5773 et
710 5740 745 5774 ex
763 5741 794 5774 eo
817 5728 932 5789 tempore
954 5733 1074 5792 currunt,
1100 5746 1136 5782 ex
1160 5747 1209 5793 quo
1230 5731 1269 5780 vir
1292 5733 1401 5795 diligent
1434 5733 1545 5802 praeripe,
1565 5735 1676 5801 παρέσχε
1694 5737 1721 5786 δὲ
1737 5734 1818 5802 μόνον
1836 5738 1976 5796 καυτίσνα,
1996 5734 2029 5793 dr
2046 5733 2090 5787 ε’άν
2108 5731 2208 5804 εὑρήσει
2226 5734 2273 5789 τόν
2289 5742 2359 5791 οἰκί-

480 5793 570 5842 vitium
591 5808 743 5857 eoguotcere
761 5798 868 5862 potuit.)
1434 5819 1492 5864 την,
1512 5797 1721 5868 ἀποκαθίστησιν
1739 5801 1830 5856 αὐτόν.
1865 5804 1907 5870 (Si
1930 5819 2063 5854 veronen
2087 5808 2155 5854 bona
2174 5808 2222 5856 fide
2241 5811 2359 5858 venditio

549 5864 612 5925 655)
630 5868 716 5933 Πεῖριι
734 5866 830 5919 attae.
1435 5871 1502 5919 laeta
1524 5874 1574 5934 tit,
1602 5874 1647 5922 ted
1671 5875 1791 5923 venditor
1810 5876 1893 5924 teient
1915 5890 2016 5924 terrum
2036 5877 2170 5938 fugitivum
2195 5892 2251 5927 erte
2270 5882 2360 5929 vendi·

548 5935 611 5997 656)
632 5938 715 5999 Πεῖρα
732 5935 772 5984 tit.
783 5942 809 5990 5.
1436 5940 1517 5991 derit:
1537 5946 1620 5992 emtor
1637 5946 1747 6005 pretium
1765 5945 1866 6006 quidem
1884 5947 1980 5996 exinde
1996 5948 2112 6010 recipiet,
2128 5954 2259 6008 praettare
2273 5956 2358 6000 autem

550 6003 612 6067 657)
631 6006 694 6063 Syn.
713 6019 738 6065 p.
751 6010 808 6060 165.
1435 6012 1580 6065 cautionem
1604 6018 1703 6066 tantam
1725 6016 1840 6083 debebIt,
1871 6020 1915 6083 ut,
1943 6018 1967 6068 ti
1994 6032 2097 6070 torvum
2122 6018 2269 6086 invenerit,
2299 6037 2357 6075 eum

551 6073 615 6142 656)
632 6072 733 6129 Haut.
752 6083 808 6141 τοῖς
827 6103 858 6118 -
877 6076 965 6134 ἔθεσιν
980 6077 1033 6142 legi
1048 6079 1114 6136 volt.
1434 6081 1548 6152 reddet.)
