4842 7018
435 445 499 508 112
1007 437 1187 506 ΟΑΡΙΤΔ
1209 439 1356 507 LEGIS
1378 436 1686 506 RHODIORUM.

362 632 397 705 η’.
498 620 573 687 ’Eds
596 621 717 698 ναύτης
743 620 882 685 κελεύσει
906 629 969 684 τοῦ
996 621 1184 705 ναυκλήρου
1209 619 1335 698 κλοπήν
1427 620 1460 684 si
1483 630 1579 683 nauta
1600 622 1745 700 magistro
1761 619 1883 682 iubente
1903 619 2019 685 furtum
2037 621 2193 682 mercatori
2206 623 2247 684 vd
2274 638 2292 686 ε

434 731 556 815 ποιήση
587 730 733 812 ἐμπόρου
764 727 783 805 d
815 728 976 813 ἐπιβάτου
1009 726 1066 791 καὶ
1098 726 1335 814 καταληφθεὶς
1362 729 1473 791 vectori
1495 728 1599 791 fecerit
1621 737 1712 809 atque
1726 726 1929 808 deprehensus
1944 725 2041 800 fuerit,
2063 727 2247 806 magisterio

433 836 647 923 κατασχεθῇ,
674 837 693 898 ό
716 834 901 919 ναύκληρος
928 833 1028 898 διπλῶ
1051 835 1241 899 ἀποδιδότω
1264 843 1335 908 τοῖς
1361 835 1489 917 duplum
1511 836 1653 897 restituet
1675 834 1718 895 eis
1740 834 1792 913 qui
1814 832 1929 895 furtum
1950 834 2032 914 passi
2055 843 2140 908 sunt,
2167 844 2249 896 nauta

433 941 477 1008 τά
515 942 600 1007 σύλα
637 942 828 1006 παθοῦσιν·
864 943 883 1004 ό
917 941 950 1004 δέ
985 941 1107 1018 ναύτης
1139 941 1334 1026 λαμβανέτω
1362 963 1432 1005 vero
1460 941 1591 1024 recipiat
1616 941 1705 1003 iustis
1732 941 1809 1002 ictus
1835 950 1966 1002 sennim.
2011 939 2043 1002 si
2071 960 2143 1002 vero
2167 950 2250 1003 muts

433 1051 623 1134 ξυλαγάγια
645 1050 773 1113 ἐκατόν.
818 1046 894 1113 Ἐάν
917 1048 951 1112 δέ
978 1048 1100 1124 ναύτης
1123 1047 1335 1132 αύτοβούλως
1363 1069 1419 1111 sua
1445 1057 1554 1129 sponte
1581 1047 1699 1109 furatus
1723 1048 1775 1122 sit,
1798 1047 2003 1128 deprehensus
2028 1056 2131 1109 autem
2153 1048 2190 1109 sit
2209 1047 2250 1109 vel

434 1157 559 1243 συλήσῃ
582 1158 648 1239 μέν,
670 1156 874 1242 κατασχεθῇ
897 1155 931 1218 δέ
955 1154 974 1232 i)
997 1154 1053 1219 καί
1078 1153 1135 1219 διά
1156 1152 1336 1239 μαρτύρων
1362 1176 1416 1236 per
1447 1163 1538 1216 testes
1570 1153 1733 1226 convictus,
1765 1154 1898 1233 graviter
1924 1155 2082 1216 tormentis
2109 1153 2250 1228 subdstm,
2370 1148 2371 1219 i

434 1264 589 1350 ἐλεγχθῇ,
605 1263 765 1350 σφοδρῶς
778 1261 1029 1346 βασανιζέσθω,
1044 1259 1102 1325 ἐάν
1116 1260 1174 1325 καί
1189 1261 1336 1341 μάλιστα
1363 1261 1494 1323 maxime
1516 1281 1585 1322 cum
1607 1259 1638 1320 id
1666 1260 1748 1339 quod
1774 1259 1958 1342 subripuerit
1985 1281 2094 1322 aurum
2120 1261 2159 1321 sit
2179 1268 2207 1320 ει
2225 1261 2250 1320 id

434 1368 479 1435 τά
501 1369 587 1434 σύλα
607 1371 749 1455 χρυσίον
771 1362 791 1456 ῇ
814 1367 871 1432 καί
895 1367 955 1444 τήν
982 1370 1263 1433 ἀποκατάστασιν
1290 1372 1336 1449 τῷ
1363 1367 1471 1431 reddet
1491 1366 1528 1441 ei,
1551 1367 1602 1448 qui
1625 1366 1739 1428 furtum
1761 1377 1809 1429 est
1829 1388 1945 1449 passus.

436 1477 616 1553 ουληθέντι
641 1478 783 1541 ποιείτω.
2210 1522 2214 1531 .

383 1591 398 1644 ’.
502 1580 576 1647 Ἐάν
591 1588 625 1647 ἐν
640 1585 731 1665 τόπῳ
748 1583 921 1665 συλωμένιμ
938 1582 957 1659 t
973 1582 1336 1669 λῇστευομένῳκατάξῇ
1432 1581 1464 1643 Si
1497 1581 1530 1642 in
1566 1579 1668 1642 locum
1701 1581 1814 1662 rapinis
1845 1580 1895 1644 vel
1924 1580 2094 1642 latronibus
2124 1579 2252 1643 infestum
2279 1595 2297 1642 t

436 1689 560 1771 πλοῖον,
590 1694 868 1772 μαρτυρουμένων
897 1700 965 1753 τῶν
994 1689 1161 1774 ἐπιβατῶν
1191 1693 1238 1771 τῷ
1261 1711 1337 1752 rocu-
1365 1690 1452 1751 navis
1478 1688 1612 1750 adducta
1639 1687 1687 1761 sit,
1715 1708 1784 1749 cum
1812 1698 1946 1750 vectores
1974 1687 2032 1750 loci
2062 1687 2251 1750 condicionem

435 1796 545 1878 κλήρῳ
555 1794 616 1874 τήν
626 1806 687 1861 τοῦ
700 1799 806 1861 τόπου
820 1798 933 1860 αἰτίαν
941 1795 998 1860 καί
1015 1794 1124 1882 συμβῇ
1139 1796 1338 1875 συληθηναι,
1365 1794 1510 1876 magistro
1533 1794 1755 1869 denuntiarent,
1780 1795 1978 1876 rapinamque
2006 1794 2073 1856 fieri
2104 1795 2253 1874 continget,

436 1903 628 1968 ἀποδιδότω
656 1905 675 1966 ό
703 1903 888 1988 ναύκληρος
914 1912 985 1977 τοῖς
1013 1903 1217 1979 συληθεῖσιν.
1265 1899 1339 1964 Ἐάν
1366 1903 1509 1982 magister
1530 1901 1573 1962 eis
1595 1901 1647 1981 qui
1670 1900 1792 1983 spoliati
1814 1899 1925 1963 fuerint
1948 1901 2095 1962 damnum
2117 1902 2252 1963 resamiat.

436 2011 470 2073 δέ
486 2019 547 2074 τοῦ
562 2010 749 2094 ναυκλήρου
764 2012 1118 2095 άπομαρτυρουμένου,
1141 2009 1340 2089 καταγάγοι·
1366 2009 1449 2089 quod
1476 2009 1501 2069 si
1528 2007 1671 2087 magistro
1700 2007 1896 2070 denuntiante
1925 2006 2053 2090 [malam
2083 2007 2142 2070 loci
2168 2008 2254 2069 condi·

437 2139 491 2180 σιν
519 2119 552 2180 οἱ
578 2116 733 2201 ἐπιβάται
761 2114 801 2181 τὸ
829 2116 945 2180 πλοῖον
971 2114 1028 2179 καί
1056 2114 1166 2201 συμβῇ
1194 2138 1235 2194 τι,
1262 2115 1340 2178 ύπο-
1366 2114 1507 2199 cionem],
1529 2123 1667 2177 vectores
1689 2134 1800 2177 navem
1823 2114 2006 2176 adduxerint
2024 2124 2056 2176 ει
2071 2114 2184 2195 aliquid
2197 2134 2254 2175 oon·

436 2225 634 2288 κείσθωσαν
656 2222 717 2300 τήν
739 2225 856 2306 ζημίαν
879 2225 912 2286 οί
933 2221 1098 2306 ἐπιβάται.
1367 2221 1477 2301 tigerit,
1500 2223 1558 2303 ipsi
1580 2231 1715 2284 vectores
1738 2221 1884 2282 damnum
1906 2222 2046 2284 sentient

385 2338 400 2391 ‘.
504 2327 578 2394 Ἐἀν
610 2338 731 2394 ναῦται
757 2331 868 2411 μάχην
895 2329 1072 2408 ποιήσωσι,
1105 2328 1215 2409 λόγοις
1243 2328 1340 2390 ποιεί·
1433 2328 1467 2391 Si
1482 2337 1594 2390 neutae
1607 2329 1706 2389 rixam
1725 2327 1847 2402 faciant,
1869 2326 1969 2390 verbis
1984 2328 2123 2389 rixentur
2136 2337 2166 2389 et
2179 2347 2254 2388 nemo
2281 2342 2298 2389 t.

439 2459 554 2501 τωσαν
575 2435 633 2501 καί
656 2435 766 2518 μηδεὶς
787 2440 934 2520 κρουέτω
963 2433 1023 2499 τόν
1044 2440 1165 2520 ἐτερον.
1210 2431 1283 2498 ’Edu
1306 2433 1340 2496 δέ
1367 2435 1461 2497 elium
1492 2436 1649 2516 percutiat.
1700 2434 1734 2497 Si
1765 2454 1837 2496 vero
1868 2435 1937 2514 quis
1964 2444 2059 2515 ceput
2091 2434 2256 2515 percusserit

439 2547 500 2608 καί
520 2565 571 2617 τις
593 2544 726 2628 κρούσει
750 2541 811 2619 τήν
833 2540 982 2629 κεφαλήν
1004 2540 1061 2606 καί
1085 2542 1206 2625 ἀνοίξει
1235 2541 1341 2617 diri·
1368 2541 1538 2623 vulnusque
1570 2541 1707 2603 attulerit
1737 2541 1788 2604 vel
1819 2540 1909 2602 aliter
1944 2540 2079 2614 laeserit,
2112 2561 2255 2621 percussor

439 2673 505 2734 ρως
537 2650 797 2735 προσκυλλιύσει,
831 2653 1001 2733 παρεχέτω
1033 2651 1052 2712 δ
1083 2647 1232 2733 κρούσας
1263 2645 1341 2722 τούς
1368 2656 1521 2730 praestato
1539 2648 1663 2710 medicis
1679 2647 1831 2710 mercedes
1854 2648 1941 2727 eique
1957 2648 2010 2728 qui
2032 2647 2138 2709 laesus
2152 2656 2195 2709 est
2213 2648 2255 2706 im·

438 2754 587 2840 μισθούς
619 2765 689 2830 τοῖς
720 2762 850 2841 ἰατροῖς
881 2756 938 2820 καί
977 2754 1020 2819 τά
1057 2755 1263 2837 ἀναλώματα
1294 2759 1340 2836 τῇ
1368 2776 1478 2836 pensas
1500 2764 1531 2816 et
1553 2754 1705 2816 mercedes
1727 2755 1819 2816 totius
1841 2755 1894 2815 otii
1921 2763 1952 2816 et
1974 2774 2066 2816 curae
2089 2755 2230 2835 temporis.

439 2865 639 2942 ἀδικηθέντι
661 2862 718 2927 καλ
741 2862 801 2927 τόν
816 2860 947 2946 μισθόν
970 2860 1050 2925 ύλου
1065 2871 1126 2926 τοῦ
1140 2862 1268 2945 χρόνου
1283 2872 1341 2938 της

440 2971 562 3054 ἀργίας
583 2969 641 3034 καί
664 2970 851 3052 ἐπιμελείας.

368 3086 402 3150 ς’.
504 3075 578 3141 Ἐἀν
600 3085 718 3140 ναῦται
742 3078 854 3159 μάχην
876 3077 1038 3154 ποιήσωσι
1061 3077 1121 3139 καί
1139 3097 1189 3149 τις
1207 3073 1340 3159 κρούσει
1436 3075 1468 3138 Si
1491 3084 1604 3137 nautae
1627 3076 1725 3136 rixam
1749 3074 1877 3137 fecerint
1898 3083 1929 3137 et
1951 3075 2019 3155 quis
2046 3093 2125 3136 saxo
2152 3074 2256 3153 lignore
2281 3086 2298 3134 t,
2370 3086 2371 3133 ι

439 3184 530 3266 λίθῳ
555 3183 604 3268 [d]
627 3182 727 3267 ξύλῳ,
757 3183 856 3247 πάλιν
883 3183 916 3246 δέ
944 3186 963 3247 ὸ
991 3180 1174 3268 κρουσθελς
1202 3181 1341 3264 πατάξει
1368 3182 1564 3264 percusserit,
1595 3202 1760 3262 rursusque
1786 3178 1817 3267 ssis
1845 3182 1898 3262 qui
1925 3200 2089 3262 percussus
2121 3190 2167 3242 est
2190 3200 2254 3251 eun,

440 3288 500 3354 τὸν
523 3288 562 3354 τό
579 3302 713 3373 πρῶτον
727 3290 931 3375 κρούσαντα,
948 3294 992 3364 ὡς
1006 3287 1167 3375 βιασθείς
1182 3289 1340 3364 ἐποίησεν.
1368 3292 1420 3370 qui
1437 3290 1519 3371 prior
1536 3289 1724 3369 percusserit,
1739 3288 1914 3370 pulsaverit,
1936 3296 2084 3369 tanquam
2103 3298 2219 3351 coactus
2231 3285 2256 3346 id

441 3400 468 3461 εί
491 3397 525 3461 δέ
547 3396 605 3460 καί
628 3397 724 3482 θάυῇ
747 3397 965 3481 όκρουσθεὶς
987 3396 1043 3460 καὶ
1059 3396 1266 3481 μαρτυρηθῇ
1289 3391 1341 3457 ότι
1368 3395 1447 3457 fecit
1488 3395 1581 3473 Quod
1603 3395 1629 3456 si
1651 3396 1745 3476 isqui
1764 3395 1905 3475 pulsatus
1920 3404 1966 3458 est
1980 3396 2131 3457 moriatur
2144 3405 2173 3457 et
2186 3393 2256 3454 testi·

441 3513 572 3586 πρῶτος
595 3505 751 3586 ἔκρουσεν
777 3502 797 3579 i)
825 3503 915 3586 λίθῳ
943 3503 963 3581 ή
991 3502 1077 3587 ξύλω
1106 3502 1126 3579 ή
1155 3501 1294 3586 σιδήρῳ,
1322 3502 1341 3563 δ
1369 3502 1426 3564 bus
1448 3502 1592 3583 probetur
1613 3521 1681 3563 eum
1704 3502 1833 3583 priorem
1857 3522 1945 3575 saxo,
1972 3502 2021 3564 vel
2044 3501 2131 3582 ligno
2155 3501 2256 3562 ferrove

441 3609 595 3692 πατάξας
610 3606 714 3673 αὐτὸν
736 3608 794 3673 καλ
810 3611 1021 3684 θανατώσας
1045 3607 1219 3682 ἀκίνδυνος
1241 3610 1341 3672 ἐστω·
1368 3608 1560 3690 percussisse,
1590 3608 1616 3669 is
1639 3609 1692 3690 qui
1714 3629 1784 3670 eum
1805 3607 1941 3688 pulsavit
1962 3616 1994 3670 et
2016 3609 2128 3671 occidit
2150 3625 2255 3669 securus

442 3714 460 3780 δ
484 3713 550 3801 γάρ
574 3715 719 3793 ήθέλησε
742 3727 879 3794 ποιησαι
902 3718 1039 3781 ἐπαθεν.
1369 3726 1446 3788 εειο;
1469 3715 1521 3776 ille
1544 3715 1624 3775 enim
1646 3714 1727 3795 quod
1749 3714 1847 3777 fecere
1869 3714 1968 3777 voluit
1989 3735 2099 3795 passus
2122 3724 2174 3777 εει

377 3835 404 3888 ”.
506 3822 581 3885 Ἐάν
603 3844 654 3897 τις
676 3835 743 3886 τῶν
765 3823 960 3905 ναυκλήρων
974 3823 994 3901 ή
1009 3825 1162 3908 ἐμπόρων
1176 3823 1196 3900 ή
1211 3833 1342 3886 ναυτῶν
1437 3821 1469 3883 Si
1492 3822 1559 3902 quis
1576 3841 1615 3882 ex
1630 3822 1782 3901 magistris
1798 3842 1850 3884 seu
1865 3822 2083 3884 mercatoribus
2102 3841 2155 3883 seu
2170 3819 2256 3882 nautis
2282 3831 2298 3881 t

441 3929 575 4015 κρούσει
599 3951 675 3993 τινα
697 3930 852 4014 γρόνθον
874 3929 931 3994 καί
956 3933 1099 4016 πηρώσει
1124 3928 1144 4007 ή
1166 3926 1230 4013 λάξ
1245 3929 1342 3992 δώσει
1369 3949 1459 4009 quem
1486 3948 1589 4010 pugno
1616 3929 1798 4009 percusserit
1824 3938 1856 3989 ει
1882 3929 2092 3993 excoecaverit
2117 3927 2167 3990 vel
2187 3925 2257 3988 culce

441 4036 499 4100 καλ
522 4036 631 4122 συμβῇ
654 4035 766 4113 ιιίλην1
790 4049 939 4118 ποιησαι,
964 4037 1061 4100 δώσει
1085 4039 1103 4101 ό
1126 4036 1274 4121 κρούσας
1298 4035 1343 4100 τά
1369 4045 1400 4099 ει
1426 4035 1583 4114 contigerit
1607 4034 1744 4095 herniam
1770 4034 1847 4109 fieri,
1879 4034 1966 4097 dabit
1992 4036 2018 4096 is
2045 4036 2100 4116 qui
2127 4032 2257 4116 percussit

443 4141 569 4229 lrpsioe¹
596 4141 652 4206 καλ
681 4143 760 4229 ὑπὲρ
783 4144 841 4225 μέν
869 4153 929 4207 τοῦ
956 4144 1145 4229 ὀφθαλμοῦ
1163 4144 1343 4226 χρυσίνους
1370 4143 1477 4203 medici
1499 4142 1652 4221 impensas
1674 4150 1705 4202 et
1722 4161 1777 4222 pro
1792 4142 1880 4204 oculo
1900 4162 2007 4204 aureos
2022 4142 2191 4213 duodecim,
2211 4157 2256 4220 pro

443 4250 580 4330 δώδεκα,
604 4250 683 4334 ὑπὲρ
707 4250 741 4313 δέ
765 4261 822 4327 της
843 4251 944 4328 κήλης
963 4252 1145 4334 χρυσίνους
1168 4250 1255 4314 δέκα.
1301 4250 1343 4313 El
1369 4250 1481 4310 ramice
1504 4258 1606 4310 autem
1628 4267 1736 4309 aureos
1758 4247 1868 4310 decem.
1915 4248 1949 4310 Si
1975 4251 2001 4311 is
2028 4250 2081 4330 qui
2104 4248 2185 4312 calos
2204 4265 2256 4326 per·

442 4358 477 4421 δέ
504 4359 523 4421 ό
550 4353 613 4440 λάξ
641 4355 825 4442 κρουσθείς
852 4357 1029 4443 ἀποθάνῃ,
1057 4359 1172 4435 ἐνοχος
1199 4361 1291 4420 ἐσται
1324 4358 1342 4420 ό
1370 4376 1476 4418 cussus
1491 4364 1538 4418 est
1552 4354 1726 4428 decesserit,
1746 4355 1797 4415 ille
1812 4356 1863 4435 qui
1878 4356 2026 4436 percussit
2042 4356 2148 4418 mortis
2163 4352 2257 4415 iudicio

441 4464 589 4549 κρούσας
612 4474 671 4540 της
695 4463 785 4540 δίκης
808 4471 869 4527 τοῦ
893 4463 1060 4526 θανάτου.
1370 4463 1519 4525 obnoxius
1541 4462 1605 4523 erit

389 4582 405 4635 ¹.
502 4570 674 4634 Ἔπλευσεν
697 4572 716 4632 ό
739 4568 923 4653 ναύκληρος
946 4568 1137 4644 πιστευθείς
1164 4567 1203 4633 τό
1227 4569 1343 4633 πλοῖον
1435 4570 1601 4650 Navigavit
1623 4567 1773 4648 magister,
1796 4569 1846 4631 cui
1866 4569 1953 4632 navis
1968 4579 2034 4632 erat
2048 4569 2213 4641 commissa,
2232 4573 2257 4626 ει
2283 4575 2301 4623 ε

441 4676 498 4742 καὶ
526 4683 571 4752 εἰς
598 4676 700 4753 ἀλλην
724 4679 843 4759 χώραν
875 4675 1061 4760 ἀπέδρασεν
1090 4676 1244 4761 βουλήσει
1276 4685 1344 4738 τῶν
1369 4677 1401 4737 in
1424 4676 1516 4738 aliam
1539 4676 1691 4756 regionem
1714 4674 1835 4755 eufirgit
1848 4675 2008 4739 voluntate
2023 4686 2185 4739 nautarum
2199 4692 2257 4735 cum

442 4795 574 4849 ναυτῶν
610 4782 693 4867 μετά
727 4783 884 4869 χρυσίου
922 4780 966 4846 τά
1002 4784 1060 4864 μὲν
1097 4787 1201 4846 οέκεῑα
1233 4783 1344 4845 αὐτῶν
1371 4803 1457 4856 auro;
1485 4784 1586 4844 omnia
1611 4783 1746 4862 ipsorum
1773 4783 1866 4856 bona,
1898 4783 2023 4845 mobilia
2049 4782 2258 4846 immobilinet

443 4889 593 4970 ἅπαντα,
625 4887 744 4966 κινητά
773 4889 915 4967 ἀκίνητα
941 4887 998 4952 καί
1027 4889 1244 4971 αύτοκίνητα,
1277 4886 1344 4951 ὅσα
1370 4890 1535 4964 moventia,
1563 4908 1763 4969 quaecunque
1789 4888 1915 4963 habent,
1943 4889 2179 4972 occupabuntur.
2223 4885 2258 4946 Et

442 4999 582 5082 ὑπάρχει
612 4998 733 5078 αὐτοῖς,
762 4996 1093 5073 κατασχεθήσονται.
1139 4994 1196 5059 καί
1221 4991 1278 5058 ἐάν
1300 4993 1343 5076 μή
1371 4997 1396 5057 si
1419 5015 1523 5056 eorum
1550 4997 1720 5058 aestimatio
1748 4997 1821 5058 satis
1850 5016 1912 5057 non
1938 4996 2034 5059 faciet
2059 5019 2116 5079 pro
2142 5000 2258 5059 naveet

443 5110 462 5183 ή
479 5105 608 5169 τούτων
623 5105 788 5185 ἐκτίμησις
804 5098 920 5166 ἱκανόν
938 5105 1058 5189 ποιήσῇ
1079 5112 1141 5166 τοῦ
1156 5101 1272 5165 πλοίου
1286 5099 1343 5165 καί
1371 5123 1462 5184 opera
1484 5111 1515 5163 et
1536 5110 1676 5183 tempore,
1701 5122 1769 5164 cum
1785 5123 1822 5164 es
1836 5114 1974 5179 veneant,
1998 5113 2112 5167 nautae
2127 5125 2187 5166 uns
2199 5119 2256 5163 cum

443 5223 502 5290 τῆς
511 5211 670 5296 ἐργασίας
684 5208 741 5273 καί
757 5218 818 5273 τοῦ
829 5211 965 5294 χρόνου,
982 5214 1072 5291 ἐντῷ
1088 5208 1342 5292 πιπράσκεσθαι
1371 5210 1522 5290 magistris
1545 5229 1651 5290 operes
1666 5229 1737 5271 suas
1760 5210 1863 5272 locent
1884 5218 1919 5271 ut
1941 5220 1972 5272 et
1989 5209 2137 5273 damnum
2157 5212 2257 5288 integre

444 5316 541 5399 αύτά,
556 5320 589 5381 oi
596 5326 716 5381 ναῦται
727 5313 798 5398 ἅμα
812 5320 859 5397 τῷ
870 5316 1109 5399 προναυκλήρῳ
1118 5315 1344 5398 μισθούσθω-
1371 5318 1541 5379 resarciant.

444 5448 510 5490 σαν
524 5422 581 5488 καί
597 5422 658 5501 τήν
676 5423 914 5508 ἀποπλήρωσιν
928 5434 986 5499 τῆς
1006 5424 1122 5505 ζημίας
1137 5423 1343 5487 ποιείτωσαν.

391 5542 407 5595 ‘.
509 5528 583 5595 Ἑάυ
606 5530 678 5615 περὶ
701 5529 837 5615 ἐκβολῆς
859 5529 1078 5615 βουλεύσηται
1106 5531 1124 5591 ὁ
1150 5527 1343 5613 ναύκληρος,
1438 5529 1470 5591 Si
1484 5530 1521 5592 de
1534 5531 1616 5592 iactu
1629 5532 1784 5595 considere
1793 5532 1934 5611 magister
1942 5531 2023 5605 velit,
2037 5542 2173 5595 vectores
2181 5530 2257 5591 inter
2283 5534 2301 5583 λ

445 5639 641 5724 ἐπερωτάτω
660 5633 738 5710 τούς
757 5637 926 5721 ἐπιβάτας,
951 5632 1000 5710 οίς
1020 5637 1180 5721 χρήματά
1198 5641 1288 5699 ἐστιν
1311 5640 1344 5698 ἐν
1370 5645 1467 5717 roget,
1491 5658 1620 5718 quorum
1642 5637 1724 5700 bona
1746 5649 1817 5700 sunt
1839 5640 1871 5700 in
1889 5638 1969 5701 navi.
2008 5639 2046 5701 de
2061 5659 2098 5701 eo
2114 5633 2257 5720 quodfieri

445 5750 492 5829 τῷ
515 5745 627 5826 πλοίῳ.
679 5742 712 5823 ὅ,
737 5767 768 5806 τι
793 5744 827 5806 δέ
850 5741 908 5806 ἐάν
930 5746 1077 5824 γένηται,
1106 5743 1196 5823 τόσῳ
1223 5752 1344 5829 ψήφου
1371 5743 1488 5819 debeat,
1509 5745 1687 5806 sententiam
1709 5745 1816 5807 ferent.
1859 5745 2099 5809 Contribusutur
2123 5755 2216 5808 sutem
2232 5748 2257 5802 et

445 5853 651 5917 ποιείτωσαν.
696 5849 1007 5935 Συμβαλέσθωσαν
1035 5849 1069 5912 δέ
1101 5853 1145 5922 εἰς
1177 5846 1344 5933 συμβολήν
1371 5871 1495 5925 meroes3
1511 5851 1648 5930 stragula
1661 5860 1764 5913 eutem
1779 5853 1998 5915 etvestimenta
2012 5862 2044 5915 et
2059 5847 2257 5936 suppellectilis

518 5994 585 6046 ¹ita
603 5991 663 6046 cod
771 5990 782 6022 ¹
800 5993 840 6045 ita
858 5991 920 6045 cod.
