4978 7018
5 624 88 693 δέ,

591 497 751 565 INDEX
774 497 873 566 CUM
896 496 995 564 DEO
1019 495 1142 564 TOMI
1165 495 1390 564 SECUNDI.
1436 496 1590 563 LIBER
1612 494 1896 563 XXIV—XXVI.
2141 499 2161 561 3

233 702 255 735 τ.
268 681 299 735 r'·
401 676 475 743 Ἐἀν
498 680 568 765 ἀρα
590 681 609 743 ὁ
633 678 750 754 δοῦλος
772 680 806 763 ἐξ
829 680 952 743 οἰκείου
972 679 1237 762 ἀποτελέσματος
1331 701 1371 742 an
1402 700 1508 742 servus
1544 700 1583 741 ex
1618 680 1739 760 proprio
1770 678 1852 741 facto
1883 687 1955 759 post
1991 678 2163 740 hbertatem
2200 687 2217 737 t.
2232 687 2256 737 5.

336 783 419 870 μετά
441 784 502 864 τήν
524 787 719 873 ἐλευθερίαν
741 791 893 866 ἐνέχεται.
1264 795 1412 849 teneatur.

230 976 251 1010 ι.
265 956 299 1021 ς).
404 907 524 1012 litori
545 946 645 1030 μηδὲν
667 949 726 1039 μέν
744 956 1004 1031 χρεωστοῦντος,
1027 946 1238 1031 καταβαλλο-
1330 948 1380 1010 De
1411 968 1446 1009 eo
1477 948 1530 1028 qui
1561 946 1637 1008 nihil
1668 945 1770 1019 debet,
1801 947 1855 1008 sed
1883 945 1974 1010 solvit
2000 953 2031 1007 et
2057 944 2166 1026 repetit
2202 962 2220 1012 ι,
2234 961 2258 1011 ο,

337 1058 436 1137 μένου
459 1053 493 1118 δὲ
516 1054 573 1118 καλ
597 1057 822 1129 ἀπαιτοῦντος
845 1052 864 1118 δ
887 1053 1077 1140 κατέβαλεν.
1265 1054 1347 1135 quod
1370 1054 1468 1117 solvit.

234 1234 256 1266 τ-
270 1214 300 1276 ἵ·
402 1175 444 1279 ll
470 1217 611 1297 ἀγωγῶν
642 1216 905 1300 κληρονομιαέων
932 1212 990 1277 καλ
1017 1217 1061 1287 εἰς
1093 1210 1175 1276 ὅσον
1207 1215 1239 1276 οἱ
1332 1216 1369 1277 de
1397 1215 1565 1277 actionibus
1593 1214 1781 1276 hereditariis
1809 1222 1840 1275 et
1865 1221 2014 1293 quatenus
2041 1211 2166 1273 heredes
2203 1230 2221 1280 ι,
2235 1227 2260 1278 η.

337 1324 536 1408 κληρονόμοι
560 1325 726 1401 ἐνέχονται
744 1327 779 1385 ἐκ
794 1332 861 1385 τῶν
877 1320 1157 1403 πλημμελημάτων
1172 1331 1239 1383 τῶν
1265 1330 1427 1384 teneantur
1448 1343 1485 1383 ex
1508 1322 1627 1383 delictis
1649 1329 1843 1382 mortuorum.

338 1429 613 1506 τελευτησάντων.

233 1616 253 1649 ι.
267 1596 301 1663 η’.
406 1550 654 1667 έιάπαιτιήσεως
669 1598 731 1654 τοὺ
744 1588 1023 1673 καταβληθέντος
1033 1585 1122 1661 τινὸς
1135 1585 1240 1671 χωρὶς
1334 1590 1372 1650 de
1393 1590 1538 1670 petitione
1561 1589 1625 1649 eius
1648 1588 1730 1668 quod
1753 1589 1818 1650 sine
1846 1608 1939 1650 causa
1966 1587 2099 1648 solutum
2122 1595 2168 1647 est
2205 1601 2222 1652 t.
2236 1603 2261 1652 8.

339 1699 451 1771 αἰτίας
473 1696 530 1760 καλ
554 1697 762 1773 ἀπαιτήσεως
777 1700 813 1759 ἐκ
832 1697 936 1778 νόμου
955 1698 1136 1779 ὡρισμένης
1150 1690 1240 1757 κατὰ
1267 1704 1299 1757 et
1328 1696 1472 1776 petitione
1504 1716 1543 1757 ex
1573 1696 1640 1775 lege
1672 1703 1788 1757 statuta
1823 1695 1861 1755 de
1893 1695 1975 1756 omni
2005 1714 2038 1755 re
2068 1702 2099 1755 et
2130 1693 2168 1754 de

171 1809 302 1877 solsol&
340 1801 465 1879 παντὸς
488 1805 685 1888 πράγματος
707 1802 764 1867 καλ
781 1801 852 1887 περὶ
873 1802 1083 1878 ἀπαιτήσεως
1106 1801 1240 1864 πάντων
1268 1804 1412 1883 petitione
1443 1801 1578 1864 omnium
1613 1802 1739 1882 ponderi
1776 1802 1826 1865 vel
1863 1821 2022 1863 mensurae
2053 1800 2168 1862 subiec-

339 1922 407 1974 τῶν
430 1911 579 1993 σταθμῷ
602 1910 622 1988 ή
644 1914 752 1995 μέτρῳ
776 1908 1064 1995 ὑποβαλλομένωνε
1090 1945 1132 1955 —-
1268 1920 1376 1971 torum.

226 2095 248 2128 ι.
260 2074 303 2129 θ’.
407 2032 508 2135 ὑετοῦ
522 2063 591 2153 ἐνῷ
606 2071 693 2152 δήλῳ
707 2072 799 2151 τόπῳ
815 2069 978 2134 δίδοσθαι
990 2067 1029 2132 τὸ
1040 2072 1098 2132 εἴτε
1111 2068 1240 2145 δήποτε.
1335 2071 1373 2131 δε
1396 2091 1431 2132 eo
1453 2071 1535 2150 quod
1558 2070 1632 2150 quid
1654 2070 1686 2130 in
1709 2078 1791 2131 certo
1812 2068 1880 2130 loco
1904 2069 1970 2130 dari
1993 2076 2118 2149 oportet
2206 2085 2224 2135 t.
2238 2084 2263 2133 9.

689 2337 819 2390 ΒΙΒΛΙΟΝ
840 2336 896 2389 ΚΕ’.
1604 2334 1720 2390 LIBER
1736 2334 1829 2390 XXV.

233 2505 255 2538 ι.
268 2485 303 2537 α’.
408 2442 431 2546 d
455 2492 587 2563 ἀγωγῆς
611 2492 669 2557 τῆς
688 2481 792 2564 χάριν
814 2478 975 2564 ἐνεχύρων
998 2477 1176 2561 διδομένης.
1336 2482 1374 2542 de
1397 2482 1516 2542 actione
1537 2481 1694 2561 pignerum
1718 2499 1811 2542 causa
1833 2479 1914 2541 data
2206 2493 2225 2543 t.
2240 2493 2263 2542 1.

235 2673 258 2707 τ.
270 2650 304 2727 β.
408 2601 430 2705 π
446 2639 607 2724 ἐνεχύρων
622 2639 679 2704 καὶ
695 2640 881 2716 ὑποθηκῶν
895 2638 952 2703 καλ
971 2650 1038 2702 τῶν
1054 2641 1242 2725 συμφώνων
1335 2642 1374 2703 de
1395 2640 1571 2721 pigneribus
1594 2650 1625 2702 et
1646 2639 1825 2721 hypothecis
1848 2648 1880 2700 et
1901 2638 1999 2719 pactis
2021 2657 2133 2698 eorum.
2207 2661 2225 2712 ι,
2238 2661 2264 2711 2.

342 2748 461 2811 αὐτῶν.

235 2878 257 2912 τ.
270 2858 305 2931 γ’.
407 2853 474 2919 Ἐπλ
498 2855 602 2918 ποίων
625 2858 742 2918 αἰτιῶν
764 2858 902 2940 ἐνέχυρα
925 2854 945 2932 ή
969 2853 1142 2930 ὑποθῆκαι
1167 2874 1242 2915 σιω-
1336 2855 1508 2935 exquibus
1531 2855 1630 2916 causis
1652 2854 1779 2934 pignera
1796 2852 1848 2915 vel
1870 2852 2058 2934 hypothecae
2080 2851 2171 2912 tacite
2208 2867 2226 2917 t.
2239 2866 2265 2916 ³.

343 2972 454 3047 πηρῶς
477 2961 777 3025 συναλλάσσονται.
1270 2962 1498 3024 contrahuntur.

236 3093 259 3126 ι.
272 3070 305 3125 δ’.
409 3069 503 3131 Ποῖα
526 3069 710 3154 πράγματα
732 3072 776 3143 εἰς
792 3072 946 3154 ἐνέχυρον
968 3067 1048 3145 bele
1065 3066 1242 3143 ὑποθήκας
1336 3069 1496 3147 Quaeres
1522 3069 1554 3129 in
1580 3068 1691 3148 pignus
1712 3066 1761 3130 vel
1784 3066 1985 3148 hypothecam
2007 3065 2172 3147 praestitae
2208 3080 2225 3129 t.
2240 3081 2265 3131 4.

342 3177 552 3260 παρεχόμενα
575 3176 636 3238 οὑκ
657 3178 809 3254 ἐνέχεται.
1272 3197 1332 3238 non
1354 3185 1502 3238 tenentur.
2271 3168 2275 3182 ’

241 3306 263 3340 ι.
276 3286 306 3340 ι’.
415 3283 507 3356 Τίνες
530 3281 750 3365 δυνατώτεροι
775 3287 819 3356 εἰς
842 3279 886 3345 τά
913 3285 1051 3366 ἐνέχυρα
1073 3280 1093 3357 ή
1116 3285 1160 3355 εἰς
1183 3277 1244 3354 τάς
1338 3283 1403 3361 Qui
1424 3284 1556 3363 potiores
1579 3283 1611 3342 in
1633 3283 1759 3363 pignera
1781 3280 1832 3344 vel
1855 3282 1887 3342 in
1913 3278 2101 3360 hypothecas
2123 3297 2172 3341 ve
2208 3295 2227 3344 t.
2241 3296 2266 3344 5.

343 3389 523 3466 ὑποθήκας
560 3392 716 3473 ἔρχονται
754 3388 811 3453 καλ
849 3388 922 3473 περὶ
954 3400 1021 3453 τῶν
1052 3386 1169 3462 οἵτινες
1201 3391 1245 3460 εὶς
1272 3390 1361 3451 niunt
1388 3398 1419 3451 et
1445 3390 1482 3451 de
1509 3389 1546 3450 iis
1573 3389 1625 3469 qui
1651 3389 1682 3448 in
1709 3388 1808 3450 locum
1836 3388 1968 3469 priorum
1993 3385 2173 3447 creditorum

344 3498 449 3559 τόπον
472 3506 539 3558 τῶν
562 3499 734 3582 προτέρων
757 3496 939 3559 δανειστῶν
961 3496 1221 3580 ὑπεισέρχονται.
1273 3497 1549 3577 subingrediuntur.

237 3679 259 3714 τ.
272 3659 306 3724 ς).
410 3616 432 3720 ά
461 3665 522 3720 τοῦ
553 3667 621 3730 πῶς
647 3656 704 3720 καλ
731 3657 811 3721 πότε
837 3655 1072 3719 ὑποτίθεσθαι
1105 3654 1156 3716 δεῖ
1184 3651 1245 3727 τάς
1338 3657 1499 3735 Quomodo
1522 3665 1553 3717 et
1580 3655 1703 3736 quando
1730 3654 1916 3736 hypothecae
1942 3653 2009 3715 dari
2036 3661 2174 3734 oporteat
2209 3667 2227 3717 t.
2241 3668 2265 3717 6.

346 3764 533 3848 στρατείας.
1274 3763 1406 3825 militias.

242 3945 264 3979 t·
278 3925 307 3988 ἵ·
412 3884 434 3988 ri
459 3922 669 4006 διαπράσεως
692 3921 852 4005 ἐνεχὺρων
874 3920 931 3986 καὶ
955 3921 1149 3997 ὑποθηκῶν.
1340 3923 1378 3984 de
1399 3921 1595 3984 distractione
1617 3922 1774 4002 pignerum
1797 3930 1828 3982 et
1850 3919 2097 4001 hypothecarum.
2210 3934 2228 3984 t.
2242 3933 2266 3983 l.

239 4052 261 4086 τ.
274 4034 308 4100 η’.
412 4031 519 4103 ποιόις
547 4031 684 4114 τρόποις
712 4026 751 4092 td
779 4032 932 4113 ἐνέχυρον
954 4027 1011 4091 καὶ
1040 4030 1059 4104 ή
1087 4027 1245 4104 ὑποθήκη
1339 4029 1450 4109 quibus
1473 4030 1571 4090 modis
1594 4029 1703 4109 pignus
1726 4036 1758 4089 et
1779 4026 1950 4108 hypotheca
1972 4026 2106 4089 solvitur.
2210 4040 2228 4089 t.
2242 4042 2266 4090 8.

345 4135 521 4200 διαλύεται.

694 4329 824 4384 ΒΙΒΛΙΟΝ
845 4330 900 4393 Κς’.
1604 4328 1719 4383 LIBER
1736 4326 1844 4383 XXVI.

240 4496 260 4530 ι.
274 4476 309 4529 α’.
414 4434 436 4536 ὑ
459 4478 626 4555 ἐγγυητῶν
648 4471 704 4536 καὶ
728 4473 958 4559 μανδατόρων.
1341 4473 1379 4533 δε
1402 4472 1629 4534 fideiussoribus
1652 4481 1684 4534 et
1706 4471 1943 4535 mandatoribus.
2211 4486 2229 4536 t.
2244 4487 2267 4536 1.
2316 4559 2318 4562 y

240 4656 263 4690 1·
275 4634 309 4707 θ.
415 4594 521 4697 droul
544 4631 622 4707 τοὺς
645 4630 821 4707 δανειστάς
844 4635 1009 4717 πρότερον
1021 4641 1143 4716 χωρεῖν
1157 4628 1247 4695 κατὰ
1341 4633 1378 4694 δε
1401 4651 1438 4694 eo
1461 4633 1542 4713 quod
1569 4633 1732 4694 creditores
1760 4641 1852 4694 antea
1878 4632 2038 4693 convenire
2064 4630 2176 4691 debent
2212 4645 2267 4694 tt.

347 4750 414 4802 τῶν
437 4739 664 4825 πρωτοτὺπων
683 4751 864 4826 χρεωστῶν
878 4738 934 4804 καλ
951 4744 985 4802 ἐν
1003 4738 1140 4823 δευτέρα
1155 4739 1245 4820 τάξει
1275 4739 1458 4820 principales
1481 4760 1548 4801 reos
1570 4750 1601 4801 et
1623 4740 1754 4802 secundo
1776 4739 1852 4812 loco,
1875 4760 1937 4800 non
1960 4737 2105 4800 solvendo
2127 4737 2175 4797 his

346 4848 484 4930 ἀπόρων
516 4846 645 4910 τούτων
676 4847 882 4930 εὑρεθέντων
913 4844 1003 4910 κατά
1029 4857 1097 4909 τῶν
1123 4845 1247 4928 μανδα-
1275 4847 1413 4920 inventis,
1436 4847 1629 4909 mandatores
1652 4855 1683 4908 et
1698 4847 1911 4908 constitutores
1927 4854 1959 4906 et
1976 4845 2175 4907 fideiussores.

347 4955 457 5036 τόρων
479 4952 499 5030 ή
523 4956 765 5040 ἀντιφωνητῶν
787 4952 807 5030 ή
830 4957 1011 5034 ἐγγυητῶντ
1037 4990 1078 4999 -

240 5136 263 5170 τ.
277 5114 309 5169 δ’.
414 5073 705 5195 άάνακαινισμοῦ
727 5115 801 5190 ήτοι
824 5114 1036 5195 μεταθέσεως
1051 5116 1171 5197 χρέους
1190 5111 1246 5176 καλ
1341 5114 1379 5175 de
1402 5115 1566 5177 novatione
1581 5114 1645 5176 sive
1669 5113 1866 5176 translatione
1890 5113 1984 5174 debiti
2000 5120 2030 5173 et
2049 5111 2087 5172 de
2109 5117 2175 5191 p'er·
2212 5125 2229 5176 t.
2243 5126 2268 5174 4.

347 5230 415 5282 τῶν
425 5218 519 5305 παρά
530 5228 592 5283 τοῦ
601 5228 776 5303 χρεωστοῦ
790 5219 1045 5302 ἀντιδιδομένων
1061 5221 1249 5304 προσώπων
1276 5220 1358 5282 sonis
1382 5241 1401 5282 a
1422 5220 1557 5282 debitore
1579 5220 1689 5281 oblatis
1712 5220 1853 5282 creditori
1881 5220 1920 5281 ad
1944 5218 2175 5280 defendendum.

348 5330 395 5408 τῷ
419 5325 574 5414 δανειστῇ
597 5331 641 5400 εές
664 5325 702 5390 τδ
726 5327 982 5408 ἀπολογεῖσθαι.

244 5511 267 5544 ι.
281 5491 311 5545 ι’.
415 5447 437 5551 ά
460 5487 661 5572 καταβολῶν
683 5486 740 5551 καλ
763 5487 961 5571 ἐλευθεριῶν
981 5490 1109 5570 χρέους.
1342 5488 1381 5548 de
1403 5487 1551 5549 solutione
1573 5495 1605 5548 et
1626 5485 1806 5548 liberatione
1828 5485 1930 5546 debiti.
2213 5499 2230 5549 t.
2244 5499 2269 5549 o.

241 5671 263 5704 τ·
276 5651 311 5715 ἕο
417 5608 661 5731 ὑέλευθεριῶν
684 5650 756 5725 ήτοι
781 5649 975 5721 ἀθωώσεως
998 5647 1040 5709 δι’
1067 5645 1248 5731 ἀμοιβαιάς
1342 5647 1380 5708 δε
1415 5646 1643 5709 liberationibus
1680 5647 1743 5709 sive
1783 5646 1956 5709 remissione
1992 5645 2085 5706 debiti
2122 5665 2177 5726 per
2213 5659 2230 5708 t.
2245 5658 2270 5708 6.

348 5755 588 5837 ἐπερωτήσεωςε
606 5792 647 5800 -
1276 5763 1414 5815 mutuam
1437 5753 1671 5834 stipulationem.

244 5939 267 5972 τ.
281 5918 310 5981 ζ’.
415 5874 437 5978 ti
465 5918 585 6000 χρέους
616 5916 872 6001 ἀντιφωνήσεως
906 5913 962 5977 καὶ
995 5916 1115 5997 χρέους
1142 5959 1246 5975 .....
1341 5913 1379 5974 δε
1402 5913 1497 5975 debiti
1520 5916 1693 5975 constituto.
2212 5923 2230 5972 t.
2245 5923 2269 5973 l.

347 6020 405 6084 καὶ
428 6068 533 6085 .....
557 6033 736 6104 γυναικῶνι
754 6058 796 6068 -
