4842 7018
461 484 522 551 152
1009 476 1162 545 LIBER
1184 475 1305 544 LVIH.
1353 473 1443 542 TIT.
1466 472 1594 542 XXIII.
1614 472 1736 542 XXIV.

522 666 555 731 Ὀ
583 665 704 747 δένδρα
731 674 855 744 τεμνων
880 661 896 739 λ,
920 662 1071 742 κάλαμον
1097 660 1112 737 ή
1142 664 1233 722 ίτέαν
1260 660 1278 736 ll
1302 660 1377 740 ἀμ’
1456 660 1517 736 Qui
1532 658 1654 720 arbores
1671 660 1797 720 succidit
1817 670 1871 720 eut
1887 661 2065 722 arundinem
2080 671 2134 724 snt
2147 663 2264 726 salictum

460 776 556 838 πελον
578 777 752 861 κατέχεται
777 774 820 844 ὡς
844 771 1000 853 φθείρων
1023 766 1083 844 τήν
1105 778 1179 847 γῆν;
1196 764 1257 813 -¹
1290 766 1360 828 ibid.
1390 767 1542 828 uutvitem
1553 776 1680 839 tenetur,
1696 767 1869 847 quippequi
1878 778 2176 850 terrumcorrumpot
2208 773 2264 833 ibid.

523 897 597 963 Ἐάν
628 899 731 974 στήλη
763 918 826 958 σου
857 893 924 958 ἀπὸ
958 893 1119 974 δημοσίου
1150 894 1255 955 τόπου
1282 893 1360 954 ἀπο·
1455 890 1488 951 Si
1516 892 1592 953 stela
1619 901 1673 952 tue
1699 912 1715 953 e
1742 891 1809 953 loco
1836 891 1958 972 publico
1985 893 2090 955 obluta
2121 895 2214 969 fuerit,
2240 912 2265 958 tn

459 1009 617 1093 σπασθή,
647 1002 689 1068 σύ
711 1004 769 1085 μέν
792 1000 830 1064 τὸ
853 1003 992 1082 νόμιμον
1020 1000 1251 1081 παράγγελμα,
1280 1001 1299 1074 ή
1327 998 1360 1059 δέ
1391 999 1445 1059 hoc
1459 998 1628 1071 interdicto,
1652 998 1759 1059 civitas
1775 1010 1876 1061 sutem
1893 1000 1965 1059 furti
1980 1000 2098 1062 actione
2115 1003 2145 1062 in
2160 1003 2264 1084 duplum

291 1129 337 1196 sol.
356 1134 420 1180 125¹.
458 1117 550 1188 πόλις
578 1112 637 1189 τήν
665 1109 735 1191 περὶ
758 1109 881 1185 κλοπῆς
906 1113 949 1181 είς
976 1107 1112 1170 διπλοῦν
1134 1116 1232 1169 κινεῖ·
1260 1106 1361 1180 αὐτῆς
1389 1105 1569 1184 experietur;
1593 1106 1656 1166 eius
1679 1106 1758 1166 enim
1781 1117 1840 1167 est:
1864 1116 1894 1166 et
1917 1106 1982 1167 ideo
1999 1109 2022 1167 si
2039 1109 2183 1181 ceciderit.
2204 1111 2267 1171 cire

457 1225 523 1305 γάρ
547 1228 630 1284 ἐστι·
655 1216 706 1282 διὸ
729 1215 794 1279 κάν
817 1219 898 1301 πέσῃ
922 1216 954 1277 oi
977 1214 1107 1277 πολίται
1132 1212 1237 1290 αύτήν
1259 1214 1360 1275 καθι-
1389 1231 1455 1271 eum
1479 1211 1671 1273 recollocant„
2107 1214 2142 1275 fr,
2159 1219 2204 1275 11,
2218 1223 2232 1291 ς
2247 1223 2266 1276 1,

458 1340 653 1393 στῶσινι-
1105 1346 1111 1355 ·
1176 1320 1212 1381 fr.
1231 1324 1359 1396 1151.

520 1452 553 1517 ‘O
576 1451 778 1537 ἀφελόμενος
801 1448 925 1524 στήλην
948 1446 966 1523 ll
987 1444 1103 1528 θύραν
1122 1443 1188 1508 ἀπὸ
1205 1445 1360 1526 μνημείου
1454 1443 1517 1521 Qui
1540 1443 1713 1504 columnam
1737 1444 1785 1505 vel
1807 1454 1926 1525 portem
1947 1457 2175 1507 umonumento
2189 1449 2268 1508 aufert

457 1566 504 1641 τῷ
537 1564 645 1636 ἔχοντι
675 1555 714 1620 τό
747 1556 876 1618 δίκαιον
907 1554 1012 1616 αὐτοῦ
1044 1553 1225 1628 ὑπόκειται,
1255 1548 1358 1633 ὥςπερ
1387 1549 1414 1609 ei
1430 1551 1514 1611 cuius
1530 1560 1575 1610 est
1590 1550 1636 1611 ius
1653 1549 1811 1635 [sepulcri]
1835 1551 1925 1612 huius
1943 1562 2068 1626 tenetur.
2095 1553 2268 1634 sicutiisqni

455 1667 511 1732 xci
545 1669 564 1730 ό
596 1663 773 1728 κατακλῶν
801 1661 916 1741 θύραν
942 1658 999 1724 καλ
1032 1659 1235 1731 ἀποσπάσας
1268 1657 1360 1739 ῥίζας
1389 1656 1508 1735 franget
1537 1666 1656 1737 portem
1683 1658 1732 1719 vel
1760 1657 1875 1719 avellet
1902 1659 2019 1719 radices
2047 1660 2164 1721 vitium.

374 1835 379 1847 .
456 1775 679 1857 enesim--
1176 1768 1210 1827 fr.
1230 1750 1375 1841 mse}
2109 1766 2269 1842 nuso,

522 1900 564 1962 El
596 1896 775 1977 ἀγοράσεις
802 1893 858 1957 καί
887 1894 982 1975 μήπω
1007 1888 1214 1974 παραλαβὼν
1237 1884 1374 1969 διάγειςλ
1454 1887 1487 1949 Si
1502 1888 1655 1968 [fundum]
1664 1891 1769 1950 emeris
1784 1899 1815 1950 et
1824 1910 1893 1951 cum
1903 1890 2072 1952 nondumis
2090 1891 2146 1953 tibi
2161 1890 2270 1952 truditur

455 2012 520 2071 έκει·
545 2003 601 2069 καλ
629 2001 763 2085 μηνύσω
791 2023 859 2077 σοι,
887 1998 905 2062 ὃ
933 2000 1036 2081 μέλλω
1066 2005 1168 2061 ποιεῖν
1196 2000 1294 2079 ἔργον
1321 1996 1360 2056 ού
1390 1995 1478 2055 fuerit
1493 1994 1534 2056 ibi
1550 1994 1673 2056 moreris
1688 2016 1802 2075 egoque
1819 1996 2035 2058 denuntiavero
2052 1998 2108 2058 tibi
2125 2018 2197 2077 opus
2205 1999 2269 2076 quod

456 2115 544 2177 δοκῶ
567 2112 689 2191 λάθρα
712 2109 883 2191 πράττεινε
901 2144 943 2153 -
1153 2105 1188 2164 fr.
1207 2106 1257 2164 11.
1274 2110 1290 2179 5
1310 2106 1359 2164 11.
1389 2123 1454 2162 sum
1470 2102 1614 2175 facturus,
1630 2122 1690 2164 non
1706 2103 1811 2164 videor
1826 2103 1905 2164 clam
1920 2104 2025 2165 fecere.
2087 2104 2125 2164 fr.
2143 2107 2270 2180 ll.5ll.

519 2236 731 2318 Ὑπεξονσιόν
757 2230 874 2297 καινὸν
901 2235 998 2312 ἔργον
1024 2227 1224 2307 κωλύοντος,
1252 2229 1271 2289 ό
1295 2208 1375 2345 πηρή
1455 2226 1488 2288 Si
1510 2226 1722 2289 filiusfamiIius
1745 2248 1821 2308 opus
1844 2249 1956 2290 novum
1979 2231 2177 2303 nuntiaverit,
2203 2242 2272 2309 pater

455 2354 545 2424 κινεῖ,
571 2340 698 2423 πατρὸς
721 2340 755 2403 δὲ
778 2338 978 2417 κωλύοντος,
1002 2335 1058 2400 καί
1082 2339 1101 2399 ὁ
1125 2336 1206 2409 υίόςε
1225 2372 1266 2382 -
1373 2333 1462 2413 'sgit3
1487 2334 1512 2394 si
1527 2342 1614 2413 puter
1629 2334 1821 2408 nuntiaverit,
1844 2336 1936 2396 etium
1951 2334 2031 2396 filius
2048 2334 2152 2417 [ogere
2166 2336 2270 2418 potest}

1177 2442 1212 2502 fr.
1231 2445 1280 2502 13.
1298 2448 1313 2517 ς
1334 2446 1359 2500 1.
2108 2442 2271 2518 fr.13.51.

522 2577 564 2638 Εί
587 2572 626 2637 τὸ
651 2581 789 2653 πρᾶγμα
812 2566 879 2632 οἶδέ
903 2591 952 2642 τις
976 2576 1037 2630 τοῦ
1054 2566 1248 2648 ύπεξουσίου
1267 2561 1358 2643 εἶναι,
1455 2564 1488 2625 Si
1510 2583 1575 2626 rem
1599 2566 1687 2627 scivit
1709 2567 1775 2645 quis
1793 2565 1978 2627 filiifamilias
1994 2586 2066 2639 esse,
2091 2587 2153 2627 non
2174 2567 2272 2628 videtur

457 2684 496 2746 ού
512 2683 603 2745 δοκεῖ
615 2681 737 2760 λάθρα
753 2686 868 2741 ποιεῖν·
885 2676 959 2739 οὐδὲ
975 2672 1040 2757 γάρ
1051 2678 1114 2750 έχει
1132 2675 1151 2735 ό
1168 2670 1360 2754 ύπεξούσιος
1372 2614 1375 2729 l
1388 2670 1465 2732 clem
1488 2671 1598 2745 fucere3
1622 2693 1682 2734 non
1701 2675 1780 2734 enim
1799 2673 1891 2735 hebet
1905 2672 2121 2734 filiusfamilias
2136 2673 2272 2734 actionem

456 2790 605 2871 ἀγωγήνι
623 2824 665 2835 --
1175 2780 1210 2840 fr.
1230 2783 1278 2839 13.
1296 2785 1312 2855 5
1330 2782 1358 2840 2.
2110 2779 2146 2840 fr.
2164 2782 2210 2840 13.
2225 2785 2237 2854 5
2252 2783 2272 2839 2.

520 2914 552 2978 Ὸ
574 2913 635 2997 βίᾳ
659 2909 697 2989 λη’
719 2911 839 2991 λάθρα
863 2908 1004 2983 ποιήσας
1026 2903 1083 2968 καὶ
1107 2905 1279 2985 νεμόμενος
1301 2901 1374 2991 καίΙ
1453 2903 1517 2980 Qui
1539 2904 1569 2965 vi
1593 2914 1647 2965 sut
1669 2905 1748 2966 clem
1771 2904 1843 2965 fecit
1865 2914 1896 2965 et
1917 2904 2051 2983 possidet
2066 2914 2099 2965 et
2113 2905 2272 2985 patientium

456 3022 669 3105 ἀνεξικακίαν
691 3016 747 3081 καὶ
772 3016 925 3090 δαπάνην
947 3018 991 3086 είς
1009 3010 1049 3075 τὸ
1068 3012 1301 3097 ἀφαιρεθῆναι
1318 3007 1358 3071 τὸ
1372 3038 1374 3111 p
1387 3022 1417 3070 et
1440 3021 1578 3090 sumptus
1601 3012 1639 3072 ed
1662 3032 1738 3091 opus
1753 3011 1919 3073 tollendum
1937 3020 2096 3092 praestare
2116 3011 2216 3083 debet;
2235 3011 2273 3090 qui

456 3133 554 3213 ἔργον
574 3134 748 3206 χρεωστεῖ,
773 3125 792 3186 ό
816 3122 850 3185 δέ
874 3121 1015 3195 ποιήσας
1037 3117 1093 3181 καλ
1120 3116 1162 3199 μή
1186 3118 1359 3198 νεμόμενος
1387 3117 1458 3177 fecit
1480 3125 1511 3177 et
1526 3138 1585 3177 non
1600 3117 1735 3197 possidet
1749 3126 1900 3198 sumptus:
1923 3119 1974 3198 qui
1992 3118 2132 3197 possidet
2146 3118 2273 3185 necfecit,

457 3235 517 3310 τάς
550 3235 710 3311 δαπάνας,
744 3232 762 3294 ό
791 3230 824 3292 δὲ
857 3228 1030 3309 νεμόμενος
1060 3224 1117 3289 καὶ
1147 3223 1189 3306 μή
1218 3225 1359 3299 ποιήσας
1372 3270 1374 3281 .
1387 3223 1572 3303 patientiam.
2107 3226 2144 3285 fr.
2162 3228 2208 3287 16.
2225 3226 2274 3299 52.

457 3341 682 3424 theogenesiae:
704 3375 740 3385 -
1175 3332 1210 3393 fr.
1229 3335 1278 3393 16.
1295 3337 1311 3406 5
1330 3334 1358 3392 2.

368 3477 419 3530 ιθ.
520 3466 552 3530 Ὁ
575 3466 696 3543 λάθρα
719 3462 737 3537 lp
760 3461 821 3545 βία
835 3459 1029 3531 καταλύσας
1045 3455 1084 3520 τὸ
1100 3455 1279 3519 κελευσθὲν
1296 3452 1358 3517 ὑπὸ
1454 3454 1516 3530 Qui
1538 3456 1616 3517 clem
1645 3464 1699 3517 sut
1721 3455 1752 3517 vi
1775 3456 1855 3517 tollit
1877 3456 1907 3516 id
1930 3456 2011 3536 quod
2038 3477 2057 3516 e
2086 3457 2187 3518 iudice
2207 3476 2274 3536 prse-

458 3575 619 3635 διιιαστοῦ
641 3570 877 3645 καταλυθῆναι
902 3566 1175 3629 άποκαθιοτάτω
1199 3562 1292 3623 αὐτό.
1388 3572 1508 3641 ceptum
1531 3572 1585 3635 est,
1608 3562 1829 3637 attolleretur,
1852 3563 1884 3624 id
1906 3564 2052 3624 restituat
2139 3564 2174 3623 fr.
2191 3565 2226 3623 21
2241 3581 2274 3641 pr.

1205 3669 1240 3730 fr.
1258 3673 1297 3730 21
1315 3690 1359 3749 pr.

521 3804 554 3867 ‘0
590 3801 756 3874 ἀπολέσας
793 3796 852 3861 τὸν
884 3798 1014 3861 δίκαιον
1052 3793 1109 3858 διά
1145 3803 1206 3858 τοῦ
1242 3802 1374 3869 καινοῦή
1453 3793 1486 3854 si
1514 3794 1582 3872 quis
1604 3814 1659 3873 per
1682 3815 1793 3855 novum
1816 3815 1892 3875 opus
1914 3795 1962 3854 ins
1985 3796 2135 3869 emiserit,
2162 3815 2214 3874 per
2232 3792 2275 3853 boc

457 3916 564 3993 ἔργον,
592 3909 872 3973 ἀποκαθίσταται
903 3902 959 3967 διά
986 3912 1048 3966 τοῦ
1069 3903 1208 3983 νομίμου
1232 3922 1358 3982 παραγ·
1372 3876 1578 3960 'interdictum
1602 3902 1776 3962 restituitur.
2108 3901 2145 3961 fr.
2162 3905 2211 3962 21.
2225 3907 2239 3975 5
2253 3904 2274 3959 3.

458 4019 631 4099 γέλματοςι
648 4053 690 4063 -
1175 4009 1210 4069 fr.
1228 4012 1278 4069 21.
1296 4014 1312 4083 5
1330 4013 1357 4069 3.

476 4110 484 4125 ⁸
522 4143 563 4206 Et
590 4140 692 4226 βίμή
720 4140 842 4221 λάθρα
864 4146 925 4217 γῆν
953 4155 1015 4196 σου
1038 4132 1243 4214 ἀροτριάσω,
1266 4135 1373 4231 κατέ·Ι
1453 4129 1485 4192 si
1517 4131 1548 4193 vi
1581 4143 1634 4193 cut
1660 4133 1738 4194 clem
1767 4143 1876 4194 terrem
1906 4143 1990 4194 tunm
2017 4154 2149 4195 crevero
2176 4143 2275 4195 teneor:

453 4272 557 4330 χομαι
586 4246 650 4310 κάν
678 4249 808 4329 ὄρυγμα
831 4243 972 4319 ποιήσω·
1001 4245 1035 4303 έν
1067 4237 1165 4302 παντὶ
1198 4236 1264 4319 γάρ
1288 4237 1430 4299 Ida-litu
1452 4247 1482 4299 ct
1504 4239 1529 4297 si
1552 4237 1670 4298 foveam
1694 4239 1804 4312 fecero;
1827 4239 1865 4301 de
1887 4241 1968 4301 omni
1992 4241 2071 4300 enim
2098 4262 2189 4321 opere
2211 4238 2275 4319 qnod

457 4360 545 4442 μικῴ
566 4357 665 4437 χώρα
688 4357 734 4434 τῷ
758 4350 1022 4436 παραγγέλματα
1042 4385 1079 4395 -
1176 4346 1210 4406 fr.
1228 4349 1278 4406 22.
1296 4352 1312 4421 5
1332 4344 1417 4435 l.'in
1441 4343 1504 4404 solo
1527 4345 1561 4405 fit
1583 4345 1666 4406 locus
1689 4357 1734 4407 est
1757 4347 1922 4408 Interdicto.
2108 4348 2146 4408 fr.
2163 4350 2212 4409 22.
2226 4354 2240 4422 5
2255 4350 2276 4405 1.

690 4618 809 4672 ΤΙΤΛΟ(
829 4617 893 4683 ΚΔ’,
916 4613 1047 4668 stertet
1066 4613 1125 4664 ΝΗ’
1371 4504 1374 4721 l
1571 4609 1737 4665 TITULUS
1756 4610 1862 4679 XXIV,
1881 4610 1985 4665 LIBRI
2004 4611 2103 4666 LVIII

456 4751 518 4819 περὶ
531 4745 725 4818 ουγχωρήοιως
742 4747 786 4795 καὶ
798 4741 990 4814 παρακλήσεως
1001 4742 1046 4790 καὶ
1059 4736 1176 4809 βαλάνου
1189 4735 1310 4808 εἰιλογήςε
1324 4760 1373 4799 -ι
1444 4733 1478 4788 dc
1498 4735 1675 4789 concessione
1694 4741 1723 4789 et
1739 4737 1866 4806 precario
1885 4743 1914 4791 et
1932 4737 1967 4790 dc
1985 4737 2088 4808 glande
2108 4737 2232 4810 legende.

386 4884 419 4956 γ’.
524 4875 617 4952 Λέγει
635 4873 653 4933 ό
670 4871 835 4951 πραίτωρ·
859 4863 897 4946 ,ὃ
913 4862 1003 4930 κατά
1019 4862 1229 4945 παράκλησιν
1245 4816 1373 4944 λαβὼνέ
1450 4862 1507 4923 Ait
1537 4872 1671 4942 praetor:
1704 4863 1807 4943 „quod
1839 4864 1972 4943 precario
2004 4875 2168 4944 occeptum
2199 4862 2276 4924 habs

457 4985 539 5058 έχεις
554 4980 573 5055 ’ή
590 4978 675 5058 δόλῳ
692 4975 824 5039 ἐπαύσω
841 4978 933 5051 ἔχειν,
951 4965 1358 5045 ἀποκατάστησον“.·ὥςτε
1371 5024 1373 5091 h
1386 4968 1494 5030 dolove
1521 4969 1624 5031 desisti
1654 4969 1778 5044 habere,
1805 4971 1972 5032 restituus“.
2023 4980 2055 5032 et
2082 4971 2155 5032 ideo
2177 4972 2277 5032 restim

457 5084 777 5151 ἀποκαταστατικόν
805 5086 872 5144 έστι
898 5077 937 5143 τό
961 5079 1100 5159 νόμιμον
1127 5075 1357 5160 παράγγελμα·
1387 5076 1495 5136 terium
1519 5086 1565 5137 est
1587 5077 1644 5138 hoc
1666 5076 1873 5150 interdictum
1897 5078 1991 5139 donec
2014 5078 2095 5139 enim
2112 5079 2184 5140 volo
2202 5076 2276 5137 debes

457 5194 508 5280 ἐφ’
535 5191 617 5256 ὅσον
639 5189 705 5273 γάρ
725 5190 823 5269 θέλω,
847 5188 898 5250 δεῖ
918 5209 953 5250 οε
978 5185 1136 5267 χρῆσθαι
1160 5187 1200 5269 τῇ
1225 5166 1430 5244 δ-σειύεἱ
1453 5203 1486 5243 re
1508 5204 1662 5257 concessc;
1690 5205 1751 5245 non
1773 5204 1846 5246 vero
1874 5185 1899 5245 si
1923 5195 2079 5246 mutavero
2103 5186 2277 5246 voluntatem

456 5323 533 5381 μου·
558 5301 597 5362 ού
619 5297 682 5380 μήν
705 5301 731 5360 εί
754 5295 886 5378 άλλάξω
910 5292 970 5370 τήν
993 5293 1124 5373 γνώμην
1146 5312 1222 5371 μους
1239 5326 1281 5336 -—
1387 5310 1493 5350 meum.
1836 5292 1870 5353 fr.
1888 5295 1907 5352 2
1923 5312 1968 5372 pr,
1980 5297 2049 5366 ..g
2068 5286 2157 5353 21),
2174 5290 2277 5363 43,26,

907 5402 978 5462 fr2
995 5406 1119 5480 prs-5
1138 5403 1166 5459 2.
1182 5399 1221 5458 D.
1238 5400 1289 5470 43,
1308 5400 1358 5457 26.

390 5543 419 5596 ε’,
525 5529 591 5593 Καὶ
621 5528 670 5591 ἐπὶ
698 5538 840 5603 κινητῶν
867 5527 1075 5607 παράκλησις
1102 5525 1240 5603 γίνεται·
1271 5526 1296 5582 εί
1325 5521 1358 5581 δέ
1452 5520 1495 5582 Et
1517 5521 1555 5582 de
1572 5521 1734 5583 mobilibus
1756 5524 1925 5602 precarium
1947 5523 1993 5595 fit;
2017 5524 2042 5584 si
2065 5544 2141 5585 vero
2165 5524 2196 5584 in
2213 5522 2276 5583 diem

457 5635 540 5721 πρὸς
559 5639 685 5717 χρόνον
708 5636 835 5712 αἰτήσω
852 5656 888 5696 σε
904 5633 1100 5712 δοῦναίμοι,
1123 5628 1187 5692 κάν
1203 5628 1531 5719 παρέλθηιυορονειο
1563 5637 1592 5688 tc
1623 5629 1696 5689 mihi
1725 5630 1803 5703 dure,
1837 5630 1975 5709 quemvis
2002 5629 2066 5691 dies
2094 5627 2276 5709 praeterierit

457 5747 476 5807 ό
497 5746 630 5829 χρόνος,
653 5740 743 5806 κατά
767 5742 977 5823 παράκλησιν
1000 5743 1150 5819 νέμομαιε
1167 5772 1209 5782 -
1371 5730 1522 5813 Ιρεεοετίο
1545 5736 1691 5814 possideo.
2074 5737 2112 5797 fr,
2131 5743 2151 5799 3
2168 5759 2211 5818 pr,
2227 5742 2240 5811 ς
2255 5740 2277 5792 ς,

1145 5845 1180 5905 fr.
1197 5847 1217 5903 4
1233 5864 1277 5922 pr.
1295 5847 1311 5917 5
1329 5786 1373 5937 tl

532 6031 537 6061 ¹
558 6029 592 6083 cl'.
612 6028 698 6082 sclrol.
719 6027 789 6093 Bas,
810 6025 881 6078 unde
902 6025 930 6078 F.
952 6023 1005 6077 Hb.
1084 6020 1203 6090 ²suppl.
1223 6020 1247 6071 1·
1266 6002 1373 6087 manu:
