4842 7018
942 476 1095 544 LIBER
1117 477 1208 545 LIII.
1252 478 1341 544 ΤΙΤ.
1364 478 1390 544 Ι.
2042 482 2084 546 97

252 656 374 735 όμοιίος
397 655 431 719 δέ
454 656 602 742 διαφέρει
627 659 717 739 ημῖν·
746 659 822 740 ἡμῖν
849 655 915 743 γάρ
938 658 996 722 καί
1019 660 1059 723 ού
1082 659 1153 723 δεσ·
1180 681 1242 723 non
1274 660 1396 724 domino
1429 661 1495 724 dari
1526 660 1711 734 debuerunt,
1743 661 1838 725 veluti
1869 682 1938 725 cum
1970 680 2085 725 merces

195 752 198 757 ⁴
252 762 337 848 πότῃ
352 762 484 849 ὤφελον
499 763 674 845 δίδοσθαι,
691 766 735 838 ὡς
751 765 840 829 ἔνθα
855 765 949 852 λάβω
964 763 1009 829 τά
1025 768 1154 854 φορτία
1180 766 1296 848 pignori
1328 769 1496 850 acceperim
1529 767 1568 830 ob
1600 768 1689 830 senus
1720 767 1884 831 nauticum.

251 874 295 943 είς
322 873 475 955 ἐνέχυρον
499 870 577 956 [ἐπὶ]
598 872 716 957 χρήσει
737 871 929 952 διαποντίμι
945 908 988 919 -
1843 874 1878 936 fr.
1898 879 1924 937 1.
1945 882 1962 953 5
1980 879 2083 939 5-7.

932 979 1005 1042 er.
1022 986 1038 1057 ς
1057 984 1152 1043 ε-ι.

186 1090 213 1143 ι’.
316 1084 474 1162 Ἐνίγεται
490 1085 525 1148 δέ
540 1084 591 1148 ἐπί
606 1093 677 1159 τοῖς
691 1086 912 1164 ἐνενεγύεῖσιν
926 1090 961 1148 ἐν
976 1089 1023 1169 τῷ
1039 1087 1151 1169 πλοίῳ,
1246 1087 1411 1169 Obligatur
1441 1089 1480 1151 de
1509 1089 1546 1150 iis
1578 1109 1657 1169 quae
1693 1090 1725 1150 in
1756 1110 1867 1152 navem
1903 1089 2083 1167 infer-nunu,

249 1188 314 1254 κᾶν
336 1189 378 1272 μὴ
402 1191 581 1278 παρεδόθη
604 1193 695 1274 αὐτῷ
718 1190 776 1257 καί
799 1193 839 1255 οὐ
861 1193 964 1274 μόνον
984 1191 1024 1257 τὸ
1040 1194 1152 1277 δρᾶμα
1179 1194 1320 1275 quamvis
1342 1196 1401 1277 ipsi
1423 1216 1484 1258 non
1507 1195 1570 1258 sint
1591 1195 1711 1270 tradita,
1734 1205 1765 1258 et
1782 1216 1844 1258 non
1859 1197 1957 1259 solum
1975 1207 2082 1260 nauta·
2177 1246 2182 1259 .

249 1307 316 1361 τῶν
338 1308 477 1380 ναυτῶν,
500 1297 587 1363 ἀλλά
608 1298 665 1362 καί
688 1309 756 1362 τῶν
778 1298 946 1385 ἐπιβατῶν
965 1304 1150 1382 ἐπιγνῶναι,
1179 1321 1247 1363 mm
1269 1302 1385 1365 factum
1408 1302 1515 1365 sedet
1537 1310 1692 1366 vectorum
1714 1312 1868 1384 praestare
1890 1303 2016 1384 (debet),
2044 1304 2082 1367 si·

248 1402 371 1479 καθὼς
393 1404 450 1469 καί
474 1408 493 1469 ό
517 1403 701 1483 πανδοχεύς
723 1417 791 1469 τῶν
813 1405 1010 1471 δδενόντιονε
1027 1445 1067 1454 -
1179 1409 1242 1470 cuti
1263 1418 1294 1471 et
1315 1430 1413 1491 caupo
1435 1409 1699 1492 perengnantium.
1875 1410 1911 1472 fr.
1929 1413 1956 1473 1.
1973 1418 1990 1488 5
2007 1415 2036 1475 8.
2053 1414 2082 1474 2.

405 1540 408 1547 ·
898 1514 933 1576 fr.
951 1517 978 1575 1.
995 1521 1011 1592 ς
1030 1520 1058 1578 8.
1075 1518 1094 1577 2
1110 1516 1150 1578 ib.

165 1625 212 1676 ια’.
312 1618 471 1696 Ἐνέγεται
504 1619 562 1684 καί
593 1620 646 1706 ἐφ’
681 1616 730 1694 οἷς
761 1625 796 1684 ἐν
828 1624 876 1702 τῷ
906 1621 1046 1703 αίγιαλη·
1079 1621 1150 1685 ύπε·
1244 1623 1377 1686 Tenetur
1404 1633 1435 1687 et
1461 1623 1499 1685 de
1525 1623 1575 1699 iis,
1602 1644 1681 1705 quae
1707 1625 1740 1685 in
1766 1624 1855 1687 litore
1881 1624 2005 1706 accepit

247 1726 380 1809 δέξατοε
396 1764 439 1774 -
1018 1728 1053 1790 fr.
1070 1733 1088 1791 3
1105 1750 1149 1811 pr.
1947 1731 1984 1794 fr.
2001 1736 2020 1795 3
2035 1754 2081 1815 pr.

187 1841 228 1903 ιζ’.
311 1832 446 1921 Ὀφείλει
471 1835 657 1918 ἀρκεῖσθαι
685 1838 726 1921 τῇ
753 1837 868 1921 άγῶγῇ
896 1838 937 1922 τῇ
961 1834 1149 1922 ἀπαιτούσῃ
1244 1836 1414 1900 Contentum
1437 1856 1502 1899 esse
1525 1836 1617 1900 debet
1639 1838 1834 1919 actioneque
1849 1837 1992 1919 simplum
2006 1841 2081 1920 peti-

247 1936 286 2003 τὸ
314 1940 442 2005 ἁπλοῦν
468 1940 488 2018 δ
517 1945 557 2028 τῇ
585 1940 775 2028 ἀπαιτούσῃ
802 1940 863 2018 τὴν
890 1939 1007 2019 ποινὴν
1038 1946 1082 2016 είς
1109 1940 1148 2006 τὸ
1176 1953 1226 2006 tur
1248 1944 1298 2007 vel
1324 1964 1362 2006 ea
1388 1964 1450 2025 qua
1480 1963 1579 2024 poena
1608 1943 1642 2005 in
1672 1944 1800 2025 duplum
1830 1946 1944 2026 petitur
1974 1955 2082 2008 contra

246 2045 423 2111 διπλάσιον
445 2048 527 2131 ὑπὲρ
550 2056 612 2112 τοῦ
633 2048 835 2135 κλέψαντοςι
853 2084 892 2096 -
987 2049 1022 2111 fr.
1040 2052 1068 2112 3.
1085 2056 1101 2127 ξ
1120 2054 1148 2112 1.
1175 2050 1280 2114 furem.
1917 2051 1953 2114 ir.
1969 2053 1999 2114 3.
2016 2057 2033 2129 ξ
2052 2054 2079 2116 1.

314 2152 384 2217 Καί
407 2157 426 2218 ό
448 2154 634 2242 ναύκληρος
656 2159 719 2233 ἐχει
743 2152 804 2233 τὴν
822 2154 895 2239 περὶ
911 2156 1034 2233 κλοπῆς
1049 2161 1094 2230 είς
1108 2154 1148 2220 τὸ
1242 2158 1285 2220 Et
1299 2158 1446 2221 exercitos
1460 2158 1609 2220 actionem
1630 2157 1668 2221 de
1687 2158 1769 2220 furto
1788 2158 1821 2219 in
1835 2158 1963 2240 duplum
1979 2158 2079 2234 habet,

246 2260 422 2325 διπλάσιον
445 2260 580 2343 άγῶγὴν
595 2264 640 2336 ῶς
654 2261 895 2344 ἐγκινδυνεύων,
919 2260 1004 2345 είμὴ
1019 2263 1148 2348 άπορός
1175 2286 1244 2327 cum
1266 2264 1436 2346 periculum
1458 2265 1582 2339 sentiet,
1609 2264 1667 2326 nisi
1690 2264 1823 2328 incertus
1846 2266 1898 2342 sit,
1925 2266 1988 2340 vel,
2014 2267 2080 2347 ipse

244 2372 335 2432 ἐστιν
350 2368 485 2446 ηαύτοῦ
497 2369 686 2456 κλέψαντος
695 2373 806 2455 ἐτερος
815 2369 1012 2456 ἐκλεηιενι-
1035 2369 1147 2452 fn4pr.
1175 2389 1245 2434 oum
1268 2372 1308 2434 sit
1329 2372 1457 2445 furatus,
1481 2371 1559 2434 ulter
1580 2370 1706 2434 iuretur.
1945 2372 1982 2435 fr.
1997 2376 2019 2435 4
2033 2394 2078 2454 pr.

164 2483 206 2549 ιη’.
310 2472 384 2539 Ἐάν
407 2472 501 2559 παρά
518 2476 707 2562 ναυκλήρου
721 2475 906 2561 ναύκληρος
929 2473 1147 2554 δπανδοχεύς
1241 2478 1275 2541 Si
1297 2479 1337 2541 ab
1359 2480 1524 2541 merciwre
1546 2477 1693 2541 exercstor
1714 2478 1764 2542 vel
1786 2499 1884 2560 caupo
1907 2499 2078 2560 acaupone

244 2578 338 2665 παρά
365 2581 556 2660 πανδοχίῶς
584 2581 796 2665 ύποδέξηται,
824 2586 968 2661 ἐνέχεται
994 2581 1052 2648 καὶ
1080 2594 1147 2647 τῶν
1174 2585 1310 2668 recipiat,
1338 2594 1458 2648 tenetur
1480 2595 1512 2648 et
1532 2585 1572 2647 de
1593 2585 1779 2648 vestimentis
1801 2594 1833 2647 et
1854 2586 1892 2648 de
1914 2585 2078 2650 cottidiano

242 2688 449 2770 ἐσθημάτων
464 2687 522 2753 καί
537 2698 599 2754 τοῦ
608 2689 841 2776 καθημερινοῦ
848 2689 1022 2773 κελλαρίοο
1032 2691 1146 2775 χάριν.
1173 2712 1299 2775 penore;
1323 2701 1443 2755 tenetur
1466 2701 1497 2754 et
1518 2692 1544 2754 si
1567 2692 1605 2753 de
1627 2691 1674 2754 his
1697 2700 1824 2755 vectura
1845 2712 1907 2754 non
1928 2692 2028 2756 datur.

242 2799 385 2873 ἐνέχεται
409 2794 474 2860 κάν
497 2797 537 2860 ού
560 2796 690 2861 δίδοται
713 2797 836 2861 ναῦλον
858 2796 938 2881 ύπέρ
962 2797 1086 2861 αύτῶνε
1104 2835 1144 2845 -
1717 2798 1753 2860 fr.
1771 2802 1802 2860 4.
1818 2805 1835 2877 5
1854 2803 1881 2862 1.
1898 2801 1928 2863 2.
1943 2800 1978 2862 fr.
1995 2803 2015 2862 5
2030 2822 2076 2882 pr.

789 2905 1145 2987 &45L2ffi6m

87 3014 135 3081 sol.
149 3021 204 3072 σε’.
308 3008 378 3074 Καὶ
405 3012 424 3072 δ
452 3010 582 3094 ρ’άπτης
608 3008 674 3095 γάρ
701 3009 759 3074 καί
791 3013 809 3072 ό
840 3006 986 3097 κναφεὺς
1015 3008 1147 3094 μισθόν
1239 3013 1283 3075 Et
1304 3021 1389 3075 sutor
1409 3013 1490 3075 enirn
1512 3022 1543 3076 ct
1564 3012 1641 3075 fullo
1661 3012 1828 3075 mercedem
1849 3034 1906 3095 pro
1921 3022 1987 3078 arte
2001 3016 2077 3078 scoi-

240 3116 319 3199 ὑπὲρ
344 3128 403 3194 της
425 3120 541 3194 τέχνης
563 3116 790 3202 λαμβάνοντος
817 3121 986 3195 ἐνέχονται
1008 3122 1050 3206 τῇ
1073 3116 1144 3204 περί
1172 3122 1289 3201 pientes
1305 3120 1425 3182 actione
1440 3119 1532 3182 locati
1546 3119 1585 3182 de
1599 3119 1738 3183 custodia
1758 3127 1908 3184 tenentur.
1953 3121 2019 3185 ἰαῦ
2029 3141 2075 3204 pr.

239 3223 441 3304 procinctae
456 3226 571 3312 άγιογῇ
587 3223 637 3288 ἐπί
653 3227 694 3310 τῇ
710 3225 951 3313 παραφυλακῃε
961 3262 1003 3273 -
1024 3226 1059 3288 fr.
1070 3231 1089 3289 5
1099 3248 1143 3309 pr.

169 3338 201 3390 ι’.
311 3327 363 3394 Τά
385 3335 538 3417 είρημένα
553 3329 625 3417 περὶ
648 3331 772 3409 κλοπῆς
793 3332 850 3396 καί
874 3329 947 3418 περὶ
966 3333 1081 3413 ζημίας
1097 3332 1147 3397 δεῖ
1237 3334 1327 3413 Quae
1348 3333 1387 3396 de
1408 3334 1489 3396 furto
1512 3333 1594 3396 dicta
1616 3341 1740 3396 suntet
1766 3333 1805 3394 de
1826 3333 1938 3397 damno
1960 3334 2075 3399 intelle

238 3446 396 3501 νοεῑνε-
981 3440 1017 3502 fr.
1033 3445 1062 3503 5.
1080 3447 1096 3518 ξ
1115 3443 1142 3502 1.
1169 3461 1239 3523 gere
1261 3449 1386 3523 oportet.
1912 3440 1948 3503 st.
1965 3444 2074 3520 5.§1.

150 3552 201 3616 ις’.
302 3545 397 3628 Ὑπὲρ
421 3548 558 3609 πάντων
584 3556 652 3609 τῶν
674 3556 806 3609 ναυτῶν
829 3548 848 3609 ό
875 3545 1060 3631 ναύκληρος
1081 3550 1142 3610 ἐνέ-
1236 3549 1296 3612 Ροτ
1317 3568 1423 3610 omnes
1438 3556 1549 3610 nautas
1567 3546 1720 3627 obligetur
1733 3547 1885 3628 magister,
1908 3548 1972 3611 sive
1986 3547 2074 3612 liberi

235 3673 341 3734 γεται,
364 3656 427 3716 εἴτε
450 3651 624 3736 ἐλεύθεροί
643 3656 735 3733 εἰσιν,
763 3656 826 3716 εἴτε
848 3652 969 3733 δοῦλοι,
992 3658 1019 3717 ci
1041 3657 1076 3717 ἐν
1094 3659 1142 3737 τῷ
1169 3656 1230 3718 sint
1252 3657 1316 3719 sive
1338 3655 1425 3730 servi,
1448 3654 1474 3716 si
1496 3654 1528 3714 in
1543 3654 1616 3717 navi
1630 3654 1745 3717 factum
1759 3663 1806 3717 est
1819 3654 1978 3730 damnum
2001 3676 2073 3719 uam

238 3759 341 3841 πλοίῳ
368 3763 500 3840 γέγονεν
527 3762 547 3836 ἡ
570 3761 683 3842 ζημία·
710 3763 738 3823 ci
764 3756 831 3843 γάρ
858 3761 920 3842 ἐξω
947 3761 1139 3842 ἐζημίωσαν,
1169 3762 1304 3824 siextra
1325 3781 1436 3825 navem
1459 3761 1604 3824 damnum
1627 3760 1772 3836 dederint
1795 3781 1857 3823 non
1878 3770 2006 3825 tenetur.

237 3867 299 3930 ούκ
321 3869 477 3945 ἐνίγοταιι
494 3904 537 3916 -
1006 3867 1042 3929 fr.
1060 3871 1078 3930 7
1095 3890 1139 3949 pr.
1939 3868 1975 3931 fr.
1993 3873 2010 3932 7
2026 3892 2072 3952 pr.

153 3981 199 4044 κζ’.
302 3971 377 4038 Ἐάν
399 3975 538 4060 προείπῃ
562 3982 632 4048 τοῖς
649 3974 824 4059 ἐπιβάταις
839 3975 988 4061 φυλάξαι
1011 3972 1056 4039 τά
1071 3974 1141 4038 ίδια
1235 3974 1269 4036 Si
1290 3975 1474 4057 praedirerit
1496 3975 1666 4039 vectoribus
1688 3975 1812 4057 propria
1825 3995 1946 4039 servare
1961 3984 1993 4039 et
2006 3997 2072 4040 sese

236 4078 294 4145 καί
312 4078 432 4145 ἐαυτὸν
446 4079 490 4164 μὴ
506 4083 731 4162 ἐπιγινώσκειν
745 4080 806 4159 τὴν
821 4082 940 4164 ζημίαν
954 4081 1012 4145 καί
1028 4104 1140 4145 συναι-
1167 4083 1312 4145 damnum
1340 4103 1400 4145 non
1428 4082 1611 4156 subiturum,
1638 4090 1832 4164 vectoresque
1858 4083 2070 4159 consenserint,

235 4191 376 4251 νίσοισιν
399 4190 432 4251 oi
453 4188 620 4273 ἐπιβάται,
644 4189 705 4252 ούκ
726 4192 885 4266 ἐνέγοταιτ
901 4224 944 4236 -
1007 4190 1042 4251 fr.
1060 4193 1077 4252 7
1094 4211 1139 4272 pr.
1167 4210 1228 4251 non
1249 4198 1378 4252 tenetur.
1937 4189 1973 4252 fr.
1991 4193 2009 4252 7
2025 4212 2070 4272 pr.

182 4303 198 4357 ¹.
301 4291 376 4358 Ἐὰν
407 4291 469 4359 ὦσι
502 4294 617 4361 πολλοί
650 4298 683 4359 οἱ
708 4294 897 4381 ναύκληροι,
928 4300 1069 4370 ἕκαστος
1099 4293 1139 4359 τὸ
1233 4296 1267 4359 ei
1293 4295 1396 4377 plures
1423 4296 1535 4360 fuerint
1560 4295 1752 4371 exordtores,
1779 4295 1989 4377 unusquisque
2014 4318 2070 4378 pro

235 4403 321 4465 ίδιον
342 4406 441 4488 μέρος
463 4403 628 4484 ἐνάγεταιι
645 4439 688 4450 -
976 4404 1013 4465 fr.
1031 4407 1058 4466 7.
1075 4410 1092 4481 5
1110 4408 1138 4466 5.
1166 4423 1222 4465 sua
1243 4403 1381 4485 portione
1402 4403 1589 4467 convenitur.
1908 4402 1943 4463 fr.
1961 4405 1989 4464 7.
2006 4409 2023 4481 5
2040 4404 2069 4469 5.

183 4519 197 4572 ‘.
302 4507 352 4573 Αί
378 4507 510 4590 άγιογαλ
537 4509 629 4591 αύτῷ
661 4509 817 4586 διηνεκῶς
847 4510 1066 4595 άρμόζουσιν,
1099 4511 1139 4573 ού
1234 4510 1381 4574 Actiones
1404 4512 1433 4573 ei
1454 4511 1487 4572 in
1509 4520 1689 4593 perpetuum
1711 4518 1899 4591 competunt3
1922 4530 1984 4572 nou
1997 4531 2068 4573 vero

234 4615 298 4698 μὴν
324 4615 381 4680 καί
403 4613 494 4680 κατά
516 4616 743 4701 κληρονόμον·
771 4612 856 4679 ὅθεν
883 4621 909 4678 εί
933 4615 1050 4690 δοῦλος
1076 4617 1197 4700 ige-,et
1218 4626 1325 4680 contra
1346 4617 1483 4692 heredes3
1511 4617 1592 4680 unde
1619 4617 1645 4679 si
1667 4636 1772 4679 servus
1799 4617 1933 4680 exacuit
1959 4637 2068 4680 navem

234 4722 375 4806 γύμναζε
394 4725 510 4788 πλοῖον
524 4722 581 4787 καί
597 4723 779 4803 enecasse,
803 4723 873 4787 οὐδ’
893 4728 970 4786 είσω
986 4716 1195 4801 ἐνιαυτοῦλοε
1225 4732 1361 4787 mortuus
1393 4735 1451 4800 est,
1482 4744 1521 4787 ne
1551 4725 1632 4787 intra
1662 4743 1779 4786 annum
1809 4724 1931 4805 quidem
1962 4733 2070 4786 contra

232 4828 323 4894 κατὰ
354 4840 416 4894 τοῦ
447 4830 611 4894 δεσπότου
642 4832 776 4915 άρμόζει
808 4832 828 4906 ἡ
861 4827 933 4915 περὶ
965 4830 1138 4894 ποκουλιόυ
1165 4831 1321 4894 dominum
1344 4832 1488 4913 competit
1509 4832 1589 4894 actio
1612 4831 1650 4893 de
1671 4829 1798 4913 pecrssio.
1905 4829 1941 4891 fr.
1959 4833 1986 4892 7.
2004 4837 2020 4908 ξ
2039 4836 2067 4893 6.

233 4938 360 5019 άγωγύε
377 4975 420 4985 -
972 4938 1008 4999 fr.
1027 4941 1053 4999 7.
1071 4945 1088 5015 §
1106 4942 1135 5001 6.

299 5040 380 5109 Ἀπὸ
403 5054 471 5107 τῶν
494 5043 780 5127 συναλλαγμάτων
798 5055 866 5108 τῶν
880 5055 1011 5108 ναυτῶν
1027 5047 1046 5108 ό
1061 5045 1136 5108 ναύ-
1230 5044 1361 5126 Propter
1391 5056 1554 5108 nautarum
1585 5052 1759 5109 contractus
1795 5064 1857 5107 non
1889 5046 2068 5108 convenitur

231 5151 353 5234 κληρος
376 5152 438 5214 ούκ
459 5150 620 5232 ἐνάγεται,
644 5148 711 5216 άπὸ
735 5151 769 5215 δέ
792 5161 860 5215 τῶν
886 5152 1136 5236 ἁμαρτημάτων
1163 5152 1318 5227 exercstor,
1345 5151 1400 5214 sed
1422 5172 1461 5214 ex
1483 5151 1600 5215 delictis
1622 5172 1727 5215 eorum
1748 5151 1940 5225 convenitur;
1967 5153 2067 5233 provi·
2115 5136 2117 5139 ⁵

232 5259 343 5322 αύτῶν
358 5258 518 5339 ἐνάγεται.
548 5268 701 5344 προνοεῖν
709 5256 776 5343 γάρ
787 5259 909 5347 ὀφείλει
920 5267 981 5322 τοῦ
986 5257 1136 5343 χηρεύειν
1162 5258 1234 5321 dere
1256 5258 1336 5322 enim
1359 5259 1449 5323 debet
1471 5268 1506 5320 ut
1528 5268 1651 5322 careant
1668 5259 1738 5321 dolo
1753 5268 1785 5322 et
1799 5257 1988 5338 neglegentia
2002 5258 2066 5321 sive

231 5362 353 5439 αύτούς
375 5364 476 5428 δόλου
498 5363 555 5428 καί
578 5364 753 5448 ῥαάυμιάς
776 5366 850 5442 ἤτοι
873 5366 1004 5439 κακίας;
1022 5362 1084 5413 —¹
1162 5365 1287 5427 malitia
1703 5364 1739 5426 fr.
1758 5368 1785 5427 1.
1802 5371 1818 5441 ξ
1837 5369 1865 5427 2.
1880 5363 1951 5445 Dig.
1970 5367 2019 5440 14,
2038 5367 2065 5428 1.

734 5472 770 5533 e.
789 5471 1088 5553 1.§2.Dig.XIV,
1107 5476 1133 5535 1.

294 5578 327 5644 Ὁ
355 5579 629 5664 προστησάμενος
656 5576 716 5642 τὸν
744 5574 899 5641 πιστικόν
926 5588 987 5642 τοῦ
1018 5579 1134 5642 πλοίου
1228 5578 1292 5657 Qui
1305 5581 1482 5662 praeposuit
1493 5581 1581 5643 navis
1594 5581 1772 5660 magistrum
1782 5579 1960 5642 convenitur
1968 5577 2065 5641 veluti

230 5686 391 5766 ἐνάγεται,
414 5682 519 5769 ὥςπερ
543 5688 562 5749 ό
586 5686 781 5768 προπάσας
803 5683 1017 5770 πρωτεύοντα
1038 5690 1133 5769 ἐργα-
1161 5687 1213 5767 qui
1231 5688 1411 5768 praeposuit
1423 5687 1609 5769 praefectum
1624 5687 1762 5750 officinae
1777 5685 1826 5749 vsl
1841 5685 2063 5765 negotiationis.

231 5792 370 5877 στηριόυ
392 5792 412 5869 η
436 5793 677 5878 πραγματείαςε
694 5789 757 5838 -2
1001 5792 1036 5854 fr.
1054 5797 1069 5855 1
1089 5815 1132 5874 pr.
1794 5862 1802 5873 ,
1929 5791 1965 5855 fr.
1984 5795 2000 5852 1
2017 5814 2062 5874 pr.

1144 5852 1147 5971 Ι

301 6021 414 6078 1ιιιιιιι
432 6022 498 6093 syn.
572 6021 686 6077 =usoc
703 6019 770 6093 eyn.
1144 5996 1147 6091 i

289 6118 357 6161 Buss.
381 6120 405 6162 Τ.
416 6120 467 6161 VII.
