4842 7018
437 1264 567 1327 ΒΙΒΛΙΟΝ
587 1265 651 1333 ΝΡ,
669 1265 788 1320 ΤΙΤΛΟ(
807 1267 838 1323 λ’
1364 1266 1480 1327 LIBER
1496 1265 1561 1335 LV,
1578 1265 1746 1324 TITULUS
1763 1266 1778 1320 1

290 1391 352 1462 περὶ
369 1382 496 1463 ηοὼρηῶν
513 1387 711 1463 ἐναποχράφον
730 1393 775 1443 καὶ
790 1392 947 1461 μισθωτῶν.
1322 1391 1357 1447 de
1376 1390 1504 1463 agricolis
1523 1392 1636 1446 comitia
1654 1396 1683 1446 et
1700 1390 1813 1445 colonie.

121 1520 154 1574 α’.
254 1512 287 1579 Ὁ
308 1511 453 1598 χιονρχός
476 1514 720 1598 ἀσχολούμενος
748 1513 820 1596 περὶ
843 1514 904 1593 τὴν
928 1515 1091 1597 συλλογὴν
1185 1517 1330 1599 Agn'oola
1352 1538 1464 1579 vacans
1487 1518 1567 1580 circa
1589 1517 1796 1579 collectionem
1818 1516 1972 1579 fructuum
1990 1527 2021 1579 et

190 1630 257 1684 τῶν
278 1632 417 1705 καρπῶν
439 1621 459 1699 ἢ
482 1621 554 1706 περὶ
573 1618 751 1704 λογισμοὺς
765 1621 808 1703 μὴ
825 1622 1028 1710 doemonio]
1048 1626 1091 1697 εἰς
1118 1626 1200 1687 circa
1225 1624 1357 1686 rationes
1384 1644 1445 1685 non
1471 1633 1615 1688 avocetur
1641 1623 1680 1685 ad
1708 1644 1833 1685 munera
1855 1624 2020 1687 extraordi-

191 1729 431 1791 extraordinaria
444 1727 544 1813 βάρη,
560 1727 668 1807 ἐπειδὴ
678 1730 869 1810 ἀναγκαίως
883 1729 1089 1807 ησχόλητοιι.Ι
1119 1732 1212 1806 nana,
1235 1731 1377 1811 quoniam
1400 1733 1569 1792 necessario
1592 1731 1722 1793 vacavit.
1764 1751 1788 1792 c
1808 1734 1834 1792 1.
1850 1731 1883 1793 Ο.
1902 1733 1951 1805 11,
1967 1733 2019 1793 48.

829 1858 854 1898 ο.
873 1841 899 1899 1.
915 1837 948 1899 0.
964 1837 1023 1911 XI,
1040 1841 1091 1900 49.

119 1947 153 2015 μ’.
254 1939 287 2006 Ὁ
300 1942 497 2024 πιπράσκων
511 1941 746 2027 ἢδωρούμννος
756 1944 884 2023 χωρίον
898 1943 937 2007 οὐ
951 1934 1089 2006 δύνηται
1185 1945 1248 2022 Qui
1284 1944 1390 2006 vendit
1426 1954 1481 2005 aut
1511 1945 1605 2006 donat
1639 1944 1796 2024 praedium
1827 1964 1888 2006 non
1920 1954 2021 2025 potest

190 2044 267 2123 τοὺς
289 2046 454 2133 γεωργοὺς
469 2052 713 2130 ποροκυτέχων
728 2048 877 2126 ἀλλαχοῦ
894 2052 1090 2131 μετενέγκοι,
1119 2050 1266 2131 agricolae
1289 2050 1422 2112 retinens
1445 2050 1506 2112 alio
1527 2051 1703 2126 mancione,
1726 2061 1871 2132 tanquam
1893 2071 1933 2112 ex
1951 2071 2020 2112 con·

190 2156 234 2228 cic
260 2152 328 2227 ἀπὸ
356 2156 545 2241 συμφώνου.
595 2156 615 2217 ὁ
642 2153 708 2239 γάρ
737 2156 921 2238 χρησίμους
952 2156 1092 2237 νομίζων
1118 2166 1223 2229 vento;
1259 2177 1331 2218 nam
1362 2157 1414 2237 qui
1445 2156 1534 2219 utiles
1567 2167 1656 2237 putat
1690 2177 1741 2219 eoa
1773 2176 1838 2218 eoae
1869 2156 1920 2218 vel
1951 2177 2019 2217 cnm

189 2256 311 2335 αὐτοὺς
333 2256 416 2325 οἶνοι
440 2259 459 2338 λ
481 2258 564 2343 μετὰ
587 2269 649 2325 τοῦ
668 2261 797 2345 χωρίου
819 2263 948 2339 κατέχοι
970 2259 1091 2335 οὑτοι),1
1118 2263 1240 2343 praedio
1262 2263 1371 2325 retinet
1392 2262 1461 2324 illos
1482 2262 1532 2324 vel
1554 2283 1625 2325 cum
1647 2284 1682 2326 eo
1697 2263 1803 2325 vendit
1824 2261 1901 2324 illoc.
1947 2284 1972 2325 c.
1989 2264 2018 2324 2.

189 2366 209 2443 λ
232 2369 543 2450 συμπριπροέσνοτυι
567 2367 701 2442 corceio:
721 2405 760 2416 —
974 2389 999 2429 c.
1016 2372 1034 2429 2
1051 2368 1090 2430 ib.

138 2478 154 2532 ¹.
259 2469 299 2537 01
321 2472 479 2537 δυσπότου
499 2483 566 2537 τῶν
585 2474 721 2557 χωρίων
742 2469 821 2548 τοὺς
836 2473 870 2556 ἐξ
885 2474 996 2541 αὐτῶν
1010 2495 1090 2554 κυρ-
1184 2475 1308 2536 Domini
1330 2475 1521 2556 praediorum
1546 2495 1584 2537 ex
1607 2475 1651 2537 eie
1671 2475 1788 2537 fructus
1806 2475 1936 2555 capiant,
1959 2495 2020 2536 non

190 2575 271 2654 ποὺς
286 2578 561 2665 λαμβανέτωσαν·
571 2581 612 2643 οὐ
625 2579 689 2662 μὴν
704 2580 864 2665 χρηματα
879 2581 1090 2660 ζητείτωσαν,
1118 2601 1189 2644 vero
1217 2582 1361 2662 pecunias
1388 2591 1548 2662 quaerant,
1580 2583 1639 2644 nisi
1669 2581 1746 2644 forte
1772 2580 2019 2644 consuetudinem

189 2689 216 2749 ol
229 2684 274 2762 μὴ
291 2687 360 2770 ἄρα
370 2686 555 2764 συνήθειαν
570 2689 627 2773 ἔχη
643 2682 682 2750 τὸ
695 2685 971 2771 χωριόνὸιδόνοι.
995 2687 1090 2750 σδὶο.
1119 2686 1259 2749 habuerit
1280 2689 1437 2768 praedium
1461 2688 1550 2769 [illud
1573 2688 1731 2772 pecuniae]
1753 2689 1834 2750 dare.
1948 2708 1974 2749 c.
1990 2692 2019 2750 5.

263 2898 272 2929 ¹
290 2895 423 2961 Similiter
440 2895 506 2968 Syn
526 2897 561 2955 ci.
581 2897 676 2954 Ouiae.
696 2896 801 2953 Oomm.
821 2897 856 2953 ad
874 2896 943 2954 (ioci
962 2900 991 2953 in
1010 2898 1036 2953 h.
1054 2897 1072 2951 i.

251 6085 317 6127 aaut
341 6087 366 6127 T.
380 6087 429 6127 vn.
