4978 7018
765 483 924 551 INDEX
946 483 1022 549 ΙΙΙι
1044 483 1179 551 nom.
1225 484 1379 551 LIBER
1401 482 1702 551 XXXI-XXXV.

2 700 79 765 ³2²1·

171 776 221 844 sot.
234 781 285 831 ου.
522 774 650 840 ΠΙΝΑΞ
673 773 756 840 ΤΟΥ
780 775 800 838 Γ
823 773 1022 840 ΤΕΥΧΟΥΕ.
1515 772 1660 836 INDEX
1682 771 1744 835 111¹
1766 773 1884 837 TOMI.

667 984 797 1038 ΒΙΒΛΙΟΝ
816 984 877 1038 ΛΝ.
1579 982 1695 1039 LIBER
1711 984 1820 1040 XXXI.

214 1135 236 1169 τ.
249 1116 284 1169 α’.
389 1110 461 1196 πορί
484 1109 613 1174 τούτων
628 1108 745 1184 οἵτινες
760 1108 847 1173 ἰδιόυ
862 1108 882 1187 ή
897 1108 1076 1194 ἀλλοτρίου
1091 1107 1223 1173 δικαίου
1315 1109 1354 1170 de
1376 1109 1412 1172 iis
1435 1111 1487 1190 qui
1510 1111 1557 1172 sui
1578 1110 1628 1174 vel
1651 1111 1742 1173 alieni
1763 1111 1838 1174 iuris
1861 1121 1940 1175 sunt
2186 1122 2205 1172 ἰ.
2220 1123 2243 1173 1.

321 1218 411 1281 stolo.

214 1379 282 1453 ιβ.
386 1338 410 1442 π
433 1387 492 1454 τῆς
515 1376 712 1465 ὀφειλούσης
727 1386 798 1451 τοῖς
813 1386 964 1458 γονεῦσιν
979 1424 987 1438 .
1004 1424 1012 1440 .
1029 1423 1036 1439 .
1053 1376 1222 1457 ὑποταγῆς
1315 1376 1353 1439 de
1375 1376 1476 1440 debito
1499 1376 1676 1459 parentibus
1697 1377 1842 1460 obsequio
1869 1427 1877 1442 .
1900 1426 1907 1440 .
1935 1388 1966 1442 et
1992 1380 2030 1443 de
2051 1383 2151 1461 patn'a
2186 1391 2205 1440 t.
2218 1390 2243 1440 2.

318 1499 409 1603 καίήι
425 1549 587 1624 πατρικῆς
602 1538 754 1621 ἐξουσίας
763 1537 820 1601 καί
830 1536 903 1623 πυρί
913 1535 1042 1602 παίδων
1050 1538 1222 1601 ἄποκαθι-
1248 1491 1369 1652 Em:
1389 1483 1604 1653 {tludixlllnbffi
1626 1484 1803 1547 “bibendis
1825 1485 1875 1548 vel
1893 1486 2038 1549 ducendis
2060 1496 2092 1550 et
2113 1488 2151 1550 de

319 1701 491 1781 σταμίνων
513 1700 585 1776 ήτοι
607 1701 922 1784 χιιραγωγουμίνων
943 1696 1000 1762 καί
1017 1657 1039 1762 d
1056 1700 1222 1780 ὀνόματος

319 1802 438 1880 παιδὸς
461 1805 792 1887 ἀποκαθισταμὲνου.

1 2016 19 2028 ,.
48 2000 81 2041 -:;.
212 1988 234 2021 τ·
247 1968 281 2041 os·
385 1925 408 2030 ήι
439 1966 736 2049 αὐτοξουσιότητος
772 1963 901 2029 παίδοιν
935 1964 993 2029 καί
1026 1966 1222 2048 οἰχαρίστων
1315 1963 1353 2025 de
1376 1964 1616 2044 emancipatione
1637 1963 1798 2026 liberorum
1817 1974 1849 2027 et
1870 1966 1909 2028 de
1927 1967 2054 2048 ingratis
2078 1967 2150 2030 libe
2186 1976 2204 2026 t.
2217 1976 2242 2027 3.

319 2071 540 2150 παίδωνή..
1248 2069 1455 2133 risvel...

212 2201 233 2235 τ.
248 2179 280 2239 δ’.
384 2179 492 2252 ποίοις
516 2181 653 2264 τρόποις
676 2177 716 2243 τὸ
739 2178 935 2262 ὑπιξοήσιον
958 2178 1136 2243 διαλύεται.
1314 2175 1425 2256 quibus
1449 2178 1545 2239 modis
1568 2178 1615 2240 ius
1637 2179 1795 2259 potestatis
1817 2180 1953 2244 solvitur.
2186 2190 2243 2240 tt.

216 2361 237 2395 τ.
250 2342 281 2395 ι’.
384 2298 795 2421 πδιαγινωσκομίνωνκαί
806 2342 1084 2426 διατρεφομένων
1093 2338 1221 2403 παίδων
1313 2337 1351 2399 de
1366 2336 1565 2418 agnosoendis
1587 2347 1618 2400 et
1632 2337 1748 2401 olendis
1763 2338 1865 2402 libetis
1879 2341 1930 2405 vel
1950 2342 2086 2423 patronis
2101 2342 2150 2406 vel
2186 2349 2204 2399 t.
2217 2351 2242 2400 o.

318 2442 338 2521 ή
361 2447 546 2530 πατρώνων
568 2444 588 2523 ή
611 2445 852 2530 ἀπελευθέρων.
1247 2442 1371 2505 libertis.

663 2603 794 2657 ΒΙΒΛΙΟΝ
813 2603 874 2657 ΛΒ’.
1570 2602 1687 2658 LIBER
1704 2602 1827 2658 XXXII.

211 2743 232 2777 ι.
246 2723 281 2776 α’.
384 2671 489 2775 πτων
503 2715 539 2775 ἰκ
554 2712 673 2775 νόθων
687 2712 1022 2794 γενομένωνγνησίων
1035 2711 1093 2775 καί
1103 2712 1222 2777 νόθων
1315 2710 1353 2773 de
1375 2711 1412 2772 iis
1435 2711 1489 2791 qui
1516 2731 1554 2773 ex
1582 2712 1773 2774 naturalibus
1800 2713 1922 2792 ingenui
1948 2713 2025 2775 fiunt
2045 2723 2076 2777 et
2097 2735 2150 2777 na·
2186 2731 2205 2782 ἰ.
2219 2732 2241 2781 1.

317 2816 446 2880 παίδων
467 2816 524 2881 καί
548 2819 734 2882 παλλακῶν.
1248 2816 1398 2879 turalibus
1420 2816 1523 2880 liberis
1544 2828 1576 2881 et
1597 2818 1781 2881 concubinis.

211 3000 233 3035 ι.
246 2979 279 3053 β.
384 2937 488 3041 πτων
497 2979 616 3041 νόθων
625 2978 865 3042 τωνίκνόθων
877 2979 1023 3059 γνησίων
1032 2981 1220 3061 γινομένων.
1315 2977 1353 3038 de
1375 2977 1565 3040 naturalibus
1588 2978 1725 3060 ingenuis
1746 2978 1843 3040 faotis
2186 2990 2204 3041 ἰ.
2218 2990 2243 3040 2.

671 3136 802 3190 ΒΙΒΛΙΟΝ
821 3137 878 3191 ΑΡ.
1561 3134 1676 3190 LIBER
1693 3135 1832 3190 XXXIII.

9 3206 41 3243 θ’
213 3267 232 3301 τ.
245 3248 281 3300 α’.
384 3202 407 3306 It
431 3243 622 3306 υίοθισιων.
1146 3236 1152 3249 ’
1309 3244 1347 3305 de
1369 3243 1591 3324 adoptionibus.
2185 3257 2204 3306 t.
2219 3257 2242 3306 1.

212 3427 232 3460 ι.
246 3407 280 3477 β.
384 3362 555 3479 πνηπίων
570 3405 790 3486 ἐκτιθεμένων
809 3404 994 3489 ἐλευθέρων
1016 3403 1073 3468 καί
1094 3404 1222 3468 δούλων
1306 3403 1344 3466 de
1371 3403 1538 3466 infantibus
1565 3405 1710 3485 expositis
1738 3404 1841 3467 liberis
1868 3415 1899 3467 et
1926 3408 2022 3470 servis
2053 3416 2085 3469 et
2111 3408 2149 3469 de
2186 3415 2204 3466 ἰ.
2217 3416 2241 3465 2.

402 3522 414 3549 ⁸
581 3559 589 3583 ,
642 3565 649 3586 η
714 3565 722 3585 ,
965 3565 973 3587 ,
1248 3510 1285 3572 iis
1317 3510 1370 3591 qui
1401 3510 1648 3591 sanguinolentos
1678 3520 1784 3574 emunt
1809 3512 1858 3574 vel
1884 3512 1924 3574 ad
1956 3513 2149 3575 nutriendum

317 3561 373 3626 καί
397 3584 420 3626 π
443 3573 511 3626 τῶν
533 3585 611 3637 τους
635 3585 800 3651 υφαιμους
815 3566 1062 3648 αγορασαντων
1084 3564 1165 3642 ήιίς
1181 3562 1220 3629 τὸ
1320 3617 1326 3632 .

319 3669 452 3755 θρέψαι
477 3671 670 3757 εἰληφότωμ,
1249 3616 1425 3698 susalpiunt,

660 3829 790 3883 οιολιοιι
809 3829 874 3882 λυ.
1562 3827 1678 3884 nfflnn
1694 3827 1830 3905 xxxiv.

1 4026 12 4063 ξ
210 3961 231 3995 τ.
244 3941 280 3995 α’.
382 3895 424 3999 ί]
441 3935 659 4022 ὑποστροφῆς
682 3936 910 4018 αἰχμαλώτων.
1313 3936 1351 3997 de
1373 3936 1472 3998 reditu
1493 3937 1690 4018 captivorum.
2185 3948 2203 3999 t.
2218 3950 2241 3999 1.

211 4121 232 4154 ι.
245 4099 279 4172 ῥ’.
383 4055 489 4159 ήιτῶν
503 4095 786 4182 ὑποστρεφόντων
799 4095 867 4161 ἀπὸ
882 4098 1112 4179 αἰχμαλωσίας
1127 4098 1147 4176 ή
1162 4097 1218 4162 καί
1313 4096 1352 4157 de
1366 4095 1855 4179 redeuntibusexosptivitatovel
1869 4098 1960 4160 etiam
1976 4099 2147 4179 redemptis.
2184 4109 2202 4159 ἰ.
2216 4109 2240 4159 2.

316 4204 581 4287 ἀγοραζομένων.

665 4344 795 4398 ΒΙΒΛΙΟΝ
815 4344 873 4398 ΛΕ’.
1570 4342 1685 4399 LIBER
1702 4343 1823 4400 XXXV.

211 4485 231 4519 t.
244 4465 279 4519 α’.
341 4544 346 4553 .
383 4411 598 4528 πδιαθήκης
619 4450 676 4515 καί
699 4452 911 4516 κωδικὲλλων.
1313 4452 1351 4512 de
1374 4460 1554 4513 testamento
1577 4460 1608 4514 et
1629 4452 1784 4515 oodioillis.
2184 4474 2202 4523 ι,
2218 4476 2240 4524 ι,

212 4645 232 4678 ι.
246 4624 279 4695 ῥ’.
383 4571 406 4675 It
437 4610 606 4688 διαθήκης
637 4609 694 4674 καί
727 4613 809 4693 ποίῳ
842 4613 955 4696 τρόπῳ
983 4614 1020 4675 αί
1052 4612 1217 4689 διαθῆκαι
1311 4611 1350 4673 de
1372 4620 1552 4674 testamento
1574 4620 1605 4673 et
1626 4613 1775 4693 quomodo
1797 4621 1978 4677 testamenta
2000 4614 2082 4676 flant
2184 4634 2201 4684 ι,
2215 4634 2239 4685 2,

318 4719 545 4781 συνίστανται.

210 4849 232 4882 τ.
245 4828 279 4902 η’.
384 4825 468 4897 τίνις
483 4822 654 4901 διαθήκην
670 4834 774 4888 ποιεῖν
789 4823 947 4888 δύνανται
965 4823 1034 4901 dod
1049 4824 1218 4889 δύνανται.
1311 4826 1364 4905 qui
1386 4834 1567 4888 testamenta
1588 4826 1685 4889 faeere
1706 4836 1834 4908 possunt
1855 4827 1905 4889 vel
1928 4847 1990 4888 non
2011 4837 2145 4909 possunt
2183 4836 2201 4887 ἰ.
2215 4838 2239 4888 3.

164 4917 279 5051 Μιωί(
383 4986 442 5047 sos
463 5006 514 5058 τις
537 4981 614 5047 τινὰ
637 4984 830 5048 διαθέσθαι
850 4984 974 5070 κολύση
998 4983 1218 5071 ήάναγκοίση.
1312 4983 1338 5046 si
1361 4986 1429 5065 quis
1452 5006 1542 5066 quem
1565 4987 1671 5048 testari
1693 4985 1851 5067 prohibeat
1872 4985 1921 5050 vel
1943 4996 2039 5067 eogat
2183 5006 2200 5056 ι,
2213 5006 2239 5056 ι,

214 5178 236 5212 ι.
249 5158 280 5212 ε’.
384 5103 609 5219 ίιδιαθηκῶν
631 5145 890 5226 παραστάσοωνε
918 5182 960 5192 -
1311 5144 1350 5205 de
1372 5145 1562 5207 testamentis
1584 5145 1769 5207 exhibendis.
2133 5116 2135 5120 Ι
2182 5165 2201 5215 ι.
2214 5165 2238 5215 o,

209 5285 232 5319 ι.
245 5265 279 5330 gs.
382 5249 433 5314 Αἱ
455 5249 620 5326 διαθῆκαι
644 5247 734 5313 κατὰ
756 5259 853 5314 ποῖον
879 5254 1007 5334 τρόπον
1024 5250 1217 5331 ἀνοίγονται
1311 5251 1471 5329 Quomodo
1493 5260 1673 5314 testamenta
1695 5253 1871 5334 aperiuntur
1893 5254 2095 5335 inspiciuntur
2116 5264 2147 5316 et
2182 5271 2200 5321 ἰ.
2214 5273 2239 5323 θ.

315 5355 372 5420 καί
398 5357 609 5441 θεωροῦνται
632 5355 689 5420 καί
711 5358 997 5445 μοταγροίφονται.
1244 5357 1463 5420 deseribuntur.

215 5561 236 5595 τ,
250 5541 279 5604 ζ,
383 5477 497 5581 λιτῶν
523 5520 558 5580 ἰν
584 5516 735 5603 διαθήκη
759 5521 979 5602 χαραγίντων
1007 5516 1027 5595 ή
1051 5516 1218 5601 πορικλου-
1311 5518 1349 5580 de
1375 5518 1412 5580 iis
1439 5539 1518 5599 quae
1544 5520 1576 5580 in
1602 5527 1782 5582 testamento
1809 5519 1955 5594 delentur,
1982 5521 2032 5583 vel
2058 5522 2145 5583 Indu·
2181 5548 2199 5598 η,
2213 5547 2238 5599 η,

315 5622 509 5708 βισθέντων
532 5622 551 5700 ή
574 5623 865 5711 απαλσιφθίντων.
1245 5633 1356 5687 cuntur
1377 5624 1427 5687 vel
1448 5624 1662 5689 oanoellantur.

212 5827 233 5860 1,
246 5808 279 5875 o'·
382 5744 405 5847 π
428 5785 707 5868 κυοφορουμένων
730 5783 858 5847 παίδων
875 5782 1089 5868 κληρονόμων
1104 5787 1218 5845 ἰνστα-
1311 5785 1350 5846 de
1372 5785 1519 5865 possumis
1543 5784 1702 5846 heredibus
1725 5785 1869 5847 institutis
1890 5785 1938 5849 vel
1957 5786 2145 5849 exheredatis
2180 5815 2198 5865 η,
2212 5815 2237 5864 8.

317 5889 449 5953 θέντων
472 5889 491 5966 I>
514 5890 713 5974 ἀποκλήρου
736 5889 755 5966 i>
775 5889 1029 5972 αμνημονιύτων
1048 5890 1220 5952 ὲαθέντων
1238 5890 1287 5954 vel
1310 5891 1481 5971 praetem'tIs
1504 5892 1536 5952 in
1558 5900 1749 5955 testamento.

317 6000 351 6058 ἰν
374 5995 534 6083 διαθήκη.
