4680 7114
448 460 515 525 228
583 456 831 525 COLLATIO
854 456 997 523 LIBRI
1019 456 1334 525 AMBROSIANI
1357 456 1456 524 CUM
1478 456 1724 523 EDITIONE
1746 455 2134 524 HEIMBAOHIANA

565 638 728 703 δεσπότου
748 669 780 693 --
802 638 831 702 δ.
855 647 916 703 τοῦ
938 640 1045 723 ἀγροῦ
1067 641 1105 703 A.
1557 638 1648 703 λεται
1664 640 1683 701 ὁ
1698 638 1902 724 κληρονόμος
1917 636 2045 702 διδόναι
2061 643 2105 719 τῷ
2117 637 2221 721 μηδικ-

565 742 856 830 ίιπερθεματισμδν
877 776 908 800 --
930 741 1177 831 ὑπερθετισμδν
1199 746 1238 809 A.
1557 749 1642 830 μένῳ
1657 745 1771 831 λαβεῖν
1791 776 1822 800 =
1844 747 1969 808 tacitum
1987 756 2036 809 out
2049 746 2080 807 id
2093 749 2221 828 quodhuu

563 854 583 930 ί)
615 850 677 917 ὑπὸ
710 851 791 938 ὅρον
817 883 849 908 =
875 853 894 931 ί)
925 855 1168 939 κομμισσόριον
1199 850 1280 935 ὅρον
1310 853 1349 915 A.
1557 854 1717 935 pollioetur
1738 855 1774 929 εἰ,
1797 853 1850 934 qui
1872 874 1980 934 capere
2001 874 2064 915 non
2085 864 2172 934 pom

605 961 745 1043 (optime).
1376 981 1401 1022 ω.
1442 960 1483 1023 98
1515 957 1577 1045 (οξ
1600 956 1661 1045 A).
1683 955 1758 1024 Ἐάν
1778 989 1810 1013 --
1832 957 1901 1022 Καί
1924 956 1982 1024 ἐάν
2003 960 2043 1022 A.

449 1089 473 1130 ο.
490 1070 533 1130 40
565 1066 609 1154 (in
632 1069 671 1130 A.
695 1066 776 1153 λθ).
808 1066 869 1144 τὴν
901 1069 1113 1130 ἀπαιτοῦσαν
1145 1065 1205 1144 τὴν
1234 1067 1282 1130 κλ
1311 1096 1343 1120 =
1513 1075 2004 1152 κρατεῖταιε-παρακρατεῖται
2021 1067 2061 1129 A.
2091 1090 2113 1131 ο.
2128 1072 2160 1130 90
2172 1070 2221 1156 (οξ)

606 1173 667 1252 τὴν
693 1185 751 1251 της
778 1173 998 1257 κληρονομίας
1026 1171 1233 1258 διαιρητικίην
1264 1175 1348 1254 ἀνω·
1376 1194 1401 1235 ο.
1421 1175 1481 1236 101
1515 1171 1589 1259 (σθ’
1603 1170 1664 1255 A).
1688 1171 1771 1256 μετά
1793 1169 1838 1238 τά
1857 1177 1942 1258 χρέα
1962 1203 1996 1228 =
2017 1172 2098 1255 μετά
2113 1180 2200 1260 χρλ

606 1279 668 1362 γίην
690 1282 729 1344 A
767 1304 793 1343 c.
808 1286 849 1345 41
867 1279 935 1368 (μ).
980 1303 1004 1344 ο.
1022 1286 1072 1344 42.
1375 1301 1400 1342 ο.
1420 1282 1481 1342 102
1515 1277 1560 1365 (τί
1576 1280 1635 1361 A).
1666 1283 1709 1355 ὡς
1737 1278 1804 1345 ἀπὸ
1832 1281 2133 1355 ἀποκαταστάσεως
2155 1290 2223 1358 :A

448 1409 472 1450 c.
489 1391 541 1450 46.
567 1390 630 1465 §L
659 1390 734 1452 οὔτε
766 1390 785 1451 δ
818 1386 862 1451 δι’
896 1388 1204 1461 ἀποκαταστάσεως
1235 1387 1349 1472 λαβών
1557 1385 1624 1451 ἀπὸ
1647 1386 1923 1474 φειδικομμίσσου
1945 1389 1985 1450 A.

607 1518 638 1558 τι
660 1525 692 1548 =
714 1496 789 1558 οὔτε
805 1493 1137 1581 φιδεικομμισσάριος
1151 1500 1190 1558 A
1210 1492 1275 1580 (qui
1291 1504 1346 1557 art.
1509 1490 1547 1557 τὸ
1576 1491 1643 1557 ἀπὸ
1671 1504 1729 1571 της
1756 1495 2066 1569 ἀποκαταστάσεως
2085 1525 2114 1548 =
2137 1495 2167 1559 τί
2183 1498 2222 1561 ἀτί

605 1611 635 1665 et
657 1611 729 1664 ante
752 1602 821 1682 ληγ.
846 1598 980 1687 omittit).
1025 1623 1050 1664 ο.
1068 1606 1119 1664 49.
1557 1600 1833 1687 φειδικομμίσσου
1854 1602 1895 1663 A.

448 1729 473 1771 ο.
497 1710 548 1770 50.
572 1710 685 1793 τρόπῳ
705 1709 1042 1793 παρακατασχεθῶσι
1064 1738 1095 1762 =
1117 1731 1167 1793 τρ.
1182 1706 1225 1790 μί)
1242 1728 1347 1793 παρα·
1511 1706 1674 1791 κατέβαλε
1694 1738 1726 1762 =
1746 1708 1994 1793 καταβάλλεται
2019 1698 2059 1772 A

470 1844 474 1853 ·
606 1816 759 1893 σχεθῶσι
782 1816 821 1876 A.
1375 1835 1400 1877 ο.
1420 1814 1481 1876 104
1512 1812 1581 1901 (πβ
1595 1813 1657 1899 A).
1682 1819 1730 1897 τῷ
1752 1815 1934 1900 ἀξιωθέντι
1958 1826 2017 1891 τῆς
2040 1817 2222 1882 άπεκοιτασιίΙ

448 1942 473 1985 c.
490 1926 540 1984 55.
566 1928 582 1999 5
601 1927 629 1985 3.
654 1923 868 2004 ἐλευθερώσω
889 1952 921 1975 =
944 1943 1051 1995 -σας
1073 1923 1111 1983 A.
1557 1942 1637 1995 σεως
1658 1951 1690 1975 --
1711 1925 1759 2003 τῷ
1782 1922 2103 2009 φειδικομμισσαρίῳ
2121 1925 2154 1987 A

447 2050 471 2091 ο.
489 2033 529 2090 56
561 2026 649 2115 (μη).
674 2029 939 2115 ἀποκαταστήσῃ
960 2059 992 2082 --
1014 2050 1118 2114 -σης
1141 2029 1179 2091 A.
1375 2049 1399 2091 c.
1418 2030 1480 2089 105
1504 2026 1570 2114 (117'
1585 2025 1647 2114 A).
1673 2030 1786 2113 ἀρκεῖν
1808 2029 1892 2115 αὐτῇ
1913 2059 1945 2083 =
1970 2031 2002 2092 ἀ
2027 2028 2125 2107 αὐτὴν
2142 2032 2171 2092 A

446 2157 471 2198 ο.
489 2139 529 2197 57
563 2133 661 2222 (μθ).
708 2158 732 2198 c.
751 2140 791 2197 58
808 2157 852 2217 pr.
1512 2143 1613 2199 τοῦτο
1637 2136 1795 2221 πράττων
1815 2166 1847 2190 --
1868 2133 1907 2200 τὸ
1932 2158 1986 2217 πρ.
2010 2139 2050 2199 A.

447 2263 472 2304 e.
490 2242 541 2305 58.
565 2249 581 2320 ξ
601 2247 628 2304 1.
656 2240 738 2307 Οὔτε
762 2245 780 2306 δ
805 2242 856 2325 ἀξ.
878 2272 910 2295 =
938 2240 1020 2306 Οὔτε
1043 2242 1093 2324 ἀξ.
1117 2243 1155 2304 A.
1375 2261 1400 2303 ω.
1419 2244 1481 2304 106
1514 2240 1581 2328 (πδ
1598 2242 1657 2325 A).
1680 2240 1701 2318 η
1723 2243 1742 2319 ι)
1765 2239 1846 2322 γυνὴ
1867 2272 1899 2297 =
1920 2241 1941 2320 ἢ
1964 2264 1994 2324 y.
2017 2246 2057 2306 A.

447 2370 472 2412 ο.
490 2354 531 2413 59
561 2350 641 2432 (νθ)
663 2372 707 2431 pr.
740 2350 896 2413 lectionem
920 2349 1058 2411 ὑποκατ.
1080 2349 1238 2411 confirmat
1259 2351 1298 2411 A.
1510 2357 1654 2431 μιμεῖται
1677 2348 1958 2414 ἀποκατάστασιν
1978 2359 2122 2433 μειοῦται
2142 2383 2167 2406 =
2183 2376 2223 2433 με

447 2478 472 2520 ε.
490 2462 540 2520 59.
567 2463 583 2533 5
602 2460 629 2517 1.
653 2453 692 2519 τὸ
716 2457 862 2537 ληνάτον
882 2486 914 2509 =
936 2452 980 2519 τά
1002 2455 1132 2536 ληγάτα
1155 2456 1193 2518 A.
1244 2477 1268 2518 e.
1287 2458 1336 2519 60.
1555 2454 1831 2543 φειδικόμμισσον
1852 2466 1997 2538 μιμεῖται
2021 2456 2090 2544 (sic)
2110 2458 2143 2521 A

446 2567 529 2627 1161
553 2585 597 2645 pr.
623 2567 649 2627 εί
663 2566 721 2644 μέν
736 2568 797 2626 τίσι
813 2585 895 2626 κοιν.
916 2593 948 2615 =
969 2565 996 2624 εί
1010 2562 1068 2643 μέν
1084 2557 1144 2624 ὦσι
1160 2584 1189 2624 κ.
1206 2563 1244 2625 A.
1283 2565 1345 2639 51.
1375 2581 1399 2623 ε.
1418 2563 1478 2623 107
1512 2560 1573 2648 (πά
1589 2561 1650 2648 A).
1683 2559 1723 2626 τὸ
1750 2563 1820 2644 ληγ.
1847 2561 1887 2628 τὸ
1914 2563 2048 2645 γυναικί
2073 2595 2103 2619 --
2125 2588 2148 2628 τ.
2168 2565 2223 2627 λιό

446 2691 470 2733 ε.
488 2673 538 2734 62.
562 2674 624 2747 51.
649 2668 788 2733 δύναται
812 2669 908 2754 συμβ.
930 2698 962 2722 --
983 2667 1142 2731 δύνανται
1166 2690 1196 2731 σ.
1219 2668 1258 2731 A
1555 2672 1596 2754 τῇ
1618 2689 1647 2748 y.
1669 2670 1709 2731 A.

446 2798 470 2839 ο.
488 2781 538 2841 62.
563 2784 578 2854 5
597 2780 625 2839 2.
650 2781 683 2839 ἐν
703 2777 854 2856 Ἱσπανίρι
874 2807 906 2831 =
935 2780 968 2839 ἐν
991 2773 1134 2855 Σπανίρε
1156 2775 1195 2837 A.
1374 2795 1398 2836 ε.
1418 2776 1480 2837 108
1512 2775 1576 2855 (πᾷ
1592 2776 1652 2855 A).
1676 2775 1708 2839 ’0
1722 2775 2034 2861 κληρον.δχρ.-τὉ
2047 2778 2223 2861 amcam

560 2884 703 2970 εὐφορία
724 2913 755 2936 =
777 2886 810 2946 ἐν
832 2884 904 2970 εάφ.
928 2883 967 2945 A.
1510 2886 1546 2944 ἐκ
1568 2889 1630 2944 τοῦ
1651 2880 1786 2964 διαθεμ.
1807 2912 1839 2937 =
1860 2889 1896 2947 ἐκ
1918 2893 1979 2948 τοῦ
2001 2885 2174 2949 διατιθλ

444 3013 469 3054 ο.
488 2992 539 3052 63.
562 2989 760 3071 διαθέμενος
781 3020 813 3043 --
835 2988 964 3053 διατιθ.
988 2994 1026 3051 A
1510 2988 1584 3063 ἦτοι
1607 2991 1649 3074 τῇ
1671 2988 1791 3071 ἐμμίξει
1814 2998 1873 3065 της
1894 2990 2115 3076 κληρονομίας
2132 3022 2157 3046 =
2175 3004 2223 3053 ιειε

445 3119 470 3161 ε.
487 3102 527 3160 67
551 3118 595 3180 pr.
619 3095 692 3183 (νζ)
707 3097 750 3177 (in
765 3098 804 3158 A.
822 3094 890 3181 νζ).
940 3097 1099 3158 leetionem
1122 3098 1169 3175 τῷ
1194 3093 1265 3178 [εστ.
1289 3092 1344 3178 τὸ]
1554 3092 1614 3180 (σε)
1636 3096 1716 3157 enim
1738 3093 1903 3182 glossema)
1925 3119 1982 3160 01n.
2008 3099 2048 3161 A.

627 3204 783 3266 confirmat
806 3204 844 3266 A.
868 3200 916 3288 (ut
937 3212 1043 3284 postea
1064 3199 1270 3287 ψηφίζεται).
1511 3205 1544 3263 ἐν
1566 3205 1614 3282 τῷ
1637 3200 1691 3285 ρά
1713 3200 1770 3265 καί
1794 3202 1846 3287 ρβ
1873 3205 2048 3291 κεφαλαίῳ
2070 3204 2174 3268 τούτου
2188 3212 2224 3266 τοί

560 3313 605 3383 είς
627 3306 820 3373 εἰκοσιοκτὼ
841 3339 873 3362 =
895 3304 1088 3373 είκοσιοκτὼ
1111 3310 1151 3370 A.
1553 3308 1667 3371 τίτλον
1692 3338 1723 3362 =
1749 3312 1784 3371 ἐν
1811 3312 1852 3395 τῇ
1879 3313 1955 3396 ἕκτη
1978 3310 2039 3375 καί
2061 3310 2167 3397 ἑβδόμη
2182 3310 2223 3372 διο

557 3414 623 3480 ἀπὸ
640 3415 674 3480 δέ
690 3418 746 3479 είκ.
762 3418 909 3497 πέμπτου
930 3445 961 3468 =
984 3411 1050 3478 ἀπὸ
1068 3413 1102 3477 δὲ
1117 3422 1178 3477 τοῦ
1193 3435 1216 3476 ε.
1234 3433 1266 3477 π.
1281 3413 1321 3475 A.
1554 3415 1644 3498 τάξει
1672 3437 1700 3477 τ.
1725 3437 1753 3478 τ.
1776 3437 1805 3480 τ.
1831 3416 1870 3478 A.
1899 3414 1944 3502 (in
1971 3428 2061 3481 sexta
2087 3429 2116 3480 et
2138 3419 2224 3499 εεράυι

560 3526 620 3597 έως
642 3530 849 3607 τριακοστοῦ
868 3552 900 3576 =
922 3526 944 3585 έ.
967 3530 1029 3586 τοῦ
1050 3543 1100 3603 τρ.
1123 3521 1162 3583 A.
1451 3581 1453 3586 .
1553 3522 1766 3585 constitutione
1785 3523 1813 3584 h.
1829 3524 1863 3605 t.)
1885 3525 1923 3585 A.
1944 3544 2018 3605 orgo
2040 3526 2161 3605 genuina
2176 3524 2224 3585 οο

559 3633 603 3704 είς
625 3633 681 3693 είκ.
705 3628 733 3691 δ.
756 3632 812 3705 ἐτη
832 3658 864 3682 =
886 3633 945 3703 ἐως
968 3650 990 3692 ε.
1013 3628 1041 3691 δ.
1064 3631 1087 3692 ἐ.
1110 3629 1149 3691 A
1553 3627 1640 3690 151εεί
1662 3628 1758 3691 verba
1780 3629 1879 3694 adhuc
1901 3631 2002 3705 refert,
2026 3635 2078 3714 qui
2099 3633 2133 3694 εδ
2145 3630 2223 3694 Οοίίἀε

560 3736 765 3813 πεντήκοντα
787 3737 880 3799 ἐννέα
900 3765 932 3789 =
954 3756 985 3798 π.
1008 3740 1030 3798 ἐ.
1053 3738 1109 3811 ἐτη
1132 3735 1171 3798 A
1552 3735 1674 3796 titulum
1697 3746 1817 3798 tantum
1831 3738 2019 3818 respiciebat.
2053 3739 2090 3800 In
2104 3737 2223 3819 ρουειίωί

558 3843 740 3926 ἑξηκοστοῦ
761 3840 817 3906 καί
841 3845 885 3916 είς
907 3839 991 3905 έπτά
1011 3871 1043 3896 =
1064 3842 1106 3924 ἐξ.
1131 3846 1174 3914 είς
1196 3842 1219 3904 έ.
1242 3841 1280 3902 A.
1552 3841 1609 3903 bus
1640 3842 1840 3905 Basilioorum
1870 3845 2095 3908 recensionibus
2123 3841 2223 3907 h11011d

560 3949 640 4034 ὑπὲρ
663 3946 708 4014 τά
730 3950 892 4033 ἐξήκοντα
914 3954 969 4026 έτη
994 3978 1026 4002 --
1054 3948 1082 4011 ὑ.
1106 3971 1134 4011 τ.
1157 3948 1200 4031 ἐξ.
1222 3950 1261 4011 A.
1551 3949 1651 4029 ipsum
1673 3948 1873 4012 Basilioorum
1895 3951 2033 4027 titulum,
2061 3964 2095 4014 ut
2117 3972 2164 4033 pat
2179 3960 2223 4017 επ)

444 4078 470 4120 ο.
488 4060 537 4119 67.
564 4064 580 4133 5
599 4062 626 4119 1.
650 4064 863 4141 παρακρατεῖ
882 4057 982 4142 φαλκ.
1004 4084 1036 4110 =
1057 4065 1177 4137 κρατεῖ
1195 4077 1231 4141 φ.
1253 4055 1292 4118 A.
1553 4063 1661 4137 aptam
1683 4065 1762 4117 sunt.

444 4184 469 4225 ο.
487 4166 527 4226 68
560 4160 622 4248 (νη’
644 4160 707 4249 A).
731 4163 953 4247 ὑπεξαιρεῖται
974 4193 1006 4217 =
1028 4162 1196 4247 ὑπεξαιρεῖ
1214 4164 1253 4225 A.
1509 4163 1648 4226 ἀπαιτεῖ
1664 4192 1695 4215 =
1717 4164 1868 4226 ἀπαιτεῖν
1890 4164 1929 4225 A.
2262 4230 2263 4237 ρ

443 4292 467 4333 ο.
486 4273 527 4333 70
561 4266 624 4356 (ζ).
669 4291 692 4332 ο.
712 4274 750 4332 71
769 4269 854 4355 (gn).
1507 4266 1568 4333 τὸν
1590 4267 1769 4355 φαλκίδιον
1784 4291 1951 4353 παρακατ.
1965 4301 1998 4325 =
2014 4270 2075 4349 τίην
2089 4271 2224 4349 ἀναλογία
2262 4352 2263 4363 ¹

443 4398 468 4438 ο.
486 4380 526 4439 72
559 4398 604 4458 pr.
629 4374 831 4457 διαθεμένου
852 4405 884 4429 =
906 4375 1140 4458 διατιθεμένου
1163 4376 1201 4436 A
1551 4398 1582 4440 π.
1605 4376 1644 4437 A.

442 4505 466 4545 ο.
486 4488 536 4547 72.
560 4486 622 4561 52.
646 4480 847 4564 διαθεμένου
868 4512 900 4536 =
921 4482 1051 4547 διατιθ.
1075 4484 1114 4544 A.
1371 4504 1395 4545 ο.
1415 4485 1477 4546 109
1510 4480 1573 4567 (πζ
1596 4483 1656 4563 A).
1696 4482 1766 4563 ληγ.
1793 4482 1958 4571 φαλκιδίῳ
1988 4514 2020 4538 =
2050 4487 2077 4548 ί.
2106 4488 2147 4567 τῷ
2171 4480 2224 4567 ηνλ

442 4612 466 4653 ο.
487 4595 536 4653 73.
560 4593 604 4663 είς
627 4592 744 4673 τρίτον
763 4619 796 4643 --·
818 4592 862 4663 είς
885 4587 924 4652 τὸ
948 4590 1064 4674 τρίτον
1085 4588 1125 4654 A.
1550 4588 1643 4670 κιδίῳ
1666 4590 1705 4653 A.

442 4718 466 4759 ο.
484 4699 534 4758 74.
558 4693 608 4759 ἐπί
631 4694 739 4777 τούτῳ
765 4725 797 4748 =
819 4698 841 4757 ἐ.
865 4704 966 4760 τοῦτο
988 4697 1028 4758 A.
1052 4694 1100 4781 (ut
1122 4696 1203 4770 alibi,
1225 4695 1343 4776 quoties
1370 4717 1394 4758 ο.
1415 4698 1477 4756 110
1509 4691 1576 4780 (πη
1593 4692 1655 4780 A).
1678 4694 1752 4759 Ἐἀν
1774 4698 1794 4773 ὴ
1818 4696 1917 4760 οὐσία
1938 4728 1970 4751 --
1990 4695 2066 4762 ’fient
2087 4696 2211 4762 οὐσίαλ

600 4799 651 4866 ἐπί
673 4803 726 4863 fini
747 4803 910 4865 indicando
932 4803 1079 4883 inservit).
1508 4802 1800 4876 ἀποκαταστάσεις
1814 4832 1847 4857 =
1862 4803 2120 4889 φειδικόμμισσει
2132 4805 2163 4867 A
2187 4801 2224 4863 A·

441 4931 466 4972 ο.
484 4912 533 4972 78.
559 4918 626 4972 τῶν
649 4904 715 4971 ἀπὸ
738 4917 801 4972 τοῦ
823 4908 874 4973 ἀπ.
896 4939 927 4962 =
949 4918 1017 4971 τῶν
1039 4904 1102 4972 ὑπὸ
1126 4917 1188 4971 τοῦ
1210 4908 1260 4970 ἀπ.
1281 4908 1319 4968 A.
1551 4909 1690 4972 ciderunt
1711 4909 1786 4972 folia
1807 4911 1876 4973 duo.

441 5038 465 5079 c.
485 5021 534 5081 79.
559 5020 622 5094 61.
644 5016 850 5097 μονοπάτιον
870 5045 902 5070 =
923 5016 1077 5098 μοπάτην
1099 5011 1170 5101 (εἰσ)
1193 5014 1232 5076 A

555 5122 722 5209 κελευσθῇ
742 5153 774 5177 =
796 5121 975 5199 ἐκελεύσθη
998 5122 1037 5184 A.
1580 5100 1706 5171 [LIBER
1723 5102 1801 5171 XH’
1818 5103 1985 5163 TITULUS
1997 5106 2060 5177 Ῑν·]

557 5229 861 5314 παραγγελλόμενος
882 5258 914 5284 =
936 5227 1130 5309 -ελόμενος
1151 5226 1190 5288 A.
1370 5249 1394 5290 0.
1457 5232 1475 5289 3
1508 5226 1599 5313 (Nov.
1617 5231 1667 5307 18,
1684 5230 1723 5310 2).
1765 5230 1828 5292 Ino.
1853 5251 1871 5291 ε
1894 5229 1933 5294 ν’·
1956 5233 2142 5318 [ἐφήμερον
2159 5233 2192 5305 λη.

557 5346 809 5418 συνεισαγαγεῖν
830 5367 861 5390 =
883 5344 1083 5417 συναγαγεῖν
1105 5335 1144 5396 A.
1506 5336 1640 5398 τοιοῦτό
1675 5357 1705 5397 τι
1735 5336 1892 5421 πράττειν
1920 5368 1952 5392 --
1985 5361 2013 5401 τ.
2049 5363 2076 5403 τ.
2102 5332 2224 5424 προστίῐ·

440 5465 465 5506 ο.
482 5445 524 5507 80
556 5466 600 5525 pr.
626 5444 717 5525 αὐτῷ
741 5444 803 5507 δικ.
824 5472 855 5498 =
876 5447 923 5524 τῷ
947 5443 998 5505 αιἰ.
1022 5442 1050 5504 δ.
1073 5441 1113 5503 A.
1550 5462 1618 5504 τειν
1641 5442 1679 5504 A.

440 5572 465 5613 0.
483 5553 534 5612 80.
558 5558 574 5628 ς
594 5554 620 5613 1.
639 5554 667 5613 2.
696 5548 716 5626 η
739 5551 983 5634 ἀγορασθέντα
1003 5577 1035 5602 =
1057 5568 1114 5610 om.
1139 5546 1177 5608 A.
1222 5568 1246 5608 c.
1268 5549 1318 5607 84.
1507 5556 1568 5611 τοῦ
1590 5550 1731 5631 νομίμου
1752 5551 1870 5634 μέρους
1891 5580 1923 5605 =
1945 5573 1974 5614 τ.
1997 5572 2023 5614 ν.
2045 5544 2222 5628 τοίτουμλ

441 5679 465 5719 c.
482 5661 523 5719 86
555 5679 600 5739 pr.
625 5660 659 5719 ἐν
681 5657 854 5739 περιουσία
875 5685 906 5711 =
928 5660 962 5718 ἐν
984 5658 1025 5742 τῇ
1049 5676 1080 5718 π.
1099 5655 1138 5717 Α.
1502 5652 1562 5730 τὴν
1584 5676 1640 5739 χρ.
1667 5654 1725 5719 καί
1752 5654 1813 5734 τὴν
1839 5659 2039 5742 ἐπικαρπίαν
2064 5689 2096 5714 =
2122 5680 2147 5719 τ.
2165 5669 2222 5730 μ

440 5784 465 5824 ιι.
483 5766 533 5824 86.
559 5766 621 5840 52.
669 5785 693 5826 ο.
719 5767 760 5825 88
777 5761 859 5850 (gd)
1549 5764 1630 5824 ἐπικ.
1652 5762 1692 5825 A.

293 5874 339 5941 sol.
353 5877 402 5929 60⁸.
441 5889 467 5930 ο.
483 5874 524 5932 94
547 5891 592 5951 pr.
615 5868 680 5955 (οβ
694 5868 756 5957 A).
784 5869 1040 5944 ἀποκαθίστησι
1063 5876 1143 5930 recte
1165 5866 1258 5928 habet
1280 5867 1318 5927 A
1369 5887 1392 5934 o.
1455 5871 1474 5929 5
1507 5866 1561 5954 (ιζ
1583 5868 1637 5932 A:
1661 5869 1731 5931 hine
1753 5879 1839 5952 patet
1861 5871 1955 5934 alium
1978 5873 2099 5934 omnino
2118 5862 2222 5932 fuine&

440 5975 515 6037 Post
537 5997 562 6037 ο.
579 5979 619 6038 96
643 5978 682 6039 A
706 5978 805 6040 addit:
830 5977 967 6039 τάκιτόν
985 5980 1075 6038 ἐστιν
1094 5972 1173 6058 ὅπερ
1189 5972 1340 6053 ἐπανμέλ·
1549 5986 1653 6038 nostro
1676 5979 1809 6058 capitum
1832 5978 2012 6067 numerum).
