4842 7018
628 1446 758 1500 ΒΙΒΛΙΟΝ
777 1447 855 1513 ΜΝ,
879 1445 998 1501 ΤΙΤΛΟ(
1016 1446 1048 1500 Α’
1541 1444 1657 1499 LIBER
1673 1443 1777 1511 XLIV,
1795 1439 1960 1499 TITULUS
1979 1441 1993 1496 I

411 1550 572 1663 rllppdrror
590 1593 634 1642 καὶ
654 1592 705 1643 τῶν
723 1592 812 1644 πίστει
829 1591 1101 1660 κατυλιμπσνσμέυων
1120 1589 1259 1646 odonem.
1361 1591 1397 1645 de
1414 1588 1514 1660 legatis
1531 1593 1561 1643 et
1578 1587 1613 1642 de
1631 1588 1666 1641 iis
1684 1603 1756 1658 quae
1775 1586 1836 1640 dari
1853 1583 1919 1640 fidei
1937 1586 2087 1640 commissa
2104 1590 2174 1639 sunt.

451 1733 611 1814 Δηγάτον
638 1732 707 1796 ἐστὶ
736 1730 845 1818 δωρεά
872 1738 905 1797 ἐν
932 1733 1083 1821 διαθήκῃ
1110 1736 1290 1824 καταλειφ-
1384 1735 1535 1816 Legatum
1558 1742 1605 1795 est
1627 1732 1751 1794 donatio
1774 1738 1956 1794 testamento
1978 1729 2092 1792 relicta

386 1838 521 1903 θεῖσα.1
1062 1842 1097 1904 fr.
1114 1846 1165 1905 36.
1181 1844 1220 1905 D.
1238 1848 1289 1907 31.
1993 1836 2029 1898 fr.
2047 1840 2097 1899 36.
2113 1836 2151 1898 D.
2168 1840 2218 1899 31.

449 1946 482 2011 ‘O
509 1949 594 2024 έχων
621 1955 683 2010 τοῦ
709 1946 936 2011 διατίθεσθαι
966 1949 1121 2032 ἐξουσίαν
1149 1949 1288 2015 δύναται
1383 1949 1448 2028 Qui
1469 1947 1564 2010 habet
1585 1945 1758 2008 testamenti
1779 1944 1909 2008 faciendi
1924 1952 2105 2026 potestatem
2120 1954 2219 2024 potest

384 2054 594 2118 καταλείπειν
616 2051 792 2134 topazos!
1084 2057 1120 2119 fr.
1138 2061 1165 2120 2.
1182 2058 1221 2120 D.
1239 2062 1289 2121 30.
1317 2056 1486 2138 relinquere
1508 2055 1652 2135 legatum.
2016 2051 2052 2112 fr.
2069 2053 2098 2112 2.
2113 2050 2152 2112 Ι).
2168 2053 2218 2113 30.

456 2160 524 2238 Οὐχ
548 2162 568 2237 ἡ
591 2160 664 2245 περὶ
683 2158 722 2224 cd
742 2162 849 2242 ὄνομα
872 2161 988 2241 πλάνη,
1013 2163 1084 2226 ἀλλ’
1110 2166 1130 2241 ἡ
1154 2163 1227 2249 περὶ
1250 2163 1289 2228 τὸ
1383 2164 1455 2225 Non
1478 2182 1563 2224 error
1583 2161 1663 2222 cirea
1682 2180 1801 2234 nomen,
1825 2158 1879 2221 sed
1894 2160 1975 2222 eirca
1995 2160 2097 2240 ipsum
2112 2178 2218 2239 corpus

386 2265 469 2331 αὐτὸ
493 2265 532 2330 τὸ
557 2277 654 2349 σῶμα
677 2265 716 2331 τό
739 2268 887 2348 ληγάτον
910 2269 1038 2353 άκυροΐ.
1155 2271 1191 2333 fr.
1207 2274 1228 2332 4
1244 2294 1289 2353 pr.
1317 2271 1453 2350 legatum
1475 2268 1615 2329 infirmat.
2139 2265 2174 2327 fr.
2190 2269 2217 2327 4.

452 2374 493 2437 El
510 2373 543 2437 δέ
558 2374 619 2437 καί
632 2396 682 2448 τις
697 2376 831 2451 ἐσθῆτα
847 2376 1046 2456 ληγατεῦσαι
1065 2377 1176 2440 θέλων
1191 2378 1290 2459 ληγα-
1384 2375 1417 2438 si
1432 2376 1499 2457 quis
1514 2384 1630 2438 vestem
1644 2374 1801 2454 legaturus
1811 2372 2053 2455 suppellectilem
2066 2373 2218 2454 legaverit,

387 2482 484 2568 τεόσῃ
509 2479 711 2561 οίκοσκευὴν,
735 2483 909 2563 άχρηστον
932 2481 971 2547 td
995 2483 1150 2565 ληγάτον,
1179 2483 1289 2570 ὥσπερ
1317 2484 1424 2547 inutile
1441 2492 1487 2545 est
1508 2483 1651 2564 legatum,
1674 2481 1770 2544 veluti
1788 2481 1814 2543 si
1829 2480 2035 2562 appellatione
2050 2481 2117 2541 auri
2135 2489 2219 2561 puta·

387 2586 445 2653 ἐάν
467 2590 587 2675 νομίσῃ
605 2592 653 2669 τῷ
677 2590 816 2670 ὀνόματι
837 2598 899 2652 τοῦ
918 2600 1050 2675 χρυσοῦ
1073 2592 1289 2675 περιέχεσθαι
1318 2592 1395 2655 verit
1417 2590 1564 2653 contineri
1589 2588 1733 2651 electrum
1759 2588 1809 2651 vel
1837 2586 2042 2650 aurichalcum
2065 2587 2219 2669 στερρά·

387 2697 546 2780 ἤλεκτρον
579 2694 598 2773 ἢ
627 2696 887 2780 χαλκοχρυσιόν,
922 2696 942 2773 ἢ
973 2702 1020 2779 τῷ
1056 2699 1194 2780 ὀνόματι
1232 2709 1291 2775 τῆς
1318 2699 1431 2760 latione
1457 2698 1549 2760 vestis
1577 2705 1749 2774 argentum
1778 2694 1902 2756 nomina
1929 2695 2009 2757 enim
2035 2714 2137 2756 rerum
2159 2715 2217 2756 non

387 2804 536 2880 ἐσθῆτος
568 2804 730 2887 ἄργυρον·
768 2800 812 2867 τά
842 2804 900 2885 μὲν
937 2801 1003 2888 γάρ
1037 2806 1188 2886 ὀνόματα
1224 2816 1291 2868 τῶν
1319 2814 1483 2879 mutantur,
1506 2803 1664 2865 hominum
1687 2811 1789 2865 autem
1812 2810 1977 2864 mutantur.
2146 2801 2215 2864 ibid

387 2912 594 2994 πραγμάτων
617 2910 678 2972 οὐκ
700 2910 963 2975 ἐναλλάσσονται
987 2909 1031 2975 τά
1054 2911 1088 2975 δὲ
1112 2922 1178 2975 τῶν
1202 2898 1292 2976 ἀνῶ

388 3014 678 3082 ἐναλλάσσονται.3
1219 3020 1290 3083 ibid.

333 3127 349 3180 '.
451 3124 620 3205 Ἑπιλογῆς
651 3124 923 3205 ληγατευθείσης,
956 3122 1048 3207 άπαξ
1078 3125 1290 3206 ἐπιλέγεσθαι
1386 3124 1542 3187 Electione
1564 3124 1668 3205 legata
1689 3123 1780 3186 semel
1802 3122 1873 3202 eligi
1895 3131 2002 3204 potest.
2085 3123 2123 3185 fr.
2141 3128 2160 3186 5
2176 3144 2219 3204 pr.

387 3232 561 3295 δυνατόν.4
1159 3233 1194 3296 fr.
1211 3238 1230 3296 5
1247 3256 1291 3315 pr.

334 3340 349 3393 '·
459 3335 510 3402 Τά
537 3333 631 3422 παρά
658 3345 728 3410 τοῖς
751 3338 916 3419 πολεμίοις
942 3339 1052 3413 καλῶς
1079 3339 1291 3420 ληγατεόεται
1318 3424 1322 3431 ¹
1385 3339 1434 3400 Ea
1464 3359 1543 3419 quae
1574 3337 1657 3418 apud
1684 3337 1785 3400 hostes
1814 3346 1886 3400 sunt
1911 3346 1994 3400 recte
2025 3338 2166 3417 legantur
2191 3348 2220 3399 et

388 3443 445 3510 καὶ
470 3448 511 3531 τῇ
535 3444 685 3526 ἐπανόδῳ
707 3442 933 3529 βεβαιοῦνται.
1210 3447 1245 3508 fr.
1263 3451 1291 3510 9.
1319 3446 1504 3528 postliminio
1528 3445 1751 3508 confirmantur.
2139 3445 2175 3507 fr.
2192 3448 2219 3506 3.

326 3553 352 3606 ι’·
453 3551 662 3634 Ὑπεξοόσιος
685 3549 849 3651 οὔτε-πρό
873 3562 934 3616 τοι]
951 3553 1199 3637 κληρονομῆσαι
1216 3554 1291 3617 οὔτε
1385 3552 1615 3615 lilinsfamilins
1638 3572 1735 3633 neque
1757 3562 1828 3614 ante
1843 3552 2008 3614 aditionem
2023 3572 2123 3633 neque
2138 3573 2220 3635 prae

237 4551 285 4619 sol.
298 4555 353 4603 ts'.

310 4619 353 4675 ιδ’.

307 4943 353 5006 ιζ.

312 5156 352 5217 ιζ’.

389 3655 483 3744 παρά
497 3660 644 3722 κε’λευσιν
653 3667 714 3722 τοῦ
723 3680 786 3741 πρς
796 3659 1008 3740 ἐπιλέγεσθαι
1020 3660 1169 3723 δύναται.
1196 3661 1290 3723 fr.10.
1318 3671 1366 3723 ter
1387 3662 1503 3722 iussum
1526 3659 1621 3740 patris
1644 3656 1754 3737 eligere
1776 3667 1886 3740 potest.
2118 3659 2154 3722 fr.
2172 3662 2219 3721 19.

474 3765 521 3828 Ἡ
541 3768 800 3848 μεταγενεστέρα
827 3765 943 3853 γραφὴ
971 3772 1005 3830 ἐν
1032 3776 1103 3841 τοῖς
1134 3768 1291 3849 ληγάτοις
1384 3767 1537 3829 Posterior
1562 3765 1713 3846 scriptura
1735 3766 1766 3826 in
1788 3766 1896 3845 legatis
1916 3765 2013 3845 magis
2034 3765 2131 3839 valet;
2154 3787 2220 3848 pos·

389 3865 458 3936 ἐστὶ
480 3870 695 3957 βεβαιοτέρα·
720 3872 898 3954 δυνάμεθα
920 3870 986 3958 γάρ
1011 3870 1055 3937 τά
1073 3874 1291 3959 προλαβόντα
1318 3895 1423 3936 sumus
1445 3874 1524 3935 enim
1540 3874 1641 3954 priora
1665 3908 1707 3918 —
1723 3909 1765 3918 -
1794 3874 1818 3934 si
1833 3873 1913 3934 idem
1928 3894 1999 3936 vero
2015 3873 2072 3936 snb
2088 3874 2220 3936 diversas

389 4018 431 4027 -
460 4015 503 4027 -
532 3982 558 4041 εί
586 3977 620 4041 δέ
650 3976 689 4042 τό
724 3977 808 4043 αὐτό
839 3978 902 4044 ὑπό
933 3980 1119 4067 διαφόρους
1150 3983 1291 4063 αἱρέσεις
1318 3982 1510 4044 condiciones
1540 3980 1714 4060 ademptum
1742 3980 1793 4054 sit,
1820 3981 2016 4061 posteriorem
2038 3981 2220 4062 inspicimus

389 4085 578 4174 ἀφαιρεθῇ,
603 4090 643 4171 τῇ
667 4086 792 4169 ὑστέρα
815 4091 1023 4171 προςέχομεν.
1106 4088 1141 4149 fr.
1161 4091 1209 4149 12.
1227 4095 1243 4165 ξ
1261 4093 1290 4150 3.
2039 4087 2075 4149 fr.
2094 4091 2143 4149 12.
2160 4094 2176 4164 5
2193 4092 2221 4150 3.

452 4189 527 4256 Ἐάν
549 4189 652 4273 ῥητόν
675 4190 781 4257 ποσὸν
796 4193 987 4274 ληγατεόσοι
1003 4204 1077 4269 ταῖς
1094 4195 1290 4279 θυγατράσι
1386 4194 1419 4256 si
1451 4204 1563 4256 certam
1595 4194 1796 4274 quantitatem
1826 4193 1969 4272 legavero
2000 4194 2122 4256 filiabus
2149 4195 2221 4256 meis

388 4322 453 4383 μου
475 4300 633 4376 ἐννοήσας
655 4298 711 4363 καί
732 4298 804 4385 περὶ
819 4306 1098 4387 κυοφορουμένης,
1121 4301 1164 4384 μὴ
1183 4323 1292 4365 τικτο-
1320 4303 1456 4381 cogitans
1479 4309 1510 4363 et
1532 4301 1571 4361 de
1594 4320 1631 4361 ea
1653 4320 1733 4380 quae
1755 4300 1788 4360 in
1810 4309 1895 4362 utero
1919 4310 1974 4375 est,
2002 4303 2028 4363 si
2050 4301 2128 4364 haec
2150 4311 2222 4364 nata

388 4410 485 4489 μένης
507 4407 618 4485 αὐτῆς,
642 4402 681 4469 τό
705 4416 773 4470 πᾶν
795 4409 832 4471 αἱ
854 4411 888 4469 ἐν
911 4407 1007 4495 φύσει
1032 4409 1269 4494 λαμβάνουσιν.
1320 4430 1382 4471 non
1404 4407 1624 4482 factitantem
1648 4408 1824 4488 superstites
1848 4407 2010 4488 accipiunt.
2048 4408 2084 4469 fr.
2096 4411 2147 4470 15.
2164 4407 2219 4485 §1

1108 4516 1143 4577 n.
1162 4519 1211 4578 15.
1229 4523 1245 4592 ς
1265 4519 1292 4577 1.

454 4616 528 4683 Ἐάν
551 4628 689 4700 πρᾶγμα
716 4622 886 4701 ἡνωμένος
913 4620 972 4684 δύο
996 4620 1063 4684 τισὶ
1090 4622 1293 4707 ληγατευθῇ,
1389 4621 1422 4684 Si
1444 4642 1493 4683 res
1516 4621 1700 4684 coniunctim
1715 4621 1833 4684 duobus
1856 4622 1960 4702 legata
1973 4620 2073 4697 fuerit,
2096 4643 2222 4703 quornm

390 4723 436 4790 ὧν
468 4728 487 4789 ό
519 4721 563 4800 εἷς
591 4726 652 4788 οὐκ
683 4721 723 4803 ἦν
749 4731 783 4790 ἐν
810 4727 918 4813 φύσει,
945 4730 1048 4810 μόνον
1075 4725 1115 4792 τό
1143 4725 1243 4810 ἣμισυ
1274 4731 1293 4791 ό
1321 4749 1400 4790 nnus
1423 4749 1484 4790 non
1512 4738 1577 4790 erat
1604 4729 1634 4789 in
1662 4748 1763 4789 rernm
1790 4739 1913 4803 natura,
1941 4729 2040 4791 solum
2067 4730 2222 4791 dimidium

390 4830 510 4916 περιὼν
531 4830 722 4917 λαμβάνει.ὗ
1137 4837 1173 4899 fr.
1192 4839 1231 4897 16
1248 4858 1293 4918 pr.
1321 4847 1474 4917 superstes
1497 4836 1615 4916 accipit.
2069 4836 2104 4899 fr.
2123 4840 2162 4899 16
2178 4858 2221 4918 pr.

454 4936 528 5004 Ἐάν
552 4939 685 5013 πολλοῖς
707 4940 901 5028 ληγατευθῇ
919 4939 976 5005 καὶ
994 4940 1037 5024 μὴ
1061 4941 1170 5029 λεχθῇ
1185 4946 1293 5026 μέρος,
1388 4942 1421 5005 Si
1443 4943 1582 5024 pluribus
1603 4942 1739 5022 legatum
1760 4943 1851 5005 fuerit
1872 4963 1969 5024 neque
1986 4963 2057 5024 pars
2076 4943 2159 5006 dicta
2176 4945 2221 5017 sit,

390 5047 424 5129 ἐξ
447 5050 523 5110 ἴσου
545 5046 804 5131 λαμβάνουσιν.“
1109 5048 1145 5109 fr.
1164 5052 1213 5111 19.
1230 5055 1246 5126 5
1265 5052 1293 5109 2.
1322 5071 1361 5112 ex
1383 5070 1480 5131 aequo
1503 5050 1662 5130 accipiunt.
2040 5049 2075 5111 fr.
2094 5053 2144 5112 19.
2161 5057 2177 5127 5
2194 5054 2220 5112 2.

455 5151 530 5217 Ἐάν
561 5156 646 5231 έχων
678 5153 736 5216 δύο
765 5153 902 5228 δούλους
928 5154 1112 5242 ληγατεόσῃ
1145 5152 1205 5218 τὸν
1236 5159 1294 5218 ἕνα
1383 5156 1416 5219 si
1439 5158 1515 5218 duos
1538 5177 1641 5219 servos
1667 5155 1782 5218 habens
1804 5157 1871 5237 quis
1899 5177 1994 5219 unum
2021 5156 2169 5237 legaverit
2193 5168 2221 5219 et

389 5258 447 5325 καλ
473 5260 516 5343 μὴ
541 5260 699 5338 δηλοῦται
728 5270 832 5341 ποῖον,
866 5263 885 5324 ό
913 5262 1117 5347 ληγατάριος
1144 5264 1207 5339 ἔχει
1234 5259 1294 5338 τὴν
1321 5272 1424 5326 σίτοιο
1452 5284 1512 5325 non
1545 5274 1686 5345 apparet,
1717 5262 1883 5344 legatarius
1915 5263 2091 5327 electionem
2123 5265 2220 5327 habet.

391 5365 574 5449 loaeloyoln!
1190 5368 1225 5430 ir.
1243 5371 1293 5429 20.
2122 5373 2157 5434 fr.
2174 5371 2221 5434 20.

320 5478 352 5532 κ’.
455 5471 530 5538 Ἐάν
552 5477 649 5557 μέρος
672 5476 789 5548 οὐσίας
811 5475 1014 5561 ληγατευθῇ,
1034 5473 1139 5557 χωρὶς
1156 5486 1295 5557 καρπῶν
1389 5477 1422 5540 si
1453 5499 1524 5560 pars
1551 5478 1741 5541 substantiae
1768 5478 1870 5558 legata
1898 5480 1949 5552 sit,
1982 5480 2046 5540 sine
2076 5479 2220 5542 fructibus

391 5581 531 5662 δίδοται,
556 5586 581 5644 εί
604 5579 647 5663 μὴ
672 5581 853 5665 ὑπέρθεσιν
876 5585 895 5645 ό
915 5584 1120 5667 κληρονόμος
1135 5582 1294 5659 ἐποίησεν.
1322 5584 1421 5660 datur,
1445 5586 1503 5647 nisi
1525 5606 1642 5647 moram
1664 5584 1751 5647 heres
1774 5585 1883 5647 fecerit.
2121 5586 2156 5646 lr.
2173 5588 2220 5647 23.

1191 5691 1227 5751 fr.
1244 5695 1294 5753 23.

463 5847 472 5880 ¹
490 5847 578 5903 habet
594 5847 660 5920 Syn.
734 5848 744 5879 ²
762 5847 820 5902 fere
836 5849 924 5904 isdem
940 5848 1034 5905 verbis
1051 5848 1190 5904 Attaliata
1207 5853 1250 5916 39,
1270 5854 1293 5903 1.

462 5936 473 5969 ⁸
491 5939 588 6008 paneis
598 5938 707 5992 omissis
717 5936 829 5991 exhibet
837 5938 935 6008 Tipne.
1008 5938 1020 5970 ⁴
1038 5939 1124 5993 habet
1137 5936 1211 6008 Syn,
1222 5954 1294 6008 qnae

391 6024 410 6081 1.
424 6023 541 6080 δίναισι.
597 6026 712 6082 ⁶habet
730 6025 796 6098 Syn.
851 6026 967 6082 ⁶habet
978 6026 1045 6099 Syn.
1102 6025 1215 6083 'habet
1227 6025 1293 6099 Syn.
