4876 7034
488 460 532 527 38
859 451 1228 521 ΒΑδΙΗΟΟίλλίΜ
1251 450 1409 521 LlliEli
1433 452 1511 518 XV.
1538 451 1641 518 ΤΙΤ.
1661 452 1685 517 l.
1717 452 1821 519 cde.
1842 456 1992 521 ild-ili.

491 622 643 691 δεσπότου
678 629 734 689 rori
765 620 942 710 ἀγοραστοό
969 626 1147 711 γενομένου·
1179 620 1257 687 ἀλλά
1287 628 1407 702 μᾶλλον
1440 628 1528 687 semel
1546 636 1641 684 emtor
1662 626 1797 686 dominus
1814 628 1909 686 fectus
1932 633 1987 689 sit:
2009 627 2060 688 ced
2086 631 2183 706 potius
2206 629 2335 709 decretio

493 711 561 818 ηερί
583 713 651 814 ἱτοῦ
664 705 856 815 ὶτιμήματος
878 709 993 798 όφείλει
1016 718 1109 776 κινεῖν
1128 707 1185 792 τὴν
1209 704 1408 793 ἁρμόζουσαν
1442 715 1558 770 actione
1580 713 1637 770 eiii
1658 724 1844 788 competente
1865 718 1988 793 experiri
2010 716 2102 773 debet.

493 822 513 860 α
598 819 693 857 ναυτ
721 839 728 855 .

368 891 443 945 ωδ
514 818 615 963 γωζόῖ
643 818 760 943 Ἥόίκα
775 880 844 960 περί
860 881 1039 956 δεσποτείας
1059 874 1265 960 ἀνδραπόδων
1283 885 1408 942 κινείται
1507 877 1617 938 XClll.
1659 881 1754 947 Quum
1779 881 1816 938 de
1837 881 1966 941 dominio
1985 884 2194 960 mancipiorum
2227 889 2337 959 quentin

340 961 477 1019 ΗΜ·
495 961 637 1045 ζήτησις,
665 960 726 1045 χρὴ
756 962 905 1046 πρότερον
931 967 1126 1046 παραστῆναι
1156 962 1196 1026 τό
1227 959 1408 1043 ἀνδράποδα
1443 974 1593 1033 movetur,
1614 967 1693 1040 prius
1716 968 1864 1043 mancipis
1885 968 2014 1026 exhiberi
2037 968 2160 1042 debent,
2184 978 2214 1024 et
2235 966 2267 1024 de
2286 989 2339 1045 poe·

494 1050 545 1113 καί
574 1050 639 1129 περὶ
668 1052 726 1129 τῆς
754 1048 851 1130 mede
881 1045 983 1112 αότῶν
1012 1050 1147 1126 ίξίτασιν
1166 1049 1329 1132 γενέσθαι,
1358 1048 1409 1111 καί
1444 1052 1573 1107 sessione
1601 1068 1700 1106 eorum
1731 1053 1864 1131 cognitio
1896 1054 2029 1112 institui:
2064 1065 2093 1110 et
2123 1065 2194 1111 tunc
2226 1057 2338 1130 quaestio

494 1131 562 1199 τότε
586 1129 605 1214 ι]
630 1132 697 1213 περί
719 1134 898 1207 δεσποτείας
921 1130 1044 1215 ζήτησις
1068 1135 1215 1215 τμηθείη.
1445 1134 1569 1192 dominii
1592 1133 1752 1190 decidatur.

369 1248 403 1296 1..
415 1241 454 1293 11.
560 1229 619 1298 Bd'.
663 1229 739 1295 Ἕάν
766 1258 813 1310 τις
844 1232 927 1318 παρδ
952 1233 1094 1318 γυναικός
1116 1229 1256 1319 ἀγοράσῃ
1282 1237 1409 1316 πρᾶγμα
1506 1230 1612 1289 xciv.
1645 1233 1678 1290 Si
1704 1237 1769 1310 quis
1788 1252 1806 1291 s
1827 1238 1948 1293 muliere
1970 1256 2031 1294 rem
2053 1236 2090 1293 εδ
2105 1237 2196 1294 lilium
2212 1238 2271 1294 eius
2289 1257 2339 1313 ρετ·
2405 1258 2406 1267 ’

360 1312 389 1364 ⁶·
413 1314 468 1364 Μ·
497 1319 644 1403 διαφέρον
665 1322 712 1401 τῷ
735 1315 852 1400 ταότης
873 1319 980 1396 παιδί,
1013 1322 1116 1392 καλῶς
1137 1316 1274 1404 ίνάγεται
1294 1325 1334 1401 τῇ
1355 1314 1408 1381 ἐπ’
1443 1319 1586 1374 tinentem
1607 1321 1719 1381 emerit.
1743 1331 1823 1376 recte
1840 1324 1870 1377 in
1893 1340 1954 1378 rens
1974 1325 2091 1378 actione
2108 1322 2286 1379 convenitur.
2312 1324 2339 1381 Si

497 1403 584 1490 αὐτῷ
606 1399 719 1486 ἀγωγῇ.
757 1401 810 1465 teir
830 1403 866 1466 dt
892 1400 908 1465 ό
940 1410 1011 1479 παῖς
1031 1403 1248 1489 κληρονομήση
1268 1402 1325 1485 τὴν
1346 1425 1409 1483 μη·
1441 1421 1513 1460 vero
1535 1401 1613 1459 lilius
1636 1405 1724 1460 rostri
1745 1402 1825 1462 heres
1847 1407 1990 1478 extiterit,
2019 1424 2072 1483 pro
2094 1424 2153 1483 qus
2176 1415 2258 1481 parte
2275 1404 2339 1465 iere

496 1493 588 1570 τέρα,
618 1486 662 1558 είς
687 1484 761 1551 όσον
788 1485 887 1569 αὐτὴν
916 1484 1181 1569 ἐκληρονόμησεν,
1211 1486 1410 1571 ἀναγκάζεται
1443 1489 1471 1543 ei
1493 1489 1613 1557 extitit,
1638 1489 1788 1565 quiescere
1808 1491 2013 1568 compellitur,
2046 1490 2197 1549 submotus
2228 1489 2283 1549 doli
2302 1510 2340 1549 tx·

496 1567 706 1656 έφησυχάζειν,
732 1572 955 1652 ἐκβαλλόμενος
972 1570 1023 1634 διά
1048 1569 1141 1635 δόλου
1164 1570 1381 1656 παραγραφῆς.
1445 1573 1592 1647 ceptione·
1804 1639 1808 1649 ⁴
2295 1639 2303 1661 ρ

371 1676 456 1730 Mi.
563 1669 615 1734 Sd.
654 1669 733 1734 Ἐάν
762 1670 822 1734 δόο
851 1673 932 1745 τινές
964 1671 1019 1736 τόν
1052 1668 1148 1735 αότδν
1174 1669 1280 1759 [ἀγρόν
1310 1672 1351 1752 “)
1379 1673 1411 1748 ἐξ
1463 1660 1467 1669 ’
1508 1667 1600 1729 XCV.
1641 1671 1675 1731 st
1705 1671 1763 1730 duo
1791 1673 1867 1730 idem
1897 1672 2046 1749 praedium
2075 1674 2107 1730 in
2137 1671 2263 1731 solidum
2281 1694 2342 1732 ene·

367 1752 396 1800 ⁰·
418 1748 472 1798 Μ·
499 1751 671 1840 όλοκλῆρου
686 1751 890 1838 ἀγοράσωσιν,
915 1754 931 1820 ό
951 1760 1074 1839 πρῶτος
1096 1756 1189 1823 αότδν
1204 1764 1310 1837 λαβων
1327 1755 1412 1822 icem
1445 1757 1526 1824 rint,
1548 1759 1592 1826 is,
1616 1759 1665 1813 cui
1687 1759 1778 1831 priori
1801 1758 1941 1816 trudituns
1961 1769 2016 1828 est,
2039 1759 2138 1834 potior
2159 1760 2227 1827 erit,
2248 1760 2344 1816 etissrsi

497 1845 637 1921 βελτίων,
660 1840 687 1901 τί
708 1844 756 1903 καί
779 1840 814 1904 τό
836 1842 956 1924 τίμημα
973 1835 1066 1925 μηω)
1090 1844 1269 1924 κατέβαλεν,
1293 1839 1350 1907 κάν
1373 1847 1412 1913 τὰ
1447 1843 1571 1917 pretium
1605 1859 1666 1898 non
1699 1843 1837 1914 solverit,
1868 1854 1898 1900 et
1935 1844 2128 1901 instrumente
2160 1842 2270 1919 praedii
2296 1864 2343 1902 non

499 1923 638 2003 μάλιστα
661 1923 705 2029 μη“
727 1923 818 2005 ἔλαβε
839 1924 878 1988 τά
899 1926 1093 2006 δικαιώματα
1106 1926 1145 2010 ³¹)
1167 1931 1225 1993 τοῦ
1248 1928 1353 2014 ἀγροῦ.
1387 1935 1414 1997 ε]
1446 1928 1600 2002 receperit
1651 1924 1686 1983 Si
1716 1945 1785 1985 vero
1814 1928 1875 2002 ipse
1902 1945 1954 1985 eus
1984 1938 2088 2004 sponte
2122 1925 2245 1986 desistet
2268 1931 2345 2004 pretio

498 2012 534 2075 δέ
562 2009 658 2085 αάτδς
687 2011 817 2091 ετοίμως
842 2009 1010 2095 ἀφίσταται
1038 2010 1074 2075 τό
1103 2017 1223 2095 τίμημα
1248 2016 1329 2096 μετδ
1354 2023 1414 2082 τοῦ
1448 2029 1515 2068 cnm
1542 2011 1638 2068 usuris
1672 2021 1805 2088 recepto,
1838 2012 1916 2070 ratio
1944 2011 2064 2070 hebetm
2091 2010 2255 2086 fructuose,
2283 2030 2343 2090 qnos

498 2187 607 2251 διτίονα,
624 2185 670 2243 ed
684 2186 714 2244 di
730 2183 778 2246 τοῦ
796 2181 948 2312 ἀγαγαστρό
963 2183 1010 2258 mir
1024 2187 1181 2265 καταβολῆν.
1216 2184 1307 2265 ἀνάγν.
1323 2189 1371 2264 rip
1387 2186 1412 2249 α’
1447 2191 1552 2260 igitur,
1579 2191 1655 2261 quod
1671 2192 1701 2244 in
1722 2192 1869 2246 venditore
1886 2190 2022 2255 traditio,
2044 2192 2075 2245 id
2094 2193 2125 2245 ln
2142 2200 2248 2246 emtore
2265 2209 2347 2246 nome·

583 2251 590 2271 Ι

499 2257 545 2315 καί
608 2252 675 2312 διάτ.
692 2257 741 2337 rod
756 2252 839 2331 μίέτ
875 2278 924 2314 του
939 2262 1131 2335 προλεγθάτσς
1153 2255 1177 2318 δ’
1194 2262 1231 2337 βι
1271 2257 1365 2338 άνάγν.
1384 2264 1415 2321 δὲ
1450 2264 1525 2313 ratio
1544 2260 1621 2315 iecit.
1660 2261 1738 2328 Lege
1756 2266 1870 2315 consti
1890 2264 1954 2316 et8
1975 2264 2020 2314 tit.
2038 2263 2072 2315 itt
2089 2262 2225 2331 praedicti
2241 2263 2345 2326 1101ος

499 2330 538 2403 βι.
556 2278 583 2395 ty
593 2327 625 2381 τί.
644 2320 661 2380 ί
679 2326 747 2383 decr.
762 2320 812 2401 γ’.“
1449 2331 1512 2401 lege
1531 2336 1618 2383 ettam
1640 2331 1688 2383 tib.
1700 2331 1751 2385 Vll
1771 2335 1815 2384 tie
1828 2336 1861 2385 10
1878 2331 2008 2387 const-8.

551 2411 665 2485 τοῦμὲν
681 2409 786 2486 καρποῦ
802 2412 934 2480 ίνδέγτταί
948 2433 1007 2468 τινα
1018 2407 1137 2489 εὕρισκ’)
1155 2409 1221 2472 εἶναι
1236 2416 1282 2474 καὶ
1296 2412 1334 2489 με]
1351 2412 1414 2475 ὄντα
1501 2417 1561 2467 101.
1597 2414 1750 2485 [Τλοίιί.
1772 2418 1809 2469 οδ
1829 2418 1920 2486 1.11].
1942 2418 2098 2470 Fructuum
2123 2415 2228 2484 quidem
2245 2416 2345 2483 occepi-

500 2477 627 2551 δεσπότην
640 2482 688 2562 ,τοῦ
701 2478 787 2555 ἀγροῦ
805 2477 840 2546 ὥς
845 2480 923 2607 forn
941 2484 1002 2553 φίδε
1019 2486 1116 2557 νομέα,
1138 2486 1187 2541 τοῦ
1204 2486 1354 2545 diremi
1369 2489 1415 2556 vii
1450 2501 1511 2537 mus
1536 2487 1622 2538 etium
1649 2502 1712 2538 eum
1742 2487 1886 2540 dominum
1911 2489 1989 2550 lieri,
2018 2489 2065 2555 qui
2090 2490 2205 2537 nonsit
2228 2487 2348 2537 dominus

500 2546 593 2619 δούλης
609 2571 713 2633 παντως
728 2555 824 2616 ἐκεῖνος
862 2548 965 2619 εσπόζετ
982 2548 997 2608 ό
1013 2553 1059 2622 τῆς
1075 2549 1311 2628 δοάληςόπάρχων
1326 2551 1413 2633 κύριος
1449 2555 1539 2617 fundi,
1557 2558 1581 2607 si
1601 2559 1692 2607 bonae
1712 2558 1776 2609 iidei
1797 2559 2002 2624 possessorsit.
2021 2556 2348 2623 partusaotemancillae

499 2620 544 2677 καί
561 2621 698 2690 δεσποτης.
1450 2627 1565 2677 cornino
1586 2627 1620 2677 ad
1640 2641 1703 2677 eum
1724 2632 1865 2694 pertinet,
1885 2634 1933 2696 qui
1954 2628 2075 2679 ancillae
2096 2627 2227 2677 dominus
2243 2634 2292 2675 est.

504 2769 514 2792 ³
546 2700 791 2831 ιρρυπτρμίνανμᾷρ
807 2697 941 2788 circitor}
958 2704 1127 2791 δυνατρκτίμ
1141 2722 1171 2760 sn
1185 2722 1247 2794 ιρι
1264 2709 1415 2799 ωηθὶμαι,
1497 2710 1557 2762 205.
1593 2709 1748 2795 [Τλιίιί.
1770 2711 1808 2763 αδ
1825 2713 1842 2764 1.
1863 2712 1918 2796 13].
1946 2715 2016 2765 itan·
2037 2725 2123 2779 quum
2143 2725 2199 2761 non
2218 2709 2348 2795 eslilresn·

498 2779 709 2859 αλλαπροτερσν
745 2796 772 2831 ια
789 2793 835 2843 της
850 2774 885 2830 αδ
901 2776 1108 2851 lietduinum),
1124 2779 1267 2845 καίοντας
1283 2779 1414 2850 incuss
1449 2785 1514 2835 tur.
1534 2797 1589 2832 non
1615 2792 1757 2850 protectio
1777 2798 1833 2834 rem
1852 2797 1912 2851 agr,
1936 2783 1986 2834 sed
2012 2784 2091 2849 prius
2118 2781 2155 2832 ad
2179 2778 2345 2832 exhibendum

496 2849 664 2919 γυμναζεται.
1449 2851 1562 2902 actione
1583 2883 1661 2900 .....
1682 2858 1710 2902 et
1729 2852 1770 2901 sic
1789 2854 1817 2902 in
1835 2867 1894 2903 rem
1913 2854 1988 2904 actio
2007 2857 2166 2904 exercetur.

550 2927 574 2986 ei
589 2925 626 3002 μή
642 2924 696 3002 γάρ
710 2928 815 3002 γνῶμεν
830 2930 869 2994 τίς
883 2925 899 2984 ό
915 2921 1064 3002 νεμόμενος,
1082 2924 1115 2987 οὗ
1132 2928 1275 3006 δυνάμεθα
1291 2930 1338 2991 τόν
1354 2934 1417 2992 δυά-
1499 2934 1550 2987 200
1597 2933 1748 3004 [Τλσίεί.
1770 2935 1807 2988 οδ
1830 2937 1848 2988 1.
1868 2935 1919 3006 15].
1948 2937 2016 2991 iliam
2034 2936 2100 2988 dum
2118 2936 2279 3005 ignoramur
2293 2934 2345 3000 quis

499 3020 581 3073 γοντα
595 3001 736 3056 νανσνίσαι.
1452 3019 1601 3071 possessor
1620 3008 1674 3069 sit,
1696 3022 1750 3057 non
1770 3021 1920 3074 possumus
1938 3008 2072 3070 delinire,
2090 3008 2153 3073 quis
2172 3021 2239 3058 rcus
2255 3006 2296 3055 sit

552 3078 724 3164 είτεάγνοόη
740 3077 960 3161 είτεμὴάγνσόν
974 3078 1100 3154 δηλονότι.
1134 3076 1266 3163 όσονγάρ
1284 3109 1306 3143 π
1324 3084 1417 3158 ὅςτὴν
1501 3092 1560 3142 eut.
1597 3088 1756 3157 [Tdetet.
1787 3091 1824 3142 nd
1849 3093 1867 3143 i.
1892 3089 1946 3161 14].
1982 3091 2121 3144 Nimirum
2150 3092 2213 3143 sive
2233 3093 2351 3160 ignoraus

500 3155 657 3240 δεσπητείαν.
677 3173 725 3209 rou
745 3173 904 3240 ρτραγματαρ
928 3146 1039 3233 οὐδεμία
1062 3153 1180 3228 διαφορὰ
1204 3161 1255 3214 elie
1279 3109 1354 3223 εἶδός
1378 3170 1417 3225 τις
1451 3159 1511 3211 sire
1531 3173 1586 3210 oon
1610 3161 1756 3228 ignorem.
1783 3161 1852 3213 Nem
1873 3163 1948 3230 quiid
1967 3162 2002 3213 od
2021 3161 2176 3212 dominium
2197 3164 2239 3213 rei
2258 3160 2353 3213 attinet,

502 3228 554 3283 slis
570 3244 673 3298 αγνοων
688 3222 718 3278 τό
737 3226 871 3297 αλλοτριον
888 3242 1023 3297 αγσρασει.
1453 3229 1531 3280 nulla
1550 3226 1713 3281 dilierentie
1731 3238 1790 3291 ert,
1811 3234 1871 3284 sive
1889 3235 1983 3286 sciens
2004 3232 2067 3301 quis
2081 3232 2141 3282 sire
2158 3232 2293 3299 ignorans
2306 3239 2353 3279 ren

1451 3300 1571 3351 alienam
1594 3302 1812 3365 comparaverit.
2108 3292 2112 3311 '

553 3374 645 3447 ἐπειδὴ
666 3372 719 3453 γάρ
743 3370 823 3458 αότός
846 3373 1011 3448 όπεισόλυθε
1033 3378 1070 3443 εἷς
1087 3375 1122 3437 τά
1143 3379 1295 3449 δίκαιατῆς
1311 3377 1418 3457 μητρός,
1504 3384 1564 3436 200.
1602 3382 1757 3449 ίΤΙιοίεί.
1777 3381 1814 3435 οδ
1830 3384 1849 3435 ί.
1865 3380 1920 3453 11].
1948 3380 2021 3436 Nem
2042 3399 2127 3452 quum
2145 3384 2213 3450 lpse
2232 3379 2355 3433 successit

501 3442 601 3506 ἀτοπόν
620 3453 673 3504 ίστι
689 3452 734 3503 τόν
751 3441 831 3503 ciem
847 3469 879 3521 γε
895 3452 972 3506 κινεῖν
989 3442 1134 3525 τὴνίνρέμ
1150 3450 1212 3524 περί
1230 3450 1299 3521 [τῆς]
1320 3454 1418 3510 δεσπο-
1451 3454 1480 3505 ln
1507 3456 1552 3505 ius
1579 3456 1694 3513 mutuis,
1720 3453 1875 3506 absurdum
1899 3461 1959 3516 est,
1990 3462 2110 3506 eundem
2136 3452 2170 3505 de
2197 3449 2357 3506 dominicis

501 3521 572 3583 τείας
594 3518 639 3573 καί
664 3520 692 3572 tu
709 3516 760 3572 τάν
778 3518 897 3573 ἐναντίων
917 3512 1090 3584 [devolvendus
1111 3518 1142 3593 τῇ
1160 3523 1188 3582 ἐξ
1204 3517 1288 3593 ίμπτο
1306 3518 1342 3587 ἀς
1357 3526 1418 3594 κλη-
1454 3538 1511 3575 rem
1530 3540 1616 3592 agere
1638 3532 1667 3575 et
1686 3540 1701 3575 e
1720 3525 1866 3576 contrario
1896 3526 2040 3576 conveniri
2071 3532 2206 3576 exemto
2229 3532 2357 3585 tomqocu

430 3590 434 3597 '
502 3584 640 3663 [ρονόμσν]
658 3584 702 3656 τῆς
718 3582 888 3670 παλησάσης·
914 3584 958 3643 διά
980 3585 1058 3643 ταῦτα
1081 3575 1128 3644 σόν
1144 3583 1283 3646 ἀντίκειται
1306 3588 1377 3665 αὔτα)
1401 3588 1418 3661 ἡ
1453 3592 1585 3645 heredem
1604 3591 1782 3645 conditricis:
1800 3593 1901 3645 ideoei
1917 3593 2084 3649 obstatdoli
2098 3596 2242 3660 exceptio.
2267 3588 2358 3642 veron

501 3656 550 3714 τοῦ
567 3652 671 3722 [δόλον]
689 3676 863 3740 παραγραηη
893 3655 995 3726 [δῆλον]
1011 3652 1117 3722 δι’[ότι]
1133 3653 1232 3724 crissie
1244 3656 1419 3738 δλ[όνληρον],
1452 3663 1613 3715 πεπεικότα
1633 3678 1689 3715 non
1709 3661 1736 3714 in
1759 3669 1865 3724 tntum,
1888 3666 1938 3716 sed
1961 3666 1992 3716 in
2015 3672 2154 3732 quantum
2175 3662 2262 3715 neres
2278 3659 2360 3711 iactus

504 3729 552 3785 αλλ
581 3744 617 3790 τις
633 3745 696 3780 οσον
712 3727 899 3799 ἐκληρονόμησε
914 3725 1002 3798 μόνον,
1017 3723 1144 3800 ὑπομένει
1158 3725 1189 3784 τό
1205 3723 1349 3805 πρόκριμα.
1452 3741 1511 3792 est,
1532 3732 1738 3800 praeiudicium
1756 3735 1875 3800 potitur.

555 3804 749 3885 θεοόάρσυ.
784 3806 830 3866 ἐὰν
846 3805 894 3866 δύο
917 3809 981 3867 τισίν
999 3810 1098 3884 πραθῇ
1122 3807 1151 3868 τό
1178 3808 1373 3891 αότόπράγμα
1389 3820 1419 3881 d}
1502 3819 1562 3869 2⁰9.
1588 3814 1772 3869 Tdeodors'.
1799 3815 1918 3885 [sumno
1932 3815 1951 3868 l.
1966 3814 2021 3883 15].
2044 3813 2075 3867 Si
2090 3815 2207 3867 duobus
2218 3809 2363 3864 eademres

504 3875 655 3962 όλσκληραυ,
679 3880 786 3953 βελτίων
803 3879 874 3935 έστίν
895 3875 910 3935 ό
933 3875 1089 3954 πράτοτςτό
1111 3876 1177 3939 αάτό
1200 3880 1297 3958 λαβάν,
1320 3883 1369 3942 κάν
1385 3884 1418 3943 soi
1451 3886 1624 3938 insolidum
1644 3887 1832 3949 venditarit,
1857 3889 1951 3954 portior
1976 3893 2022 3938 est
2045 3887 2087 3946 is,
2113 3887 2161 3952 qul
2189 3887 2293 3952 priseos
2308 3892 2365 3930 eam

505 3951 655 4023 συμβολαια
677 3943 761 4006 αὐτοῦ
782 3943 831 4005 σόν
855 3948 937 4017 ἔσχεν,
961 3947 985 4005 τί
1000 3948 1030 4031 τὸ
1046 3952 1145 4025 τίμημα
1163 3955 1283 4040 μέντοιγε
1300 3956 1417 4012 δέδοικεν,
1452 3957 1579 4022 accepit,
1598 3959 1666 4009 licet
1684 3959 1876 4008 instrumenta
1893 3956 1954 4008 eius
1973 3972 2029 4008 non
2048 3951 2202 4015 habuerit,
2231 3954 2256 4004 sl
2278 3958 2363 4001 nutu

504 4022 571 4089 πλην
595 4022 682 4076 etim
703 4013 874 4089 ἀφίστασθαι
894 4017 940 4087 τῆς
961 4039 1082 4090 πρασεως
1102 4017 1231 4095 λαμβάνει
1254 4044 1269 4080 o
1292 4027 1419 4098 κατέβαλε
1454 4028 1577 4092 pretinm
1596 4025 1715 4078 dederit.
1754 4026 1803 4077 Sin
1834 4025 1980 4078 discedere
2006 4039 2023 4076 a
2048 4027 2223 4075 venditione
2244 4018 2367 4077 voluerit,

503 4090 604 4175 τίμημα
621 4085 688 4160 μετά
706 4087 751 4144 καί
767 4084 857 4154 τόκων,
879 4090 989 4163 παρέχει
1011 4091 1041 4146 δέ
1063 4087 1143 4156 όσσυς
1164 4090 1223 4161 ἔσχε
1247 4090 1366 4169 καρποὺς
1389 4099 1418 4159 ίξ
1453 4098 1576 4162 pretium
1597 4097 1672 4163 quod
1695 4095 1774 4148 dedit
1797 4111 1859 4149 cum
1880 4095 1975 4148 usuris
1994 4094 2107 4160 recipit,
2135 4092 2255 4144 fructus
2281 4096 2366 4141 auten

505 4159 589 4215 αυτοῦ
618 4158 665 4214 τοῦ
693 4155 858 4233 πράγματος.
893 4158 926 4214 τὰ
953 4156 1006 4232 γὰρ
1037 4156 1157 4234 εἰρημένα
1185 4166 1276 4237 ιιρατελ
1301 4162 1346 4219 καί
1375 4163 1419 4220 ίπδ
1453 4179 1486 4216 es
1514 4179 1549 4215 ea
1577 4181 1607 4219 re
1634 4174 1783 4232 perceptos
1813 4172 1949 4232 praestat.
1984 4163 2090 4214 Eadem
2120 4163 2260 4214 obtinent
2286 4161 2314 4211 in
2341 4170 2366 4208 re

503 4227 662 4300 πράγματος
679 4228 844 4303 δωρηθέντσς
860 4225 909 4284 δόα
926 4231 1003 4283 escis·
1023 4225 1106 4320 όγόρ
1123 4225 1234 4306 πρώτως
1250 4228 1418 4307 λαβάναέτο
1454 4235 1565 4288 duribus
1586 4235 1709 4286 donetur
1731 4235 1779 4302 qui
1797 4238 1870 4287 enim
1891 4237 1996 4302 primus
2019 4248 2076 4285 rem
2096 4230 2240 4283 donatum
2259 4226 2369 4296 accendis

504 4300 536 4356 τό
560 4300 577 4356 d
615 4300 697 4369 retr.
726 4301 847 4371 κρείττων
858 4298 888 4384 δ’]
909 4305 1016 4357 νοεῖται.
1062 4297 1171 4376 [ανάγν.
1199 4306 1238 4377 fle.
1258 4301 1300 4369 ὅ]
1329 4307 1363 4362 τί,
1382 4303 1419 4375 λζ’
1454 4307 1550 4371 potior
1568 4320 1630 4357 esse
1650 4303 1832 4374 intelligitur.
1863 4304 1940 4374 Lege
1958 4301 2055 4355 nutv
2073 4301 2160 4354 ticet
2182 4296 2368 4376 constanti

504 4320 659 4450 διατάἀῇλ,
676 4367 745 4424 ἔνθα
761 4368 850 4439 φησίν,
872 4390 913 4425 στι
930 4366 975 4426 ίάν
992 4368 1019 4426 oi
1035 4363 1208 4447 ἀγοράζοντες
1227 4370 1297 4458 ὅμοό
1313 4374 1358 4444 τῆς
1373 4397 1420 4432 νο.
1454 4372 1538 4436 dicte,
1565 4378 1590 4426 si
1616 4383 1740 4425 emtores
1766 4373 1850 4425 sinsul
1875 4374 2081 4441 possessionem
2108 4372 2148 4422 rei
2177 4380 2278 4424 emtse
2304 4373 2369 4420 neoti

504 4436 555 4509 μῆς
570 4458 618 4493 τον
635 4432 836 4509 ἀγοροοθέντοι
852 4435 1041 4513 ἐπιλάβωνται,
1065 4442 1156 4507 ιιοαάς
1172 4441 1256 4499 odron
1273 4440 1421 4513 δεσπόζου-
1453 4445 1531 4501 sint,
1559 4458 1609 4495 eos
1635 4444 1823 4495 communiter
1841 4442 1970 4495 dominos
1993 4442 2070 4506 lieri,
2100 4441 2170 4492 licet
2200 4442 2282 4495 olter
2303 4437 2370 4492 scius

505 4528 555 4573 σιν,
571 4499 695 4571 tristicie
711 4502 791 4578 μόνος
806 4508 840 4565 τά
856 4504 923 4582 όπέρ
942 4504 1026 4566 ositos]
1042 4507 1156 4583 δημόσια
1173 4515 1313 4587 κατέβαλεν
1320 4512 1356 4579 ⁶).
1455 4514 1564 4564 tributa
1580 4511 1617 4566 ob
1637 4528 1696 4565 rem
1713 4513 1880 4566 exsolverit.

556 4595 584 4648 έν
600 4590 636 4662 τῷ
654 4587 776 4654 πλείτω)
795 4591 838 4658 „tl
853 4592 884 4650 τὸ
899 4595 1000 4668 τίμημα
1016 4595 1176 4669 νατέβαλεν“
1193 4596 1247 4667 ἔχει
1264 4593 1421 4664 ἀκολούθως
1504 4599 1565 4652 sto.
1602 4596 1712 4665 [selsel.
1726 4597 1877 4666 adranii
1893 4604 1920 4648 et
1943 4593 2081 4650 Tltalsl.
2099 4591 2166 4652 ιιατά
2186 4592 2281 4662 πόδας
2295 4593 2313 4646 l.
2324 4586 2373 4658 15]

503 4659 625 4743 reineri
641 4655 726 4742 πόδας
744 4662 829 4732 ἔχοντι
851 4663 896 4719 καί
917 4659 989 4749 adrui
1005 4659 1104 4729 οάτως·
1131 4662 1283 4732 όσάιιιςδόο
1300 4667 1366 4726 τισίν
1383 4666 1420 4733 εἰς
1455 4665 1486 4717 ln
1504 4668 1546 4741 τῷ
1563 4665 1687 4725 πλάτει
1716 4666 1817 4720 huben
1846 4665 1897 4729 nei
1919 4663 1951 4724 τό
1967 4669 2066 4749 τίμημα
2089 4667 2267 4736 κατέβαλεν“
2289 4666 2329 4716 101
2346 4668 2373 4710 ⁸⁸

503 4726 643 4799 όλονληρον
660 4750 743 4803 ντημα
761 4735 877 4805 νομίμως
892 4754 1076 4807 πιπράσκεται,
1101 4731 1244 4818 mercedes)
1259 4734 1306 4807 τίμ
1322 4739 1420 4795 dmo-
1454 4746 1597 4805 congruat
1615 4752 1678 4789 cuns
1698 4738 1827 4790 versione
1845 4758 1936 4794 κατα
1951 4738 2073 4802 ποδας,
2092 4748 2166 4802 quae
2187 4736 2259 4802 ipsa
2275 4735 2317 4786 sic
2332 4728 2372 4811 less

502 4800 575 4885 ηείαν
590 4800 711 4872 βελτίονα
730 4795 802 4857 εἶναι.
838 4801 861 4858 d
884 4805 970 4859 τοίνυν
986 4804 1148 4876 προλαβόντι
1166 4802 1255 4878 γρὸνρ
1278 4803 1309 4862 τὸ
1332 4807 1419 4880 „effen
1455 4805 1521 4857 bete
1542 4809 1660 4869 Quoties
1681 4808 1791 4859 duribus
1809 4808 1840 4858 in
1858 4806 1981 4859 solidum
1997 4805 2144 4874 praedium
2161 4803 2236 4857 iure
2253 4797 2376 4857 discrete

503 4869 660 4944 ηγορακέναι
681 4869 727 4924 καὶ
749 4869 779 4926 τό
804 4872 904 4944 τίμημα
926 4874 1145 4945 καταβεβληκέκαι
1167 4872 1244 4949 παρὰ
1260 4876 1296 4947 τῷ
1313 4869 1420 4951 ἄρχοντι
1456 4880 1521 4938 tur,
1556 4877 1739 4928 manifestum
1777 4874 1838 4927 ...ζ
1847 4905 2029 4927 ...........
2074 4873 2242 4926 dominium
2293 4870 2375 4940 potius

502 4937 549 5006 τῆς
570 4938 698 5027 ἐπαρχίας
719 4933 879 5005 ἀποδείξεις,
904 4937 1069 5015 πρσσχίματι
1090 4941 1143 4998 τάν
1165 4940 1203 5031 μη
1226 4945 1361 5003 δοθέντων
1377 4967 1421 5003 σοι
1454 4959 1526 4996 esse.
1561 4944 1591 4997 Si
1623 4948 1713 5016 igitur
1741 4945 1930 4998 antecedente
1957 4950 2086 5011 tempore
2111 4953 2140 4995 te
2167 4944 2377 5011 possessiones

503 5008 672 5079 συμβολαιυν
689 5003 866 5080 ίκβάίλεσθαί
886 5029 916 5065 σε
939 5009 984 5077 τῆς
1006 5032 1036 5066 νο
1058 5011 1087 5079 ἧς
1111 5006 1159 5068 osis
1183 5016 1312 5098 πνίγεται.
1344 5020 1372 5072 έν
1388 5016 1421 5086 τη
1455 5015 1557 5065 emisse
1577 5030 1609 5065 nc
1629 5018 1751 5084 pretium
1771 5016 1928 5069 exscindere
1949 5010 2022 5082 opud
2038 5011 2203 5080 praesidem
2218 5011 2378 5080 provinciae

503 5079 586 5147 κρίσει
603 5077 633 5133 δέ
647 5075 679 5151 τῇ
696 5077 742 5146 σῇ,
765 5075 795 5134 τό
812 5081 922 5169 τίμημα,
945 5075 1011 5154 ὅπερ
1045 5081 1151 5146 ε’δακας,
1166 5103 1236 5155 μετα
1250 5079 1333 5141 τόνων
1352 5072 1421 5141 τίνα’-
1456 5084 1644 5150 probareris,
1672 5088 1792 5137 obtentu
1817 5100 1873 5135 non
1893 5084 2027 5137 datorum
2045 5083 2097 5134 tibl
2116 5085 2378 5135 instrumentorum

504 5148 603 5217 λαβεῖν,
626 5142 696 5202 οὕτω
719 5148 749 5204 δέ
769 5144 850 5219 ὅμως,
873 5150 916 5204 ι’να
940 5148 993 5203 τῶν
1008 5150 1162 5221 ληφθέντων
1177 5152 1287 5224 καρπῶν
1302 5154 1347 5210 καὶ
1367 5153 1420 5209 τῶν
1456 5155 1560 5220 espelii
1584 5163 1612 5205 te
1631 5171 1648 5206 u
1670 5156 1848 5221 prissessione
1867 5169 1923 5205 non
1943 5154 2062 5220 patitur.
2086 5151 2119 5204 ln
2139 5153 2278 5206 arbitrio
2292 5156 2379 5203 sumis

506 5212 699 5289 δαπανημάτων
714 5219 818 5293 γίνηται
835 5211 928 5290 λόγος,
949 5212 1045 5284 ὁπότε,
1068 5214 1149 5287 ciet)
1166 5215 1222 5278 ἀπὸ
1237 5222 1339 5296 διοριεῖς
1358 5219 1419 5279 ixei-
1458 5233 1508 5274 tuo
1528 5221 1630 5292 [criti.
1651 5226 1789 5292 pretione,
1808 5222 1884 5293 quiid
1902 5222 2025 5284 dedisti,
2042 5237 2106 5273 cum
2124 5225 2234 5275 usuris
2252 5223 2380 5289 recipere

573 5424 621 5486 40)
640 5424 718 5472 lleest
735 5423 763 5471 in
783 5427 846 5476 cod.
1440 5426 1445 5548 ]
1530 5434 1576 5495 51)
1594 5430 1673 5492 Enni.
1691 5434 1840 5484 1ο1.50.55.
1865 5437 1916 5482 loc.
1933 5434 1978 5484 ίσλ
1988 5436 2030 5482 05.
2040 5434 2082 5481 02.

576 5495 622 5556 50)
641 5494 704 5542 vide
721 5492 827 5547 Hss'csd.
843 5496 868 5543 ll
888 5507 913 5556 ρ.
927 5496 974 5544 107
993 5496 1081 5557 netz.
1101 5498 1127 5544 et
1144 5495 1195 5545 sch.
1206 5498 1267 5547 210.

509 5591 959 5609 n—————

577 5661 604 5713 ⁸l
623 5659 685 5709 0⁰¹1.
702 5659 749 5709 eds
766 5648 880 5725 αἷόρισν.
1457 5668 1620 5715 linsilicorum
1642 5671 1739 5713 sumtus
1757 5672 1804 5717 cst.
1833 5670 1919 5727 lisque
1934 5666 2052 5736 ἑρμηνεία
2069 5665 2217 5713 Τίιπίιίαεί
2227 5664 2386 5727 negatione!

575 5734 607 5790 c)
627 5730 755 5778 Nonnulla
773 5732 932 5785 exciderunt.
1458 5752 1509 5785 non
1529 5738 1663 5790 intrueret,
1687 5738 1731 5783 sed
1749 5738 1898 5785 adiecerunt
1917 5737 2084 5784 liasillcorum
2101 5735 2251 5784 erciisecti
2281 5734 2351 5784 illem
2365 5730 2387 5775 ἰο

575 5798 601 5851 ό]
620 5797 683 5847 Cod-
701 5806 822 5859 κρεῖττον.
1439 5811 1558 5951 ‘textum
1576 5806 1737 5865 recipientes.

577 5868 606 5930 ε)
623 5866 687 5913 eod.
706 5869 836 5917 videtntur
852 5867 942 5918 honere
961 5867 999 5931 εἴ.
1521 5878 1559 5941 f)
1581 5875 1710 5922 Nonnulla
1729 5875 1858 5926 excidisse
1877 5874 2040 5924 menifestum
2058 5879 2106 5936 est,
2125 5871 2195 5923 licet
2220 5872 2253 5920 in
2273 5870 2335 5919 cod.
2357 5867 2387 5912 ls-

577 5938 605 5996 d)
625 5939 708 5994 snper·
726 5939 818 5984 lineam
837 5936 864 5983 ln
880 5940 941 5987 cod.
960 5940 1129 6001 adscriptum:
1148 5940 1261 5992 δίδαιιν.
1441 5959 1524 5995 ‚curta
1545 5958 1596 5990 non
1614 5952 1744 6004 spparest.
1897 5942 1901 5949 “

579 6004 604 6070 ε)
624 6010 721 6068 Neruios
740 6007 777 6055 sic
797 6010 901 6054 roratur
916 6009 1035 6076 έρμηιιία
1055 6011 1197 6077 Tdoletaei,
1217 6025 1251 6062 ex
1274 6024 1323 6075 qus
1338 5998 1446 6079 tentori
1526 6017 1555 6078 ς)
1576 6014 1639 6071 cod,
1658 6014 1711 6065 sci.
