4842 7018
794 491 976 560 curlus
997 493 1147 561 LEGIS
1169 486 1478 596 RHO‘DIORUM.
1983 496 2045 560 109

219 672 316 751 ίγγεα
342 668 400 734 καί
432 671 591 736 ἀκίνδυνα
622 677 900 759 ἐπιγραφέτωσαν
930 673 1021 740 κατά
1052 686 1119 739 τῶν
1145 697 1201 757 pos
1223 685 1399 758 montesque
1422 676 1493 757 [iter
1514 676 1705 758 facientibus]
1733 676 1905 750 creduntur,
1929 674 2046 737 fideius-

220 776 342 860 ῥθδῖωί
364 779 482 860 νόμων·
1146 783 1263 846 eoribus
1287 783 1497 846 accedentibus
1519 794 1550 846 et
1572 785 1636 846 sine
1658 782 1802 865 periculo,
1823 782 1993 845 referantur
2014 781 2045 843 in

1146 893 1326 974 scripturam
1349 893 1436 954 iuxta
1456 891 1631 954 rhodiorum
1653 882 1757 972 legem.

167 994 182 1044 ἲ
284 990 358 1057 ’roo
374 993 506 1081 δανείσῃ
524 995 601 1078 [τις]
619 1000 652 1058 ἐν
667 997 779 1070 τόκοις
794 994 850 1060 καί
867 1002 893 1060 εί
909 1000 970 1061 ἔτει
987 995 1119 1084 τελέσῃι
1212 998 1245 1062 ei
1269 998 1400 1080 pecunia
1421 1000 1469 1061 cui
1492 999 1587 1061 fenori
1607 1000 1647 1061 sit
1670 998 1751 1072 data,
1779 998 1864 1079 isque
1885 996 2046 1079 quotannis

129 1850 180 1902 ιθ’.

60 1955 114 2021 sol.
127 1960 180 2008 δύ’.

145 2968 178 3041 β’.

144 3131 178 3204 ys.

145 3290 178 3346 d'.

148 3560 177 3613 ε’.

144 3721 178 3785 ζ.

149 3882 178 3943 ἵ.

145 4148 177 4216 η’.

136 4417 178 4475 θ’.
282 4376 305 4482 ir
333 4416 520 4500 ναυκλήρου
550 4413 608 4480 καί
643 4415 811 4500 ἐπιβατῶν
843 4416 915 4504 περὶ
948 4418 1117 4504 ἀποβολῆς
1211 4416 1250 4478 de
1276 4417 1420 4498 magistro
1448 4418 1677 4499 rectoribusque
1710 4418 1749 4479 de
1775 4417 1859 4480 iactu
1890 4416 2048 4479 consulen-
2101 4428 2126 4478 9.

151 4685 177 4737 ι’.

132 4847 177 4898 ια’.

136 5002 177 5074 ιβ.

133 5271 177 5343 vs.

134 5429 176 5485 ιδ’.

219 1096 297 1174 τοὺς
320 1102 474 1182 ἐννόμους
496 1103 615 1176 τόκους
630 1101 713 1184 μετά
729 1103 763 1167 δὲ
778 1102 867 1168 ὀκτὼ
883 1107 938 1181 ἔτη
954 1105 1119 1168 ἀπώλειαν
1146 1107 1268 1170 solverit
1295 1106 1446 1186 legitimas
1474 1127 1590 1180 usuras,
1621 1114 1691 1186 post
1722 1113 1825 1167 eutem
1855 1113 1923 1166 octo
1951 1124 2046 1166 annos

219 1208 379 1288 γενέσθαι
411 1207 431 1283 i>
459 1205 624 1289 πυρκαϊάν
656 1208 675 1285 ί)
707 1210 893 1292 διαρπαγήν
924 1211 1118 1297 βαρβαρων,
1146 1215 1234 1275 ruina
1260 1213 1315 1276 fiat
1341 1213 1391 1275 vel
1413 1213 1584 1275 incendium
1611 1212 1660 1275 vel
1687 1211 1881 1293 depopulatio
1903 1209 2046 1272 barbaro

219 1325 286 1377 τῶν
313 1315 421 1377 τόκων
444 1313 593 1389 διάλυσις
620 1318 769 1396 γινέσθω
796 1314 886 1381 κατά
908 1329 975 1381 τῶν
998 1318 1119 1402 ροδίων
1145 1342 1221 1393 rum,
1241 1340 1400 1382 usurarum
1416 1321 1542 1381 cessatio
1562 1319 1616 1381 fiat
1635 1320 1722 1381 iuxta
1738 1318 1912 1380 rhodiorum
1936 1317 2045 1397 legem3

219 1422 334 1500 νόμον·
359 1426 384 1484 εί
409 1420 442 1484 δί
465 1418 508 1501 μή
532 1421 644 1508 τελίση
667 1421 745 1497 τούς
761 1426 880 1498 τόκους
896 1429 932 1488 ἐκ
949 1435 1016 1488 τῶν
1031 1425 1118 1506 νομί·
1146 1427 1228 1508 quod
1251 1428 1277 1489 si
1300 1447 1407 1488 usuras
1430 1447 1491 1488 non
1514 1426 1637 1490 solverit
1657 1425 1816 1506 legitimas,
1839 1444 1917 1505 quae
1934 1425 2048 1504 scripta

218 1549 296 1608 μων,
320 1524 363 1590 τά
386 1530 542 1615 ἔγγραφοι
563 1527 663 1614 κύριά
686 1535 755 1593 ἐστι
773 1528 863 1595 κατά
879 1528 940 1606 τάς
956 1536 1119 1617 προτέρας
1146 1542 1219 1598 sunt
1232 1543 1301 1595 rata
1315 1543 1393 1607 sunt,
1410 1534 1575 1595 secundum
1590 1532 1703 1615 priores
1718 1531 1939 1606 conventiones,
1959 1531 2047 1593 sicuti

219 1634 403 1716 συνθήκας,
427 1633 549 1710 καθὼς
572 1635 611 1700 τὸ
634 1640 805 1725 ἔγγραφον
827 1642 994 1725 προφέρει.
1146 1642 1247 1703 cautio
1267 1640 1389 1722 profert

288 1740 334 1805 oo
358 1741 407 1804 δεῖ
428 1742 715 1827 συμβαλλομένους
738 1745 944 1831 ναννληρεῖνε
960 1743 1024 1793 -²
1212 1748 1283 1808 Non
1305 1756 1424 1828 oportet
1445 1768 1496 1810 eos
1519 1748 1571 1827 qui
1594 1747 1752 1808 conferimt
1772 1745 1836 1807 fieri
1858 1743 2027 1825 magistros.

287 1847 327 1913 Οί
345 1847 523 1935 ναύκληροι
542 1850 811 1935 ναυκληροῦντες,
832 1849 1119 1936 συμβαλλομένου8
1212 1853 1436 1928 Nevicularios,
1458 1853 1511 1934 qui
1533 1874 1642 1916 navem
1665 1862 1813 1927 exercent,
1840 1851 1953 1914 collata
1974 1851 2048 1915 navi

217 1963 279 2018 τοῦ
300 1957 417 2019 πλοίου
438 1955 481 2037 μή
504 1957 643 2021 ἔλαττον
666 1967 727 2021 τοῦ
744 1961 939 2043 τριμερίτου,
964 1956 1048 2023 ὅπου
1063 1956 1120 2023 ὲάν
1146 1981 1207 2022 non
1230 1961 1330 2023 minus
1352 1962 1442 2023 tertie
1463 1970 1558 2041 parte,
1585 1980 1764 2042 quocunque
1787 1961 1959 2033 mittantur,
1986 1979 2049 2038 qua

217 2063 495 2143 ἀποστέλλωνται,
518 2061 614 2128 καθὸ
634 2063 684 2128 δεῖ
700 2065 859 2148 χρήματα
874 2065 1048 2149 χρηννύειν
1061 2064 1119 2130 καί
1146 2069 1262 2129 ratione
1285 2069 1430 2149 pecunias
1453 2088 1570 2130 sumere
1592 2087 1704 2148 easque
1725 2086 1780 2148 per
1797 2086 1907 2129 navem
1930 2067 2048 2128 mittere

217 2170 428 2233 ἀποστέλλειν
455 2168 506 2233 ἐπί
534 2170 650 2235 πλοιόυ
676 2170 766 2236 κατά
789 2173 917 2257 θερίαν
946 2173 1003 2237 καί
1030 2169 1120 2238 κατά
1147 2183 1292 2256 oporteat,
1316 2174 1480 2237 secundum
1496 2211 1538 2220 —
1554 2210 1597 2220 -
1616 2210 1654 2221 -
1672 2210 1715 2220 -
1733 2183 1765 2235 et
1783 2173 1949 2235 secundum
1963 2172 2047 2234 navi·

217 2275 348 2357 πλοῦν4,
371 2278 492 2351 καθῶς
516 2274 558 2340 ἀν
581 2279 839 2366 συνεγράψαντο
858 2279 958 2363 κύρια
977 2284 1075 2344 ίστω·
1100 2282 1118 2344 ό
1145 2283 1311 2363 geilonem,
1343 2281 1488 2361 quidquid
1520 2281 1706 2363 scripserint,
1742 2288 1843 2342 retum
1874 2288 1946 2341 esto.
1995 2278 2047 2358 qui

217 2383 251 2446 δὲ
268 2384 399 2466 χρήσας
421 2380 465 2447 τά
481 2384 641 2469 χρήματα
664 2389 864 2466 ἐπιπεμπέτω
879 2388 1067 2469 ἀνθρωπον
1083 2384 1119 2461 ὃς
1146 2409 1216 2451 vero
1238 2387 1382 2467 pecunias
1403 2387 1560 2462 feneravit,
1582 2388 1684 2449 mittat
1706 2387 1858 2450 hominem
1873 2387 1926 2467 qui
1941 2395 2047 2447 mutuo

218 2489 260 2553 ἀν
284 2491 529 2575 ἐπιχρήννυταιε
547 2528 587 2538 -
1146 2495 1255 2557 medat

286 2631 433 2700 Κεφάλοιο
451 2631 536 2702 νόμον
554 2630 653 2705 ροόίων
664 2630 724 2686 κοτ’
740 2632 850 2706 ἐκλογήν
860 2595 881 2688 ri
893 2635 1048 2689 ναυτικῶν)
1198 2633 1299 2706 Capita
1317 2634 1388 2707 legis
1405 2634 1565 2689 rhodiorum
1582 2634 1688 2690 selecta
1705 2634 1741 2691 de
1758 2634 1842 2691 rebus
1859 2634 1988 2689 nauticis.

224 2902 227 2909 .
283 2811 368 2897 Περί
392 2810 547 2897 ἀγκύραιν
570 2812 687 2876 πλοίου
709 2812 904 2877 κλαπεισῶν.
1211 2815 1261 2877 De
1284 2815 1401 2878 ancoris
1423 2814 1510 2876 navis
1533 2813 1692 2895 subreptis.

282 2933 305 3037 ir
328 2972 484 3057 ἀγκύραιν
505 2972 563 3036 καί
586 2973 709 3037 λοιπῶν
731 2974 892 3059 λξαρτίων
918 2976 1116 3040 κλαπέντων.
1211 2977 1250 3037 de
1273 2976 1389 3038 ancoris
1412 2975 1576 3056 ceterisque
1598 2977 1792 3039 armamentis
1815 2976 1974 3057 subreptis.

282 3094 305 3198 is
327 3131 453 3197 ναύτου
474 3132 599 3211 κλοπήν
621 3137 855 3219 ἐργασαμένου.
1211 3137 1249 3199 de
1270 3145 1366 3198 nauta
1387 3136 1441 3216 qui
1462 3136 1577 3198 hirtum
1599 3137 1756 3198 commisit.
1788 3102 1789 3105 ί

282 3254 304 3357 ir
328 3294 445 3359 πλοίου
467 3293 735 3372 &absterreri
758 3306 924 3380 πειρατῶν
939 3294 1025 3360 σύλα
1040 3294 1117 3360 ύπο·
1211 3298 1249 3360 de
1271 3298 1344 3360 navi
1366 3317 1386 3358 e
1407 3295 1524 3358 furibus
1546 3295 1692 3378 piratisve
1714 3293 1851 3377 spoliata

214 3403 395 3484 μείναντος.

282 3522 305 3626 π
327 3570 459 3625 ναυτῶν
481 3565 515 3623 ἐν
537 3562 628 3648 μάχη
650 3561 788 3644 κήλωμα
810 3565 1054 3647 ἐργασαμένων.
1210 3564 1249 3627 de
1270 3564 1372 3626 nautis
1395 3565 1448 3644 qui
1470 3565 1501 3625 in
1523 3563 1591 3624 rixa
1612 3562 1724 3626 vulnus
1747 3562 1910 3625 intulerint

282 3682 305 3786 ir
327 3731 459 3785 ναυτῶν
481 3726 513 3784 ἐν
536 3722 627 3806 μοίγη
651 3723 759 3809 φόνον
780 3726 1023 3806 ἐργασαμένων.
1210 3725 1249 3787 de
1271 3726 1372 3787 nautis
1395 3724 1448 3804 qui
1469 3724 1501 3785 in
1524 3724 1592 3785 rixa
1613 3723 1809 3786 homicidium
1832 3721 1966 3785 fecerint

281 3842 303 3946 ir
336 3892 467 3945 ναυτῶν
498 3886 532 3944 ὲν
568 3882 659 3967 μοίχη
692 3882 842 3967 πήρωσιν
878 3885 1067 3971 ὀφθαλμοῦ
1097 3885 1117 3963 ἢ
1210 3882 1248 3944 de
1279 3883 1380 3945 nautis
1412 3884 1465 3964 qui
1495 3885 1528 3945 in
1560 3885 1628 3945 rixa
1664 3884 1819 3947 oculorum
1857 3881 2048 3945 effossionem

215 3990 352 4053 αἰδοίων
374 3989 518 4066 κήλωσιν
540 3992 783 4072 ἐργασαμένων.
1144 3989 1320 4053 λιεετιίευιυε
1340 3987 1522 4053 induxerint

281 4110 304 4215 ir
327 4149 515 4234 ναυκλήρου
529 4147 587 4213 καί
602 4149 727 4213 ναύτου
742 4150 924 4235 ἀλλοτρίαν
943 4152 1117 4237 λαβόντων
1210 4150 1249 4211 de
1270 4149 1415 4229 magistro
1438 4153 1598 4233 nectimus
1621 4171 1734 4213 merces
1758 4151 1873 4213 alienes
1896 4169 2047 4231 occupan-

214 4256 363 4334 ένθήκην
385 4254 443 4319 καί
466 4252 528 4318 σὺν
550 4264 612 4320 τοῦ
634 4257 751 4320 πλοίου
773 4256 1050 4341 ἀποδρασάντων.
1144 4256 1225 4318 tibus
1248 4265 1371 4318 etcum
1394 4277 1474 4320 nave
1495 4257 1729 4355 aufugientibus.

214 4523 468 4609 βουλευομένων.
1144 4524 1234 4586 tibus.

281 4643 304 4748 ir
328 4683 445 4748 πλοίου
466 4683 584 4764 ζημίαν
606 4683 626 4760 ή
649 4685 810 4765 ναυάγιον
832 4684 1077 4767 ὑπομείναντος.
1211 4684 1249 4747 de
1272 4704 1351 4747 nave
1372 4684 1521 4747 iacturam
1543 4683 1776 4765 naufragiumve
1798 4705 1898 4766 passa.

281 4804 304 4907 ir
327 4844 480 4927 ἐμπόρων
503 4843 603 4906 πλοῖα
626 4842 861 4926 ναυλουμένων.
1211 4845 1250 4908 de
1271 4842 1491 4907 mercatoribus
1514 4864 1608 4908 naves
1631 4844 1879 4908 conducentibus.

281 4964 303 5068 ri
328 5003 436 5079 ποίσης
459 5003 666 5088 παραθήκης
689 5003 857 5087 διδομένης
879 5009 914 5069 ἐν
931 5005 1034 5089 πλοίῳ
1050 5005 1070 5083 ή
1085 5010 1119 5069 ἐν
1211 5005 1250 5068 de
1272 5006 1354 5067 omni
1376 5004 1514 5085 deposito
1536 5006 1568 5066 in
1590 5005 1663 5067 navi
1686 5006 1812 5068 domove
1834 5005 1915 5067 dato.

214 5114 303 5173 οίκω.

281 5230 303 5334 ir
326 5270 533 5353 παραθήκης
552 5270 697 5355 χρυσίου
719 5271 975 5354 ἀντιλεγομένης.
1212 5271 1249 5335 de
1271 5273 1337 5334 euri
1360 5273 1496 5355 deposito
1520 5282 1718 5336 controverso.

280 5390 581 5511 huntendunescire
590 5429 650 5506 τήν
660 5432 868 5514 παραθήκην
877 5434 1116 5514 ἀρνησαμένου.
1212 5432 1249 5494 δε
1271 5452 1306 5494 eo
1328 5433 1382 5513 qui
1404 5433 1573 5514 depositum
1597 5434 1714 5514 aceepit
1737 5441 1769 5494 et
1791 5440 1891 5512 negat

284 5607 294 5640 ¹
312 5608 462 5675 τελευτήσει
473 5604 541 5663 God.
597 5607 609 5639 ¹
626 5607 706 5662 deest
718 5608 793 5677 apud
805 5613 921 5663 ceteros.
944 5607 1037 5664 Verbo
1050 5607 1195 5680 ναύκληρος
1213 5625 1269 5663 nou
1281 5625 1392 5679 semper
1408 5610 1586 5664 exercitoranr
1603 5607 1755 5682 significari
1767 5613 1843 5663 recte
1859 5608 1967 5661 monuit
1979 5606 2046 5661 Par·

212 5696 310 5750 deseus
322 5696 336 5750 I
349 5700 497 5750 trs-280.
511 5726 545 5734 —-
557 5695 636 5751 Duas
649 5695 726 5768 leges
737 5696 813 5766 apud
825 5697 857 5751 L.
871 5703 996 5753 extentes
1008 5697 1079 5751 liber
1092 5698 1203 5752 omittit.
1250 5696 1261 5728 ⁸
1279 5697 1311 5752 τὰ
1325 5696 1527 5769 ουμβυλλόμενα
1540 5698 1582 5752 ed.
1597 5758 1600 5764 Δ
1628 5698 1640 5729 ⁴
1658 5715 1714 5753 non
1726 5697 1866 5769 intellego.
1893 5695 1968 5752 Num
1981 5695 2048 5748 κατὰ

212 5786 330 5856 θυραῖον
339 5784 426 5858 [fimi
434 5786 494 5854 (per
504 5791 610 5840 exteras
620 5787 757 5853 nationes)
766 5785 936 5858 cfHesych3
946 5785 1214 5857 ed.(praeterVinn.)
1223 5785 1291 5841 καθ’
1304 5787 1465 5857 disposicio
1473 5791 1518 5840 nni
1527 5785 1586 5840 κατ’
1597 5788 1829 5860 ἀμφοτεροπλοῦν.
1866 5786 1878 5818 ⁶
1889 5786 2049 5857 Sequuntur

213 5873 296 5928 index
309 5874 431 5943 capitum
450 5873 520 5944 legis
532 5873 647 5929 rhodiae
659 5881 688 5930 et
700 5876 832 5945 deinceps
845 5877 906 5945 ipsa
918 5877 1020 5946 capita,
1039 5892 1111 5946 quae
1123 5877 1225 5944 omnia,
1243 5878 1371 5948 quamvis
1390 5876 1466 5931 edite
1478 5892 1497 5930 s
1509 5875 1636 5946 pluribus
1648 5878 1712 5944 sint,
1730 5875 1882 5947 repetenda
1894 5891 2046 5930 censemus.

212 5962 283 6017 liber
296 5964 369 6016 enim
382 5961 572 6018 ambrosianus
584 5981 640 6018 non
654 5962 753 6033 solum,
767 5964 843 6034 quod
856 5965 892 6018 ad
906 5981 964 6019 rem
974 5967 1063 6034 ipsam
1075 5967 1204 6035 pertinet,
1213 5966 1294 6035 plura
1302 5965 1426 6035 praebet,
1441 5981 1513 6036 quae
1522 5970 1621 6019 notatu
1630 5965 1717 6037 digna
1728 5964 1885 6033 videantur,
1900 5964 1950 6019 sed
1963 5965 2048 6018 etiam

212 6051 336 6122 linguam
350 6051 510 6124 stylumque
527 6054 663 6124 genuinos
681 6053 775 6121 refert,
794 6055 842 6125 qui
860 6055 890 6107 iu
902 6055 1001 6108 ceteris
1012 6056 1208 6126 manuscriptis
1226 6060 1312 6124 atque
1330 6053 1500 6110 editionibus
1518 6055 1555 6109 ad
1567 6071 1741 6109 communem
1759 6070 1840 6108 usum
1857 6055 1957 6108 mutati
1974 6056 2047 6108 sunt

2102 2825 2115 2874 1

2101 2984 2117 3034 2

2101 3145 2126 3195 3.

2101 3306 2118 3353 4

2102 3574 2127 3624 h.

2101 3734 2127 3783 d.

2102 3893 2127 3943 t.

2102 4160 2126 4210 8.

2086 4696 2127 4746 10.

2086 4858 2126 4906 11.

2085 5015 2126 5066 12.

2086 5283 2127 5332 13.

2085 5444 2126 5494 14.
