4842 7018
342 465 345 472 ¹
408 437 450 501 54
1057 433 1212 501 LIBER
1233 432 1372 500 XXXV.
1416 432 1591 501 111111.

259 624 306 694 sol.
320 629 371 708 7⁸¹.
409 616 478 697 ἰδίρι
507 602 567 701 ’γι-μ
598 615 657 680 καὶ
683 617 857 697 ἐπήγαγεν·
890 614 1078 700 ,βούλομαι
1106 616 1190 699 ὑμῶς
1222 619 1315 699 άμοι-
1342 616 1483 696 propriae
1505 615 1595 678 matri
1617 625 1649 680 01
1670 617 1801 680 addidit:
1824 619 1911 693 „volo
1925 639 1980 682 ros
1995 618 2126 681 invicem
2146 619 2249 681 teneri

258 696 373 821 (mm
407 721 516 809 βαδδν
542 723 752 801 κατέχεσθαι
781 727 829 805 τῷ
856 723 1120 809 φιδυικομμίσσφ
1148 728 1208 798 ἕως
1235 726 1314 787 άνα-
1342 742 1381 783 ex
1412 721 1642 787 fideicommisso
1673 724 1769 788 donec
1796 726 1997 789 educaveritis
2027 726 2105 789 duos
2135 725 2247 799 filios“;

270 839 369 908 periit)
409 832 565 917 θρέψητι
588 828 647 893 δύο
672 834 790 894 τέκνά(
814 833 841 893 11
863 829 920 894 καὶ
944 832 1068 910 ζῶντος
1086 831 1192 895 αὐτοῦ
1212 831 1315 895 τελευ-
1342 838 1373 891 01
1396 829 1422 891 si
1444 830 1515 892 vivo
1538 851 1574 892 eo
1598 831 1788 907 decesserint,
1815 852 1878 895 non
1901 832 2013 895 debent
2035 832 2160 897 heredes
2183 833 2248 896 eius

407 938 563 1017 τήσωσιν,
598 938 638 1001 οὐ
661 946 891 1022 γρεαστοῦσιν
921 940 955 1001 οἱ
980 938 1179 1022 κληρονόμοι
1210 938 1314 1002 αὐτοῦ
1341 936 1614 1001 fideicommissum.
1921 939 1957 1001 fr.
1975 942 2015 1002 79
2031 961 2077 1025 pr.
2091 939 2132 1002 D.
2147 942 2202 1014 36,
2220 942 2247 1001 1.

406 1042 447 1110 τδ
470 1045 759 1131 φιδιικόμμισσονε
776 1081 818 1092 -
988 1045 1024 1108 fr.
1042 1049 1083 1108 79
1098 1067 1143 1127 pr.
1158 1045 1198 1107 D.
1216 1048 1267 1119 36,
1286 1048 1312 1106 1.

462 1151 599 1230 Ἠιτησέ
608 1175 660 1227 τις
673 1151 734 1230 τήν
747 1155 947 1235 μαινομένην
956 1152 1061 1216 αὐτοῦ
1077 1153 1256 1236 θυγατέρα
1266 1173 1313 1219 τι·
1407 1150 1541 1232 Rogavit
1563 1153 1630 1233 quis
1653 1151 1746 1215 filiam
1769 1171 1857 1215 auam
1879 1152 2026 1217 furiosam
2044 1155 2070 1216 ei
2085 1154 2150 1221 sine
2173 1152 2247 1217 libe

406 1260 576 1325 λευτῶσαν
591 1260 721 1325 ἄπαιδα
737 1256 777 1324 td
797 1264 896 1345 μέρος
911 1261 1013 1336 αὐτῆς
1029 1261 1311 1336 ἀποκαταστῆσαι
1339 1256 1381 1320 ris
1408 1257 1569 1320 decesserit
1595 1259 1765 1340 portionem
1787 1280 1875 1323 auam
1901 1261 2058 1325 restituere
2083 1260 2247 1325 heredibus

405 1376 477 1443 τοῖς
490 1368 709 1452 κληρονόμοις
724 1368 872 1444 αὐτῆςή
888 1367 922 1430 δὲ
935 1370 1113 1449 μαινομένη
1129 1370 1310 1430 συναινέσει
1339 1364 1417 1436 cius;
1448 1364 1563 1428 furiosa
1589 1376 1691 1427 autem
1718 1386 1865 1430 consensu
1891 1368 1987 1448 patris
2014 1368 2062 1429 sui
2088 1367 2196 1450 nupsit
2217 1377 2248 1431 01

405 1484 468 1539 τοῦ
490 1460 553 1555 πρς
575 1474 679 1551 αὐτῆς
701 1475 843 1555 ἐγάμησε
858 1472 915 1538 καὶ
938 1471 1022 1556 μετά
1037 1471 1189 1551 τελευτὴν
1207 1474 1313 1537 αὐτοῦ
1339 1481 1408 1551 post
1423 1473 1487 1535 eius
1503 1481 1631 1534 mortem
1646 1473 1771 1555 peperit
1817 1475 1957 1555 quamvis
1971 1475 2098 1557 nuptiae
2112 1474 2247 1539 furiosae

405 1584 546 1646 τότοκεν.
584 1584 612 1644 εἰ
633 1580 691 1645 καὶ
715 1582 821 1662 γάμος
844 1592 903 1658 της
917 1584 1114 1663 μαινομένης
1130 1582 1311 1665 άνίσγυρός
1339 1598 1400 1639 non
1427 1579 1488 1641 sint
1514 1588 1612 1655 ratae,
1644 1589 1746 1643 tamen
1777 1601 1817 1643 ex
1843 1600 1881 1645 oa
1906 1582 1972 1647 nati
1999 1580 2053 1643 filii
2079 1582 2247 1645 excludunt

405 1693 505 1769 ictio,
533 1687 621 1770 όμοις
645 1691 678 1752 οἱ
700 1688 735 1772 ἐξ
758 1689 860 1765 αὐτῆς
882 1689 1070 1770 τικτόμενοι
1093 1688 1207 1762 παῖδες
1230 1690 1311 1752 άπο-
1338 1685 1611 1749 fideicommissum.
2060 1688 2095 1749 fr.
2114 1692 2200 1767 sos
2219 1692 2246 1751 1.

404 1796 549 1860 κλιιόυσι
572 1792 613 1860 τδ
637 1795 927 1882 φιδεικόμμισσονε
944 1831 986 1842 -
1126 1794 1162 1856 fr.
1181 1797 1263 1872 79.§
1285 1797 1310 1856 1.

471 1901 673 1977 Ἀδιάθετός
696 1924 746 1976 τις
769 1903 927 1965 τελευτῶν
949 1903 1080 1979 ἐποίησε
1095 1900 1311 1974 κωδικέλλους
1405 1898 1540 1977 Quidam
1572 1920 1642 1963 curn
1673 1900 1836 1965 intestatus
1867 1911 2034 1965 moreretur
2061 1902 2134 1967 fecit
2166 1903 2245 1967 codi-

405 2010 439 2074 ὲν
462 2005 511 2084 οἷς
539 2005 645 2083 οὕτως
674 2004 776 2072 εἶπεν·
804 2009 1006 2088 ,ἀνήκουσιν
1033 2001 1126 2072 οὗτοι
1155 2011 1188 2071 οἱ
1214 2008 1311 2071 κωδί-
1338 2004 1431 2080 cillos,
1463 2006 1495 2067 in
1526 2007 1636 2088 quibus
1665 2007 1754 2071 dixit:
1787 2010 1955 2090 „pertinent
1982 2009 2014 2071 hi
2040 2009 2174 2073 codicilli
2207 2010 2246 2072 ad

404 2117 512 2181 κιλλοι
527 2113 611 2201 πρὸς
635 2113 695 2192 τήν
717 2115 862 2197 γαμετήν
883 2137 948 2197 μου
970 2114 1027 2179 καὶ
1051 2113 1112 2193 τήν
1131 2115 1310 2199 δυγατέρα
1338 2132 1464 2174 uxorem
1480 2133 1578 2175 meam
1598 2123 1628 2177 et
1642 2114 1736 2177 tiliam
1754 2136 1853 2178 meam
1871 2125 1901 2179 01
1920 2136 2006 2196 rogo,
2026 2117 2141 2198 siquid
2157 2117 2244 2180 vobis

404 2244 469 2306 μου
484 2222 541 2287 καλ
566 2222 760 2306 παρακαλῶ,
785 2225 815 2284 εἴ
834 2245 865 2285 τι
885 2222 1081 2307 καταλάψοι
1097 2223 1172 2304 ὑμῖν
1187 2221 1206 2299 i>
1223 2222 1310 2304 ὑμεῖς
1336 2219 1484 2301 reliquero
1506 2219 1557 2282 vel
1575 2241 1629 2284 vos
1644 2220 1818 2297 habueritis,
1842 2232 1876 2284 ut
1891 2223 1932 2284 sit
1946 2224 2033 2286 vobis
2056 2233 2245 2287 communc“

405 2332 549 2411 σγοίητε,
579 2326 694 2393 κοινόν
717 2329 791 2411 ὑμῖν
814 2324 925 2392 εἶναιῆ
970 2328 1226 2413 κληρονομοῦσα
1250 2337 1310 2392 τοῦ
1336 2325 1423 2387 horca
1444 2328 1524 2407 patri
1548 2327 1587 2388 ab
1610 2328 1753 2390 intestato
1780 2328 1863 2392 facta
1890 2329 1953 2391 filia
1975 2329 2135 2392 dimidium
2159 2330 2242 2392 here·

404 2422 468 2522 ἧς
483 2437 517 2520 ἐξ
533 2436 723 2500 ἀδιαθὲτου
737 2438 757 2512 ή
770 2436 928 2519 θυγάτηρ
945 2432 984 2499 τὸ
1001 2432 1101 2518 ήμισυ
1116 2436 1310 2520 ναυκλήρου
1337 2431 1441 2494 ditatio
1465 2431 1651 2518 [restituere]
1675 2435 1765 2498 debet
1787 2446 1822 2497 ut
1836 2456 1876 2498 ex
1897 2436 2129 2499 fideicommisso
2145 2440 2243 2511 matri,

401 2552 567 2629 γρεοιστεῐ
585 2546 629 2617 ῶς
645 2540 712 2607 άπδ
732 2542 1009 2628 φιδεικομμίσσου
1028 2547 1068 2630 τῇ
1085 2527 1153 2628 ᾖ,
1177 2541 1235 2607 ἐάν
1252 2541 1308 2606 καὶ
1338 2540 1364 2600 si
1385 2549 1416 2601 et
1438 2548 1535 2602 mater
1560 2551 1670 2622 parata
1696 2543 1736 2604 sit
1762 2543 1794 2604 in
1817 2564 1976 2606 commune
2002 2544 2080 2607 ferre
2102 2545 2243 2607 substan·

404 2654 424 2728 ή
461 2637 527 2735 γῆρ
566 2651 696 2732 ἕτοιμός
728 2653 797 2713 ἐστι
830 2660 1063 2726 κοινοποιῆσαι
1098 2647 1159 2727 τήν
1191 2651 1310 2713 οὐσίαν
1338 2646 1411 2706 tiam
1436 2665 1531 2708 suam
2086 2650 2122 2713 fr.
2141 2654 2184 2715 80
2200 2673 2242 2733 pr.

404 2759 519 2835 αὐτήςε
535 2755 597 2806 —¹
1153 2757 1189 2820 fr.
1207 2757 1249 2820 80
1264 2778 1308 2839 pr.

477 2864 607 2939 ’ήνίσιυς
630 2886 681 2938 τις
703 2861 781 2937 τοὺς
803 2858 894 2936 υἱοὺς
909 2862 1015 2926 αὑτοῦ
1036 2864 1177 2950 γράψας
1192 2864 1309 2948 κληρο-
1404 2858 1610 2942 Inaequaliter
1631 2862 1701 2925 filiis
1724 2864 1786 2926 suis
1808 2863 1968 2927 heredibus
1996 2865 2129 2946 scriptis,
2158 2887 2242 2945 roga·

403 2974 524 3054 νόμους
551 2972 670 3054 ήξιόισε
699 2968 759 3034 τόν
782 2976 840 3034 ἕνα
867 2970 1071 3034 τελευτῶντα
1097 2967 1162 3055 πρὸ
1186 2980 1248 3034 τοῦ
1270 2975 1309 3034 el·
1337 2967 1383 3028 vit
1405 2987 1508 3042 unum,
1536 2978 1571 3029 ut
1593 2970 1618 3031 si
1641 2980 1806 3032 moreretur
1828 2971 1892 3032 sine
1914 2970 2017 3033 liberis
2044 2983 2116 3034 ante
2145 2975 2242 3035 vicen·

402 3088 530 3143 κοστοῦ
556 3083 710 3142 ἐνιαυτοῦ
737 3077 867 3142 ἄπαιδα
894 3086 965 3151 τοῖς
987 3078 1114 3152 λοιποῖς
1137 3081 1308 3142 άποκατα-
1337 3074 1585 3136 111111111111111111111
1607 3078 1777 3140 restitueret
1798 3079 1904 3140 ceteris
1926 3087 2044 3159 partem
2060 3100 2159 3142 suem.
2192 3079 2242 3143 Se

404 3197 526 3263 στῆσαι
550 3182 590 3249 td
612 3189 711 3270 μέρος
735 3186 852 3249 αὐτοῦ·
877 3182 960 3269 πρὸς
983 3181 1027 3248 τά
1049 3188 1130 3269 μέρη
1154 3195 1212 3261 της
1232 3185 1307 3261 κλη-
1337 3180 1470 3242 cundum
1492 3192 1596 3262 partes
1619 3184 1817 3246 institutionis
1839 3193 2007 3247 ceterorum
2033 3186 2068 3247 fit
2090 3187 2135 3249 eis
2159 3189 2241 3249 resti·

404 3295 563 3379 ρονομίας
584 3303 653 3356 τῶν
674 3292 799 3356 λοιπῶν
820 3292 945 3373 γίνεται
968 3292 1083 3365 αὐτοῖς
1105 3291 1308 3368 ήὺποκατά-
1336 3288 1421 3349 tutio.
2056 3292 2092 3353 fr.
2110 3296 2163 3356 80.
2180 3299 2197 3371 ξ
2214 3298 2241 3355 5.

404 3422 535 3475 στασιςε
552 3397 615 3448 -¹
1122 3398 1157 3460 fr.
1175 3399 1226 3462 80.
1244 3405 1261 3476 ξ
1279 3404 1306 3461 5.

468 3507 605 3591 Ἠξίωσέ
629 3528 679 3581 τις
702 3503 762 3570 τδν
785 3507 890 3569 αὑτοῦ
911 3505 1120 3588 κληρονόμον
1135 3506 1302 3569 άποκατα·
1401 3502 1535 3584 Rogavit
1558 3504 1626 3584 quis
1641 3504 1782 3567 heredem
1797 3526 1886 3567 auum
1901 3515 1937 3567 ut
1951 3507 2123 3569 restitueret
2146 3517 2241 3569 totam

403 3626 525 3693 στῆσαι
554 3623 669 3678 πᾶσαν
695 3612 756 3691 τὴν
781 3613 1006 3697 κληρονομίαν
1033 3615 1074 3699 τῇ
1096 3611 1227 3693 γυναικὶ
1249 3611 1306 3676 καὶ
1335 3609 1533 3672 hereditatem
1565 3612 1665 3689 uxori,
1697 3632 1880 3693 uxoremque
1916 3614 2003 3675 iussit
2040 3615 2240 3694 quadrantem

402 3721 463 3800 τήν
485 3730 629 3804 γυναῖκα
655 3716 721 3784 εἶπε
748 3718 787 3784 τὸ
815 3721 874 3801 μὲν
901 3722 1065 3804 τέταρτον
1088 3717 1193 3803 χωρὶς
1221 3721 1306 3803 αι’ρέ-
1334 3716 1398 3778 sine
1420 3717 1603 3787 condicione.
1630 3718 1777 3799 reliquum
1801 3728 1902 3781 autem
1924 3729 1993 3801 post
2015 3730 2136 3801 tempus
2160 3722 2240 3784 resti·

403 3851 493 3909 σεοις,
518 3825 557 3891 τδ
581 3827 615 3891 δὲ
639 3824 756 3890 λοιπόν
773 3823 856 3909 μετὰ
871 3828 999 3911 χρόνον
1014 3828 1305 3901 ἀποκαταστῆσαι.
1334 3832 1426 3885 111010.
1472 3823 1565 3898 heres,
1588 3823 1712 3886 falcidia
1734 3834 1863 3901 retento,
1889 3828 2027 3888 restituit
2073 3828 2239 3890 secundum

403 3939 422 4000 d
444 3936 650 4021 κληρονόμος
673 3933 733 3999 τὸν
748 3933 928 4019 φαλκίδιον
947 3933 1215 4018 παρακροτήσας
1230 3935 1306 3996 άπε-
1333 3930 1364 3990 id
1386 3930 1466 4011 quod
1490 3931 1599 4011 accipit
1621 3952 1706 4007 uxor,
1728 3941 1848 3994 tenetur
1869 3932 2106 3996 fideicommisso.

401 4039 612 4119 κατέστησε.θ
658 4037 741 4126 πρὸς
765 4038 996 4125 δλαμβανειὴ
1019 4038 1110 4122 γυνή,
1135 4039 1304 4102 ὑπόκειται
2029 4039 2135 4104 118Ο.
2155 4048 2172 4118 5
2192 4045 2238 4103 11.

402 4154 450 4233 τῷ
473 4149 750 4237 φιδεικομμίσσῳι
767 4186 809 4196 -
1098 4148 1134 4209 fr.
1151 4150 1202 4211 80.
1219 4153 1235 4224 ξ
1255 4151 1305 4222 11,

473 4252 558 4330 Τοὺς
580 4257 805 4341 κληρονόμους
832 4276 897 4336 μου
919 4254 1056 4336 ήξιόισα,
1088 4252 1144 4318 ἵνα
1167 4252 1246 4338 ὅπερ
1271 4258 1306 4317 ἐκ
1399 4250 1539 4313 Heredes
1570 4272 1651 4314 meos
1678 4254 1801 4333 rogavi,
1834 4263 1869 4315 ut
1900 4253 2046 4334 quidquid
2079 4273 2119 4315 ex
2149 4255 2238 4316 tertia

400 4374 463 4429 τοῦ
485 4365 602 4449 τρίτου
623 4367 743 4448 μέρους
765 4374 823 4440 τής
845 4361 1067 4445 κληρονομίας
1089 4361 1304 4446 κερδήσουσιν,
1333 4366 1418 4438 parte
1449 4358 1623 4420 hereditatis
1654 4359 1859 4434 lucrarentur,
1891 4361 2083 4422 restituerent
2114 4360 2237 4422 alumno

400 4471 708 4548 ἀποκαταστήσουσι
733 4473 780 4550 τῷ
804 4469 1014 4553 άναθρσπτῷ
1036 4490 1108 4551 μου,
1138 4466 1193 4531 ὅτε
1216 4472 1305 4549 γένη·
1333 4485 1408 4538 meo,
1432 4486 1501 4527 cum
1523 4476 1604 4528 esset
1626 4467 1797 4547 quindecim
1820 4487 1968 4529 annorum
1991 4476 2022 4528 et
2043 4466 2153 4529 adieci:
2178 4469 2237 4543 „in-

400 4601 456 4642 ται
490 4578 664 4641 δεκαπέντε
691 4581 859 4655 ἐνιαυτῶν,
885 4574 943 4639 καὶ
971 4576 1150 4656 ἐπήγαγον·
1183 4579 1222 4638 ἐν
1253 4579 1305 4655 τῷ
1334 4572 1421 4633 terim
1448 4592 1487 4634 ex
1513 4573 1612 4634 reditu
1639 4572 1787 4635 bonorum
1814 4594 1948 4636 meorum
1975 4574 2068 4657 (volo)
2095 4574 2137 4636 ali
2160 4595 2236 4647 eum,

399 4681 544 4767 μεταξὺ
571 4684 610 4748 δὲ
637 4688 678 4747 ἐκ
705 4695 772 4760 της
800 4681 1002 4766 προσόδου
1028 4691 1104 4745 τῶν
1127 4681 1305 4765 πραγμά-
1333 4699 1372 4739 ex
1393 4680 1492 4740 usuris
1514 4700 1570 4760 pro
1593 4682 1763 4760 quantitate
1784 4680 1975 4743 redactorum
1990 4701 2185 4743 nummorum
2207 4690 2236 4742 et

399 4815 476 4856 τοιν
498 4813 571 4875 μου
594 4787 853 4875 ἀποδρέψαι*
875 4786 997 4853 αὐτὸν
1018 4794 1059 4853 ἐκ
1082 4798 1157 4852 τῶν
1180 4789 1306 4851 τόκων
1333 4796 1491 4866 praeterea
1512 4786 1580 4867 lego
1603 4787 1630 4849 ei
1652 4787 1739 4849 illum
1762 4807 1883 4853 servum
1898 4798 1929 4850 01
1950 4788 2046 4863 illum,
2070 4788 2122 4870 qui
2138 4796 2235 4869 potest

399 4895 503 4963 κατά
548 4897 618 4975 τήν
663 4898 868 4974 ποσότητα
914 4908 990 4960 τῶν
1027 4899 1307 4978 συναγομένων
1333 4893 1504 4955 mercedem
1526 4915 1564 4955 011
1586 4895 1708 4975 proprio
1736 4894 1861 4955 artificio
1889 4914 2010 4957 sumens
2037 4914 2107 4956 eum
2130 4895 2234 4957 alere‘⁴.

308 5066 316 5091 ι
400 5003 663 5088 νούμμωνκαλ
684 5002 779 5088 πρὸς
798 5003 956 5077 τούτοις
978 5001 1181 5084 ληγατεάω
1201 5002 1305 5083 αὐτῷ
1333 4999 1449 5061 Videor
1471 5000 1509 5062 de
1541 5002 1623 5062 omni
1654 5001 1754 5063 reditu
1785 5002 1934 5080 cogitasse
1964 5011 1996 5062 et
2027 5001 2065 5063 de
2097 5000 2234 5063 omnibus

401 5113 513 5177 τόνδε
532 5110 601 5176 τόν
620 5111 760 5175 δοῦλον
778 5110 844 5174 καὶ
863 5110 990 5191 τόνδε,
1014 5108 1119 5185 όςτις
1138 5107 1304 5173 δύναται
1333 5107 1522 5170 mercedibus
1538 5127 1703 5182 servorum,
1726 5116 1761 5169 ut
1775 5107 1851 5170 baec
1865 5108 2098 5170 restituerentur
2113 5108 2233 5170 alumno

400 5216 553 5304 μισθὸν
591 5223 632 5283 ἐκ
669 5228 736 5294 τῆς
774 5217 878 5292 ἰδίας
920 5221 1057 5295 τέχνης
1094 5215 1306 5302 λαμβάνων
1332 5235 1408 5277 meo.
1861 5212 2190 5291 fr.80.§12.1136,
2208 5218 2232 5275 1.

400 5329 643 5412 ἀποτρέφειν
666 5325 796 5389 αὐτόν.
843 5323 931 5387 δοκῶ
947 5323 1019 5410 περὶ
1036 5324 1146 5400 πάσης
1161 5324 1306 5405 ἐνθυμη-

401 5435 506 5510 θῆναι
536 5431 708 5517 προσόδου
734 5430 792 5495 καλ
820 5430 892 5515 περὶ
916 5432 1050 5494 πάντων
1076 5431 1215 5511 μισθῶν
1238 5440 1306 5492 τῶν

399 5543 552 5620 οἰκετῶν,
585 5536 665 5613 diora
697 5541 973 5616 ἀποκαταστῆναι
1006 5545 1115 5601 ταῦτα
1146 5540 1195 5618 τῷ
1226 5538 1305 5600 άνα-

398 5647 540 5732 sparta
562 5668 636 5729 μοι.
926 5644 1189 5723 11105111).
1207 5647 1258 5718 30,
1276 5646 1303 5705 1.

471 5894 559 5950 ¹fere
577 5897 637 5950 sim.
657 5893 725 5967 Syn.
807 5892 918 5950 ¹simii
938 5890 1005 5964 Syn.
1083 5890 1153 5946 ‘its
1170 5889 1232 5946 cod

397 5984 489 6040 ‘cod
508 5984 666 6059 ἀνέθρεψα.
