4842 7018
827 440 980 506 LIBER
1001 438 1120 505 XLIV.
1165 437 1462 504 1111111111.
2020 441 2061 504 85

70 614 112 668 Β.
129 615 181 671 λό’.
467 618 587 673 ΤΙΤΛΟ(
607 619 659 687 ln',
678 620 810 674 ΒΙΒΛΙΟΥ
828 620 894 675 ΜΔ’
1361 614 1528 674 TITULUS
1546 616 1624 686 XIV,
1642 616 1748 672 LIBRI
1765 617 1862 673 XLIV
2121 620 2138 673 1.
2152 623 2194 674 34.

34 686 128 777 Aust]
139 689 162 759 1·
176 706 211 761 α’·
441 747 504 817 περὶ
530 747 663 818 τροφείων
690 745 918 819 ληρατευθόυτων.
1451 742 1486 799 de
1504 742 1643 797 alimentis
1661 742 1770 815 legatis.
2083 690 2147 760 Q
2161 696 2178 746 τ’
2194 695 2218 745 1’

158 894 194 958 ς.
302 887 383 960 Ταῖς
405 886 609 974 διατροφαῖς
635 886 692 952 καὶ
720 891 739 966 ι’]
763 887 875 976 τροφὴ
902 888 959 954 καὶ
982 892 1002 967 ὴ
1024 888 1132 967 ἐσθὴς
1225 885 1389 949 Alimentis
1412 896 1444 949 et
1465 887 1579 950 eibaria
1601 897 1633 949 et
1654 888 1748 950 vestis
1770 898 1802 949 et
1824 887 1972 950 habitatio
1995 908 2064 949 oon·

230 992 287 1057 καί
311 996 438 1070 οἴκησις
461 997 656 1077 περιέχεταιε
675 994 731 1044 -¹
881 998 918 1060 fr.
935 1001 963 1060 6.
979 999 1019 1060 D.
1036 1000 1086 1073 34,
1105 1001 1131 1058 1.
1160 993 1303 1056 tinentur.
1813 994 1849 1056 fr.
1866 998 1894 1057 6.
1910 996 1950 1058 D.
1967 997 2018 1069 34,
2036 997 2064 1055 1.

164 1108 193 1170 ἴ.
301 1098 348 1165 Οὐ
368 1099 433 1183 μὴν
454 1099 511 1165 καῖ
534 1099 579 1165 τά
601 1100 684 1184 πρὸς
706 1103 862 1185 μάθησιν
888 1108 1013 1184 τέχνης,
1040 1108 1067 1167 εί
1089 1102 1132 1186 μὴ
1227 1099 1299 1162 Non
1321 1110 1423 1163 autem
1447 1111 1479 1163 et
1500 1120 1578 1181 quae
1601 1100 1641 1163 ad
1664 1101 1738 1163 artis
1763 1101 1953 1182 disciplinam
1975 1103 2064 1183 perti·

230 1206 287 1270 καῖ
310 1216 419 1272 ταῦτα
441 1206 618 1293 ἠβουλήθη
642 1208 791 1288 δοθῆναι
814 1213 833 1274 ό
857 1210 1069 1293 διαθέμενοςε
1091 1249 1133 1258 -
1161 1214 1243 1284 nont,
1267 1208 1325 1270 nisi
1348 1208 1475 1269 ethaeo
1497 1207 1629 1271 voluerit
1651 1209 1717 1270 dari
1739 1216 1874 1270 testator.

838 1319 976 1383 frefin.
994 1323 1022 1382 7.
1038 1321 1077 1382 D.
1093 1320 1133 1382 ib.
1768 1314 1804 1378 fr.
1822 1319 1840 1376 6
1857 1316 1907 1377 fin.
1925 1320 1953 1378 7.
1968 1316 2008 1378 D.
2023 1315 2064 1379 ib.

148 1427 193 1498 ιβ.
295 1417 370 1483 Ἐἀν
397 1419 588 1509 διατροφάς
614 1421 671 1487 καῖ
699 1424 851 1501 ἐσθῆτας
878 1426 1011 1502 ἐτησιάς
1035 1426 1134 1507 λημα-
1228 1420 1262 1483 Si
1293 1420 1438 1483 elimenta
1465 1431 1496 1483 et
1521 1421 1704 1484 vestimenta
1730 1442 1833 1484 1111111111
1864 1421 2003 1502 legavero
2035 1432 2065 1485 et

231 1526 336 1590 τεύσω
368 1526 424 1591 καῖ
456 1525 540 1611 μετά
567 1539 676 1594 ταῦτα
703 1535 781 1595 εἴπω
809 1529 888 1606 τοὺς
915 1532 1040 1616 ἀγρούς
1070 1555 1135 1615 μου
1161 1537 1270 1608 postea
1285 1528 1388 1590 dixero
1408 1529 1533 1610 praedia
1546 1548 1615 1590 mea
1635 1527 1769 1609 obligata
1784 1550 1849 1591 esee
1864 1540 1948 1592 etex
1962 1550 2064 1591 eorum

152 1721 155 1724 ἡ
230 1634 434 1699 ὑποκεῖσθαι
457 1636 514 1700 καί
537 1641 573 1700 ἐκ
595 1647 663 1700 τῶν
690 1637 867 1720 προσόδων
890 1640 1001 1703 αὐτῶν
1026 1650 1136 1704 ταῦτα
1162 1633 1308 1696 10111ῐὶ111ῑῦ
1337 1634 1413 1696 Vilia
1443 1636 1602 1716 Pfflffltflrb
1634 1644 1665 1697 θλ
1691 1636 1717 1697 81
1747 1656 1808 1697 11011
1840 1645 1944 1698 mim
1974 1636 2066 1698 fuerit

227 1743 474 1824 χωρημεῖσθαι,
493 1742 551 1807 καῖ
573 1741 617 1826 μὴ
640 1744 789 1822 τοσαύτη
807 1748 939 1826 γένηται
958 1746 1134 1831 πρόσοδος,
1162 1741 1286 1816 reditus,
1309 1742 1373 1803 sine
1395 1742 1561 1804 minutione
1585 1762 1622 1803 ea
1645 1742 1730 1803 dabit
1752 1743 1848 1805 heres.
1960 1743 1996 1805 fr.
2014 1745 2064 1804 12.

231 1848 380 1929 ἀμείωτα
402 1857 512 1913 ταῦτα
535 1849 671 1915 δίδωσιν
693 1852 948 1937 ἡκληρονόμοςε
966 1890 1008 1901 -
1031 1854 1066 1917 fr.
1085 1857 1134 1917 12.

150 1961 195 2015 ιιῖ.
297 1950 371 2017 Ἐάν
398 1954 537 2039 ἀνήβοις
564 1957 755 2039 ληματεύσω
782 1958 973 2047 διατροφάς
1002 1959 1059 2024 καλ
1091 1958 1134 2042 μὴ
1228 1956 1262 2018 si
1284 1954 1491 2036 impuberibus
1513 1954 1655 2036 legavero
1679 1955 1824 2018 alimenta
1845 1965 1876 2019 et
1897 1977 1958 2017 non
1972 1976 2064 2037 appa·

232 2057 397 2123 δείκνυται
426 2065 485 2136 ἐως
512 2064 592 2127 πότε
618 2065 773 2142 ἠθέλησα
799 2066 981 2152 λαμβάνειν
1003 2063 1133 2148 αὐτοὺς,
1162 2071 1209 2124 ret
1239 2082 1396 2143 quousque
1422 2062 1547 2125 voluero
1574 2083 1624 2124 eos
1652 2064 1797 2143 accipere,
1829 2063 1926 2126 donee
1952 2064 2065 2137 Vivent»

231 2168 291 2239 ἴως
314 2160 354 2229 οὗ
376 2168 455 2247 ζῶσι
479 2168 717 2255 λαμβάνουσιν.
752 2172 831 2236 τίδὲ
851 2169 942 2237 εἶπον
963 2176 1057 2256 μέχρι
1076 2184 1135 2250 τῆς
1162 2169 1293 2250 eapient
1339 2169 1366 2230 si
1392 2189 1464 2232 vero
1491 2169 1595 2232 dixero
1621 2190 1717 2250 usque
1744 2171 1784 2232 ad
1810 2170 2013 2251 pubertatem,
2041 2170 2066 2231 si

231 2267 322 2355 λιβης,
351 2277 378 2336 εί
399 2275 458 2356 μὲν
476 2278 597 2359 άρρην,
625 2283 685 2353 ἕως
712 2288 774 2342 τοῦ
801 2277 890 2343 ὸκτὼ
913 2279 969 2344 καὶ
993 2279 1135 2344 δεκάτου
1162 2295 1228 2337 mas
1257 2285 1311 2350 est,
1342 2296 1440 2356 usque
1466 2276 1506 2337 ad
1533 2276 1754 2339 ootodeoimum
1786 2298 1912 2351 annum,
1944 2277 1970 2338 ei
1996 2296 2068 2339 vero

230 2380 335 2459 ἔτους,
369 2385 395 2442 εἴ
427 2380 462 2445 δὲ
494 2382 628 2465 θήλεια,
661 2393 723 2448 τοῦ
754 2386 928 2471 τεσσάρων
958 2384 1015 2449 καί
1043 2386 1135 2450 δεκά-
1164 2382 1284 2457 femine,
1307 2402 1404 2463 usque
1427 2382 1467 2444 ad
1489 2383 1780 2463 quartumdecimum
1796 2384 1905 2465 capiet
1941 2384 1975 2444 in
1996 2382 2068 2444 eolis

231 2506 292 2547 του
328 2487 499 2573 λαμβάνει.
545 2488 595 2553 ἐπὶ
633 2492 743 2572 μόνων
775 2491 809 2555 δὲ
841 2503 909 2556 τῶν
940 2492 1136 2581 διατροφων
1164 2509 1238 2552 vero
1262 2489 1414 2551 elimentis
1436 2490 1481 2551 ita
1502 2489 1632 2570 benigne
1653 2490 1799 2571 pubertas
1821 2490 1970 2553 definitur.

231 2591 437 2677 φιλαμάθως
460 2592 565 2671 οὕτως
588 2599 607 2673 ἡ
631 2594 695 2683 η’βη
718 2599 876 2683 όρίζεταιι
893 2596 955 2646 —²
1830 2599 1866 2660 fr·
1885 2600 1926 2660 14
1941 2619 1986 2680 Pr·
2003 2603 2019 2674 1
2039 2601 2066 2659 1·

901 2707 937 2769 fr.
957 2712 996 2769 14
1012 2730 1056 2790 pr.
1073 2715 1089 2786 5
1109 2712 1136 2772 1.

179 2819 195 2872 '.
296 2802 371 2869 Ἐἀν
394 2811 473 2871 εἴπω
496 2808 644 2887 δοθῆναι
669 2809 736 2876 ὅσα
758 2813 823 2892 ζῶν
845 2812 970 2893 ἐδίδων,
993 2813 1049 2878 καῖ
1066 2814 1136 2877 διά·
1230 2810 1265 2872 Si
1291 2810 1394 2872 dixero
1421 2811 1487 2873 dari
1514 2831 1593 2892 quae
1620 2811 1726 2875 vivens
1754 2811 1865 2873 dabam
1891 2819 1922 2874 et
1947 2811 2068 2874 diversa

231 2913 340 2998 φορός
362 2918 453 2978 ἐστιν
475 2918 495 2993 ὴ
519 2915 621 2998 δόσις,
645 2928 716 2992 τοῖς
733 2924 768 2982 ἐν
785 2924 893 3003 καιρῷ
909 2920 1057 2997 τελευτῆς
1071 2942 1136 3003 μου
1162 2917 1222 2980 fuit
1243 2918 1342 2992 datio,
1370 2917 1619 3003 [praestationes]
1647 2938 1726 2999 quae
1754 2917 1868 3001 [laetae
1887 2916 1972 3001 sunt]
1994 2928 2067 2979 tem·

231 3017 282 3081 δει·
301 3024 487 3103 προσέχεινε
504 3021 567 3070 —i
951 3028 987 3089 fr.
1006 3031 1055 3090 14.
1072 3034 1088 3105 ἕ
1106 3031 1135 3090 2.
1163 3045 1235 3105 pore
1257 3025 1363 3087 mortis
1385 3045 1471 3087 meae
1493 3027 1623 3106 spectari
1645 3034 1771 3107 oportet
1883 3024 1919 3086 fr.
1937 3027 1986 3086 14.
2003 3030 2020 3101 ᾖ
2038 3027 2067 3086 2.

295 3126 515 3208 Ἐλημάτευσα
537 3134 585 3211 τῷ
608 3132 821 3217 ἀπελευθέρῳ
835 3155 901 3216 μου
915 3135 1047 3210 ἐτησίας
1066 3133 1135 3198 δια·
1229 3132 1348 3213 Legavi
1374 3132 1483 3195 liberto
1510 3153 1578 3193 meo
1605 3153 1709 3194 annua
1730 3132 1882 3206 alimenta,
1909 3133 1936 3193 si
1957 3132 2068 3195 vixerit

231 3229 365 3318 τροφὰς
387 3231 445 3297 ἐάν
468 3235 567 3323 διάμη
589 3235 674 3319 μετά
695 3250 763 3302 τῶν
789 3241 869 3303 οἴων
892 3262 965 3323 μου,
992 3242 1135 3327 πειθαρ·
1162 3259 1232 3300 eum
1253 3238 1324 3300 filiis
1347 3240 1436 3302 meis:
1459 3239 1630 3301 condicioni
1645 3260 1755 3321 parens
1771 3239 1882 3320 sucipit
1901 3258 1938 3301 ea
1953 3248 2067 3320 etpost

227 3349 300 3416 χῶν
322 3344 503 3426 epelpine
526 3342 686 3429 λαμβάνει
703 3342 791 3410 αιἰτά
805 3346 862 3410 καί
877 3344 961 3429 μετά
976 3349 1135 3412 θάνατον
1161 3354 1288 3408 mortem
1309 3345 1447 3408 liliorum.
1881 3345 1916 3408 fr.
1933 3345 1985 3408 20.
2001 3351 2018 3422 §
2036 3349 2065 3409 3.

82 3498 122 3567 sol
142 3504 186 3552 68¹
231 3455 298 3508 τῶν
320 3446 519 3511 παίδωνε-
948 3456 986 3518 fr.
1004 3459 1134 3533 20.§3.

122 3539 193 3625 ’καῖ
295 3550 370 3617 ’aaa
396 3553 530 3642 τροφάς
557 3556 577 3634 ἢ
605 3560 740 3644 όψάνια
762 3559 952 3640 ληματεύσω
981 3584 1034 3625 σοι
1059 3563 1134 3626 οὕτε
1227 3560 1261 3622 ei
1291 3559 1436 3622 alimenta
1467 3559 1516 3623 vel
1547 3559 1663 3622 cibaria
1694 3560 1833 3640 legavero
1864 3559 1932 3635 tibi,
1968 3580 2065 3640 neque

231 3660 366 3736 ἐσθῆτα
393 3662 469 3725 οὔτε
494 3666 627 3740 ὀἴκησιν
654 3664 730 3728 οὔτε
761 3666 915 3749 ὑπόδημα
946 3668 1133 3754 λαμβάνεις,
1161 3675 1277 3728 vestem
1299 3686 1400 3748 neque
1422 3666 1640 3729 habitationem
1658 3686 1756 3747 neque
1770 3665 1976 3729 calceamenta
1990 3667 2065 3728 aoei-

231 3764 317 3828 ἀλλά
338 3768 444 3849 μόνην
466 3770 627 3857 τροφήν.4
860 3774 896 3836 fr.
913 3778 964 3836 21.
980 3776 1019 3838 D.
1036 3781 1087 3851 34,
1106 3781 1133 3838 1.
1160 3772 1216 3854 pie,
1239 3772 1294 3834 sed
1316 3782 1436 3835 tantum
1458 3773 1644 3836 alimentum.
1792 3773 1828 3834 fr.
1844 3775 1895 3835 21.
1911 3773 1951 3835 D.
1968 3776 2019 3848 34,
2038 3778 2065 3834 1.

472 4071 592 4127 ΤΙΤΛΟ(
612 4073 661 4142 ΙΕ’,
680 4073 813 4127 aleator
830 4076 895 4128 ΜΝ
1372 4071 1540 4130 TITULUS
1557 4073 1622 4141 XV,
1640 4072 1746 4127 LIBRI
1764 4072 1859 4129 XLIV

231 4194 292 4265 napi
306 4196 412 4265 χρυσοῦ
424 4194 544 4268 ἀργύρου
555 4198 684 4271 καθαροῦ
695 4201 814 4269 κοσμίων
826 4198 842 4267 ἢ
853 4199 946 4273 μύρων
957 4205 1002 4254 καῖ
1014 4200 1134 4276 ἀνθριόιν·
1219 4197 1255 4251 de
1273 4214 1341 4252 auro
1365 4204 1481 4270 argento
1499 4198 1602 4252 mundo
1621 4198 1666 4254 vel
1684 4200 1835 4270 unguentis
1857 4204 1887 4253 et
1907 4201 2008 4254 statuis

533 4305 586 4340 των
604 4288 833 4359 λημοτευθέντων.
1557 4287 1666 4358 legatis.

159 4445 195 4502 o'.
297 4424 372 4491 Έάν
394 4426 464 4508 ἐμοὶ
487 4429 580 4509 μὲνὴ
603 4429 711 4508 ἐσθὴς
734 4441 837 4511 πάσα,
862 4430 915 4496 ool
932 4432 1001 4511 δέη
1024 4456 1133 4515 γυναι·
1228 4432 1261 4494 si
1285 4432 1358 4494 mihi
1372 4433 1467 4496 vestis
1482 4435 1587 4507 omnis,
1610 4433 1665 4495 tibi
1680 4433 1773 4495 vestis
1791 4432 1946 4494 muliebris
1964 4431 2065 4511 legata

232 4534 304 4596 κειά
335 4533 543 4621 ληματευθῇ,
576 4537 814 4624 ὑπεξῃρημένης
852 4550 910 4615 τῆς
946 4542 1134 4620 γυναικείας
1160 4539 1266 4613 fuerit,
1296 4548 1418 4621 praeter
1445 4539 1636 4614 muliebrem,
1671 4560 1789 4603 omnem
1816 4539 1940 4619 eeoipio.
1984 4539 2063 4600 idem

232 4649 346 4703 πάσαν
372 4640 541 4727 λαμβάνω.
587 4641 627 4707 τό
655 4643 739 4709 αὐτὸ
766 4644 822 4710 καῖ
850 4644 901 4710 ἐπῖ
929 4657 997 4709 τῶν
1024 4648 1133 4711 ἀλλων
1161 4644 1233 4729 [est]
1257 4656 1289 4709 et
1310 4648 1341 4707 in
1365 4649 1472 4709 oeterie
1496 4647 1661 4728 speciebus.
1762 4647 1797 4706 fr.
1816 4649 1831 4706 1
1849 4667 1894 4726 pr.
1910 4646 1950 4707 D.
1967 4648 2018 4720 34,
2035 4648 2063 4706 2.

230 4745 336 4811 atton:
359 4784 394 4795 —
831 4753 866 4814 fr.
885 4757 901 4814 1
918 4775 963 4835 pr.
979 4755 1018 4816 D.
1035 4758 1086 4831 34,
1104 4759 1132 4816 2.

297 4852 461 4939 Ἀρμύρου
483 4856 753 4940 ληματευομλνου,
774 4859 836 4922 οὐκ
857 4863 892 4922 ἐν
914 4858 988 4922 εἴδει
1009 4860 1081 4924 ἀλλ’
1099 4865 1133 4923 ἐν
1226 4860 1364 4941 Argenta
1385 4860 1499 4941 legato,
1532 4881 1592 4922 non
1620 4861 1652 4921 in
1675 4862 1774 4943 specie
1800 4861 1853 4922 sed
1877 4860 1907 4921 in
1931 4859 2063 4942 pondere

232 4960 381 5042 σταθμῷ
409 4959 520 5036 διδοὺς
552 4965 571 5026 ὁ
603 4964 808 5049 κληρονόμος
839 4963 900 5042 τὴν
931 4967 1133 5050 ἀποτίμησιν
1160 4966 1236 5028 dane
1258 4967 1345 5030 heres
1368 4968 1607 5029 aestimationem
1623 4968 1688 5030 eius
1711 4967 1864 5029 liberatur.
1901 4966 1937 5028 fr.
1956 4970 1983 5027 1.
2000 4972 2016 5043 ξ
2036 4968 2063 5026 1.

230 5067 336 5129 αὐτοῦ
357 5067 601 5152 ἐλευθεροῦται.
925 5074 960 5135 fr.
979 5077 1006 5136 1.
1024 5081 1040 5151 ς
1059 5077 1075 5135 1
1093 5075 1132 5136 ib.

294 5173 345 5236 Ἑν
372 5179 419 5255 τῷ
449 5176 573 5258 θέματι
602 5181 629 5240 εί
651 5176 708 5242 καῖ
736 5180 899 5262 ἀλλότρια
927 5191 1060 5267 φανῶσι
1089 5177 1133 5244 τά
1226 5179 1298 5243 Ηοο
1328 5201 1401 5243 oaeu
1433 5190 1464 5242 et
1491 5182 1516 5242 ei
1543 5181 1644 5243 aliena
1670 5182 1757 5264 (esse)
1783 5182 1979 5261 apparuerint
2005 5200 2062 5254 res,

231 5282 423 5363 πράγματα,
452 5280 536 5368 άπερ
559 5285 697 5367 ἐνόμισα
719 5285 797 5367 ἴδια,
818 5294 985 5371 χρεωστεῖ
1002 5285 1090 5350 αὐτά
1114 5289 1132 5350 d
1160 5307 1236 5367 quas
1259 5307 1342 5349 meas
1363 5288 1480 5369 putavi,
1504 5286 1594 5349 debet
1616 5308 1667 5350 eae
1690 5287 1784 5350 heres.
1834 5287 1978 5349 fr.101n
1993 5287 2061 5348 fine.

229 5388 443 5470 κληρονόμος.
905 5393 942 5456 fr.
961 5397 1001 5455 10
1017 5395 1049 5456 in
1064 5395 1132 5458 fine.

294 5492 369 5558 Ἐἀν
396 5495 546 5581 ἀργύρου
573 5501 813 5580 ἐσκευασμένου
835 5499 945 5583 λίτραι
977 5500 1131 5582 ληματευ-
1226 5500 1259 5562 Si
1276 5503 1394 5582 argenti
1415 5502 1488 5564 faeti
1510 5501 1606 5563 librae
1627 5501 1773 5581 legentur,
1796 5522 1855 5562 non
1872 5501 2063 5563 continentur

231 5602 353 5682 θῶσιν,
379 5603 419 5665 οὐ
441 5607 649 5686 περιέχονται
675 5614 749 5679 ταῖς
773 5605 902 5689 λίτραις
929 5603 973 5669 τά
997 5610 1031 5669 ἐν
1061 5616 1132 5681 τοῖς
1158 5607 1191 5668 in
1221 5607 1307 5670 libris
1338 5628 1480 5671 vasorum
1513 5608 1708 5683 emblemata;
1740 5609 1766 5670 si
1798 5627 1869 5671 vero
1904 5617 2060 5688 argentum

230 5781 442 5791 ——-—.--

302 5885 311 5916 ¹
329 5883 416 5940 habet
434 5885 500 5956 Syn.
581 5885 697 5942 'habet
713 5886 779 5959 Syn.
861 5887 976 5944 ’habet
993 5887 1060 5959 Syn.

229 5974 240 6005 ⁴
259 5990 292 6027 ex
311 5972 396 6028 schol.
415 5973 479 6029 Bae.
499 5975 530 6029 1¹.
550 5974 605 6030 Hb.
