4978 7018
331 2652 376 2716 ις.

334 2865 377 2933 ιη’.

345 3735 378 3790 κ’.

329 4166 378 4241 ιγ.

249 4488 295 4558 γα.
310 4494 377 4544 loe.

331 4721 377 4775 κε’.

416 436 456 499 18
1064 427 1217 495 LIBER
1236 427 1330 495 XIX.
1375 427 1466 495 TIT.
1489 424 1582 492 vm,

479 612 549 677 Καί
576 613 595 675 δ
623 609 761 699 φυγάδα
788 610 944 687 πωλήσας
970 609 990 686 ἢ
1017 609 1170 689 κλέπτην,
1202 612 1230 672 ιλ
1256 609 1315 691 μίν
1406 611 1451 673 Et
1475 609 1528 691 qui
1559 606 1722 688 fugitivum
1748 604 1886 670 vendidit
1911 605 1960 669 vel
1986 604 2092 680 turem,
2123 605 2150 667 ei
2176 607 2244 687 qui-

412 716 513 800 είδάς,
537 717 588 782 ἐπὶ
609 718 668 800 μίν
689 726 752 781 τοῦ
773 715 926 804 φυγάδος
949 714 1064 780 δίδωσι
1080 712 1120 779 τὸ
1137 713 1314 802 διαφέρον·
1340 718 1410 780 dem
1432 716 1542 789 eniens,
1568 716 1649 778 oiroe
1674 712 1837 794 fugitivum
1864 711 1919 775 dot
1943 711 1976 774 id
2001 712 2082 793 quod
2108 713 2244 787 interest,

411 825 463 890 ἐπί
485 824 520 889 δὲ
542 834 605 889 τοῦ
625 824 767 888 κλέπτου
789 821 905 887 δίδωσι
929 821 1045 900 διπλῆν
1067 820 1128 899 τὴν
1142 819 1239 903 τιμὴν
1256 820 1314 885 καλ
1340 824 1421 886 eirea
1451 843 1523 887 vero
1554 820 1651 882 furem
1682 820 1737 882 dot
1762 818 1889 900 duplum
1920 818 2008 900 pretii
2038 827 2069 881 et
2094 817 2245 899 quidquid

411 936 442 996 εί
456 952 533 995 τινα
552 932 670 1013 ζημίαν
689 934 737 1012 toi
752 930 863 1016 πράτη
879 929 1052 1011 ἐπήγαγεν·
1076 932 1103 993 εί
1122 928 1157 992 δὲ
1172 931 1313 1010 ἀγνοῶν,
1340 929 1511 993 detrimenti
1526 928 1653 1010 emptori
1662 924 1835 1013 (venditori)
1849 925 1998 1000 attulerit3
2012 926 2150 988 rientem
2157 925 2244 1007 igno-

412 1036 485 1122 περὶ
511 1037 570 1120 μὲν
596 1045 657 1100 τοῦ
683 1036 836 1124 φυγάδος
862 1038 1005 1113 ἐνέχεται
1037 1039 1082 1110 είς
1108 1033 1148 1099 τὸ
1179 1036 1312 1117 τίμημα,
1339 1058 1419 1112 rene,
1441 1037 1521 1099 eirea
1542 1034 1704 1117 fugitivum
1733 1042 1853 1096 tenetur
1881 1032 1922 1094 ed
1945 1032 2075 1113 pretium
2101 1031 2243 1116 [redden-

412 1142 485 1227 περὶ
516 1152 578 1208 τοῦ
612 1143 753 1207 κλέπτου
785 1143 875 1228 [οὐκ]
911 1146 1064 1221 ἐνέχεται.
1109 1143 1145 1205 8.
1171 1146 1220 1205 13.
1245 1144 1312 1219 51.
1339 1142 1436 1227 dum],
1459 1145 1540 1206 eirea
1561 1163 1632 1207 vero
1653 1140 1751 1204 finem
1775 1138 1862 1224 [non]
1886 1148 2012 1203 tenetur.
2056 1139 2243 1217 8.13.51.

412 1250 575 1339 διαφέρον
601 1250 636 1314 δέ
662 1255 753 1314 ἐστιν
779 1249 837 1315 καὶ
863 1246 921 1313 έάν
944 1250 1166 1313 ὑπινόθευσεν
1193 1247 1313 1321 ἀλλους
1339 1252 1465 1314 interest
1501 1259 1603 1314 eutem
1641 1257 1673 1312 et
1702 1249 1728 1310 ei
1765 1249 1929 1329 oorruperit
1964 1246 2041 1309 ulios
2072 1255 2107 1309 nt
2137 1266 2243 1309 seeum

412 1354 473 1422 σὺν
503 1358 594 1439 αὐτῷ
626 1365 744 1444 φυγεῖν
775 1356 794 1435 λ
825 1357 948 1445 κλέφαι
985 1357 1071 1420 τινά.
1115 1356 1151 1418 fr.
1174 1359 1224 1418 13.
1244 1362 1261 1432 5
1283 1359 1312 1417 2.
1338 1359 1477 1438 fingerent
1497 1358 1549 1421 vel
1570 1357 1644 1440 quid
1665 1356 1844 1418 timerentur.
1889 1353 1992 1417 813.
2013 1357 2076 1430 52.
2121 1354 2242 1417 sivero

411 1465 452 1528 Ei
475 1464 510 1528 δέ
532 1462 589 1527 καλ
612 1461 655 1544 μὴ
678 1462 747 1540 ἤδει
769 1464 830 1547 μὲν
851 1463 992 1540 κλέπτην
1014 1461 1118 1527 αὐτὸν
1136 1458 1228 1542 εἶναι,
1252 1460 1312 1526 διε·
1339 1465 1491 1548 ignoravit
1524 1486 1594 1529 eum
1630 1484 1696 1527 εεεε
1725 1462 1835 1537 tinem,
1871 1461 2024 1544 pollicitus
2060 1469 2107 1522 eet
2137 1470 2241 1523 eutem

410 1569 625 1656 βεβαιῶσατο
648 1569 682 1633 δὲ
705 1567 825 1634 πιστὸν
847 1568 904 1634 καί
924 1571 1091 1654 χρήσιμον
1106 1570 1312 1655 πιπράσκειν,
1339 1596 1404 1638 eene
1433 1574 1563 1638 vendere
1593 1569 1741 1656 [nervum]
1768 1568 1886 1632 fidelem
1908 1576 1940 1631 et
1970 1567 2084 1642 utilem,
2115 1576 2242 1631 tenetur.

411 1680 569 1755 ἐνέχεται·
593 1678 612 1739 δ
634 1676 692 1759 μὲν
714 1673 781 1762 γάρ
804 1674 897 1751 είδὼς
919 1681 955 1740 ἐκ
977 1685 1039 1740 τοῦ
1059 1674 1103 1758 μὴ
1126 1676 1311 1757 ὑπομνῆσαι
1339 1683 1481 1764 namqui
1496 1681 1584 1744 seivit
1597 1700 1632 1742 eo
1647 1678 1728 1760 quod
1745 1697 1806 1740 non
1820 1676 1975 1739 oertiorem
1989 1674 2061 1737 feeit
2075 1683 2240 1756 emptorem

412 1781 472 1847 τὸν
487 1781 682 1869 ἀγοραστὴν
699 1786 851 1865 ἐνέχεται,
870 1786 889 1847 d
905 1784 939 1848 δὲ
955 1786 1086 1866 ἀγνοῶν
1104 1788 1140 1847 ἐκ
1158 1792 1220 1847 τοῦ
1235 1804 1312 1869 πρυ-
1339 1798 1470 1853 tenetur:
1502 1788 1554 1869 qui
1584 1786 1735 1868 ignoravit
1764 1805 1799 1847 eo
1825 1783 1906 1865 quod
1932 1791 2043 1845 temere
2073 1802 2134 1844 non
2166 1802 2241 1846 vere

413 1888 569 1965 πετῶςτά
577 1889 715 1972 μίγίίντα
724 1888 1123 1976 διαγίεβαιιάσασθαιε--1
1149 1891 1244 1954 813.
1255 1897 1271 1967 5
1283 1894 1312 1954 3.
1340 1896 1510 1960 affirmavit
2056 1889 2091 1951 8.
2110 1890 2159 1950 13.
2175 1895 2192 1966 5
2210 1891 2239 1952 3.

476 2005 551 2069 Ἐάν
582 2028 632 2080 τις
663 2006 866 2093 ἀφελόμενός
896 2028 973 2071 τινα
1004 2018 1063 2084 τῆς
1091 2007 1313 2091 κληρονομίας
1406 2013 1440 2075 81
1462 2011 1529 2093 quie
1551 2009 1661 2073 oblatio
1688 2006 1870 2089 quibusdem
1895 2005 1985 2068 rebus
2012 2026 2051 2067 ex
2072 2005 2240 2068 hereditate

413 2113 506 2199 πείση
534 2108 594 2176 τὸν
619 2112 826 2197 κληρονόμον
853 2114 897 2187 ὡς
923 2111 1046 2199 μικράν
1073 2106 1180 2177 οὖσαν
1206 2114 1312 2194 ἐαυτῷ
1339 2119 1522 2203 persuaserit
1543 2116 1645 2179 heredi
1667 2124 1812 2195 tanquam
1835 2112 1984 2176 modieem
2007 2133 2075 2176 eam
2094 2112 2154 2175 eibi
2167 2133 2239 2176 ven·

413 2220 576 2299 πωλησαι,
603 2222 747 2297 ἐνέχεται
774 2224 816 2307 τῇ
844 2222 959 2306 ἀγωγῇ
986 2225 1027 2307 τῇ
1056 2219 1244 2306 ἀπαιτούσῃ
1272 2216 1312 2283 τὸ
1339 2227 1418 2301 dere,
1440 2232 1560 2288 tenetur
1581 2244 1618 2286 ee
1632 2222 1750 2284 notione
1770 2240 1831 2302 qun
1845 2240 1945 2282 rerum
1959 2219 2151 2282 venditorum
2172 2241 2239 2301 pre-

412 2327 538 2408 τίμημα
559 2336 627 2389 τῶν
642 2324 902 2412 διαπραθέντων
917 2331 962 2401 είς
976 2324 1059 2390 ὅσον
1073 2330 1094 2404 ἡ
1108 2327 1313 2413 κληρονομία
1340 2335 1416 2397 tium
1437 2332 1551 2414 petitur
1571 2329 1658 2404 inid,
1680 2328 1787 2411 quenti
1808 2327 1959 2390 hereditas
1981 2325 2096 2400 firieeet,
2118 2326 2177 2389 niei
2190 2348 2238 2390 ree

413 2433 493 2516 ἀξία
519 2428 573 2513 ἢν,
602 2436 629 2497 εί
651 2431 694 2514 μὴ
722 2429 766 2496 τά
793 2433 976 2519 πράγματα
1002 2433 1248 2510 ὑπεκλάπησανι
1270 2470 1311 2480 -
1339 2441 1468 2503 fiderent
1489 2438 1671 2501 subtractae.
2055 2431 2092 2494 fr.
2110 2434 2159 2494 13.
2175 2440 2191 2510 5
2209 2437 2238 2496 5.

1129 2540 1165 2602 fr.
1183 2542 1233 2603 13.
1250 2547 1266 2617 ς
1284 2544 1313 2603 ε.

483 2644 585 2711 Οὐδέν
606 2649 676 2710 ἐστι
698 2655 761 2711 τοῦ
782 2649 890 2732 ἀγροῦ
911 2643 930 2710 δ
952 2645 996 2729 μὴ
1019 2643 1143 2724 ἥνωται
1166 2650 1208 2735 τῇ
1229 2650 1281 2734 γῇ.
1405 2653 1492 2715 Nihil
1507 2662 1555 2715 eet
1568 2650 1655 2713 fundi
1669 2649 1750 2731 quod
1764 2648 1828 2711 noio
1843 2668 1904 2710 non
1919 2646 2066 2721 oohoeret,
2104 2647 2239 2729 fnlipr.

1157 2754 1312 2836 fr.1'ipr.

480 2866 531 2933 Αἱ
553 2866 619 2932 ἀπὸ
643 2868 789 2932 σανίδων
812 2869 1011 2950 σιτοθηκαι,
1035 2872 1062 2933 ιλ
1083 2869 1142 2951 μίν
1164 2873 1201 2934 αί
1223 2870 1311 2955 ῥίζαι
1406 2876 1456 2938 Ex
1483 2875 1598 2940 tabulis
1624 2874 1732 2935 horreo
1757 2871 1851 2946 foeta,
1881 2870 1908 2932 ei
1935 2890 2038 2932 eorum
2064 2869 2180 2932 redieee
2206 2869 2240 2931 in

414 2976 526 3040 αὐτῶν
540 2979 622 3039 εἰσιν
636 2979 670 3038 έν
685 2979 726 3063 τῇ
741 2980 783 3063 γῇ
797 2979 1010 3059 κεχωσμέναι,
1033 2984 1095 3039 τοῦ
1109 2979 1203 3040 οἴκου
1218 2978 1312 3041 είσίν·
1339 2985 1407 3065 ipen
1433 2993 1513 3046 terro
1540 2989 1612 3044 eunt
1638 2978 1787 3053 defossae,
1815 2978 1934 3041 eedium
1957 2985 2040 3051 eunt;
2067 2977 2115 3040 ein
2137 2985 2240 3039 autom

414 3087 441 3146 ιλ
464 3080 497 3146 δὲ
519 3082 600 3166 ὑπὲρ
624 3079 684 3159 την
706 3093 767 3163 γῆν
789 3085 883 3163 είσιν,
913 3086 947 3146 ἐν
970 3092 1041 3157 τοῖς
1063 3085 1313 3166 ἀποσπωμένοις
1340 3111 1431 3173 super
1452 3100 1562 3152 terrem
1584 3088 1654 3161 nint,
1676 3088 1709 3148 in
1731 3085 1806 3148 rotie
1828 3084 1923 3147 οεεείε
1945 3092 2024 3147 eunt
2084 3083 2238 3165 fr.18pr.

413 3186 471 3252 καλ
493 3197 564 3263 τοῖς
586 3191 793 3270 τεμνομένοις
814 3193 904 3253 είσιν.
1166 3191 1252 3254 818
1267 3213 1312 3274 pr.

481 3302 550 3368 Καί
574 3305 610 3367 αί
632 3301 688 3367 διά
706 3301 767 3368 τὸν
781 3300 875 3368 οἷκον
889 3306 1159 3391 εὐτρεπισθεῖσαι
1174 3311 1312 3392 κέραμοι
1405 3312 1448 3375 Et
1462 3311 1582 3394 tegulae
1603 3311 1644 3373 od
1658 3330 1747 3372 usum
1763 3308 1882 3370 eedium
1904 3314 2030 3388 paratae
2051 3314 2083 3370 et
2104 3306 2238 3369 nondum

414 3410 472 3475 καί
493 3411 588 3492 μήπω
611 3411 764 3475 τιθεῖσαι
787 3414 821 3475 ἐν
839 3412 943 3494 αὐτῷ·
967 3415 1004 3475 αί
1018 3412 1052 3477 δὲ
1068 3415 1312 3501 ἀφαιρεθεῖσαι
1339 3420 1498 3502 impositae
1523 3419 1579 3493 eie3
1606 3417 1660 3480 sed
1682 3416 1781 3480 abiis
1804 3414 1944 3495 demptae
1966 3422 2002 3476 ut
2026 3433 2132 3476 rureue
2155 3434 2238 3496 repo·

414 3518 520 3581 αὐτοῦ
542 3513 625 3602 πρὸς
647 3513 686 3580 τὸ
703 3517 802 3581 πάλιν
817 3518 959 3596 τιθῆναι
975 3529 1037 3584 τοῦ
1051 3524 1145 3585 οίκου
1159 3522 1253 3595 dolo:
1269 3559 1311 3568 -
1339 3534 1452 3589 nentur
1473 3525 1593 3588 aedium
1617 3532 1696 3586 nint
2054 3520 2236 3597 81851.

1129 3628 1166 3691 fr.
1184 3629 1233 3690 18.
1250 3635 1266 3705 5
1285 3632 1312 3690 1.

479 3726 553 3793 Ἐἀν
575 3730 595 3805 η
618 3727 731 3810 δούλη,
754 3725 793 3807 ἦς
815 3731 834 3793 δ
857 3729 992 3806 τοκετὸς
1018 3734 1169 3818 ἐπράθη,
1197 3743 1314 3820 στεῖρα
1406 3739 1440 3804 81
1467 3737 1590 3812 aneilla,
1613 3736 1699 3800 enine
1725 3743 1831 3817 pertun
1853 3733 1956 3808 veniit,
1978 3733 2088 3797 sterilis
2110 3733 2171 3796 fuit
2189 3732 2232 3795 vd

414 3831 455 3912 ἦν
477 3833 497 3912 δ
519 3835 599 3919 ὑπὲρ
622 3831 666 3899 τά
689 3837 894 3915 πεντήκοντά
915 3840 971 3915 έτη
994 3848 1051 3903 καὶ
1074 3850 1175 3905 τοῦτο
1197 3842 1313 3923 ἡγνόη-
1340 3848 1436 3909 maior
1461 3844 1680 3927 quinquaginta
1706 3842 1794 3903 ennie
1821 3849 1852 3903 et
1877 3840 1908 3902 id
1935 3840 2088 3903 nesciebat
2113 3849 2235 3922 emptor,

415 3962 472 4005 σᾶν
502 3942 521 4003 ὁ
553 3941 755 4028 (imminit,
787 3945 851 4020 ἔχει
882 3942 972 4008 κατὰ
1002 3955 1065 4010 τοῦ
1095 3949 1225 4034 πράτου
1252 3947 1314 4026 τὴν
1340 3954 1433 4017 hebet
1454 3961 1559 4015 eontra
1581 3950 1766 4015 venditorem
1789 3947 1946 4010 uodonem.
2083 3946 2119 4008 8.
2137 3949 2177 4008 21
2194 3966 2238 4028 pr.

415 4047 562 4128 ἀγωγὴνε
578 4083 621 4095 -
1158 4055 1194 4117 8.
1210 4058 1249 4118 21
1267 4078 1312 4138 pr.

481 4163 522 4226 Εί
537 4161 594 4226 καλ
609 4161 653 4244 μὴ
669 4162 741 4249 περί
757 4162 797 4228 τὸ
812 4168 942 4253 μέτρον,
957 4166 1044 4232 ἀλλά
1059 4168 1131 4254 περί
1147 4168 1208 4247 τὴν
1223 4173 1313 4235 ποιό-
1405 4175 1449 4238 Et
1484 4174 1511 4237 ei
1547 4194 1608 4235 non
1639 4171 1719 4233 oiroe
1749 4190 1919 4233 mensuram
1950 4169 2003 4232 eed
2034 4169 2114 4232 oiree
2144 4168 2239 4250 queli-

414 4291 501 4348 τητα
526 4268 693 4357 ψεύσηται
720 4273 739 4334 δ
767 4273 907 4358 πράτης,
933 4277 1090 4352 ἐνέχεται·
1117 4274 1220 4355 τυχὸν
1246 4275 1311 4365 γάρ
1338 4292 1433 4347 tatem
1464 4281 1608 4343 mentitur
1639 4279 1678 4340 eit
1708 4277 1858 4352 venditor,
1892 4284 2023 4349 tenetur;
2051 4275 2129 4338 forte
2159 4274 2239 4338 enim

414 4373 534 4439 έκατδν
560 4377 682 4457 ζευγῶν
708 4380 867 4462 ἐργασίας
894 4381 994 4458 σι’ίσης
1025 4379 1111 4447 εἶπεν
1140 4385 1174 4468 ἐξ
1202 4386 1313 4449 αὐτῶν
1339 4397 1461 4452 eentum
1483 4390 1618 4467 iugerum
1640 4385 1800 4467 praedium
1822 4405 1891 4447 oum
1914 4392 2004 4458 emet,
2032 4383 2110 4445 dixit
2136 4404 2176 4445 ex
2201 4381 2239 4444 iis

414 4482 590 4563 ἀμπελῶνα
612 4478 694 4546 εἶναι
718 4486 922 4561 πεντήκοντα
945 4489 1065 4571 ζευγῶν
1080 4493 1247 4575 ἐργασίας,
1268 4492 1312 4575 μὴ
1339 4497 1460 4559 vineam
1481 4515 1547 4558 enee
1568 4493 1787 4575 quinquaginta
1807 4491 1955 4571 iugerum,
1977 4510 2047 4553 enm
2074 4510 2135 4551 non
2160 4498 2240 4552 esset

414 4588 514 4666 οὔσης
536 4587 788 4667 rectamne—²
1041 4597 1312 4675 fr.22.1>.19,1.
1340 4612 1435 4666 tante
1964 4597 2000 4659 n.
2017 4600 2067 4659 22.
2082 4596 2122 4658 n.
2141 4599 2190 4671 19,
2209 4600 2237 4658 1.

478 4701 552 4768 Ἐἀν
567 4709 601 4768 ὲν
616 4706 737 4786 ἀγνοίην
752 4705 846 4793 παρά
860 4719 922 4774 τοῦ
935 4711 1142 4798 κληρονόμου
1151 4716 1312 4801 ἀγοράσω
1406 4717 1441 4782 81
1461 4719 1603 4799 ignorans
1625 4716 1665 4777 nb
1687 4714 1795 4778 herede
1809 4734 1906 4777 emero
1921 4712 1953 4774 id
1968 4713 2049 4794 quod
2063 4712 2137 4775 mihi
2158 4712 2239 4793 lego·

414 4807 453 4875 τὸ
477 4811 684 4893 ληγατευθέν
705 4835 761 4895 μοι
777 4811 840 4878 ἀπὸ
856 4813 983 4901 αἵρεσιν
1004 4816 1061 4882 διά
1076 4830 1134 4898 τῆς
1148 4820 1238 4886 κατά
1252 4832 1314 4887 τοῦ
1339 4835 1405 4888 tum
1426 4835 1474 4889 eet
1495 4825 1553 4887 eub
1579 4822 1753 4886 eondieione
1780 4819 1951 4903 perempti
1979 4820 2127 4882 oetionem
2151 4818 2239 4881 noeti·

415 4916 546 5001 πράτου
568 4918 701 4998 ἀγωγῆς
722 4918 783 4997 την
804 4920 901 5002 τιμὴν
923 4923 1097 5009 λαμβάνωε
1113 4925 1172 4975 -1
1207 4930 1244 4994 8.
1260 4934 1311 4994 29.
1339 4932 1500 4995 mationem
1523 4950 1694 5011 consequor.
2136 4926 2171 4988 8.
2187 4929 2238 4988 29.

476 5029 510 5096 ‘O
532 5036 566 5094 ἐν
588 5031 705 5109 είδήσιι
728 5040 776 5117 τῷ
798 5038 976 5119 ἀγνοοῦντι
999 5044 1196 5128 πιπράσκων
1218 5046 1312 5110 ἀλλό-

413 5160 509 5223 τριον
530 5138 587 5203 καί
611 5137 676 5225 πρὸ
703 5144 895 5221 ἐκνικησεως
918 5148 1069 5229 ἀνάγεται
1095 5155 1136 5237 τῇ
1159 5150 1231 5237 περί
1255 5164 1314 5230 της
1406 5154 1439 5218 81
1462 5155 1559 5216 eniens
1579 5152 1730 5232 ignoranti
1751 5171 1815 5213 rem
1838 5149 1966 5212 alienam
1981 5149 2048 5230 quie
2069 5146 2240 5211 vendiderit

415 5246 566 5330 πράσεως
593 5248 707 5335 ἀγωγῇ
734 5253 778 5323 είς
804 5247 844 5314 τὸ
868 5251 1031 5340 διαφέρον
1053 5261 1101 5338 τῷ
1128 5260 1312 5348 ἀγοραστῇ,
1340 5270 1370 5323 et
1393 5270 1463 5324 onte
1485 5260 1661 5324 evictionem
1688 5257 1837 5321 tenebitur
1864 5256 1981 5319 notione
2009 5254 2124 5319 venditi
2148 5254 2181 5315 in
2206 5253 2239 5314 id

415 5353 520 5416 αὐτοῦ
541 5348 623 5416 εἶναι
646 5351 686 5418 τὸ
706 5366 844 5442 πρᾶγμα
865 5358 924 5423 καλ
945 5361 1092 5442 μάλιστα
1110 5369 1136 5428 εί
1158 5364 1312 5450 βούλεται
1339 5368 1420 5450 quod
1441 5369 1564 5430 interest
1585 5365 1728 5447 emptoris
1754 5384 1840 5426 enom
1866 5384 1930 5426 rem
1951 5382 2028 5424 enee:
2056 5370 2087 5424 et
2107 5380 2239 5442 preeeer·

415 5458 650 5545 ὸᾶίθθασῒὴς
672 5462 895 5549 ἐλευθερῶσαι
917 5465 938 5544 ἣ
961 5471 1157 5555 ἐνεχυράσαι
1180 5469 1219 5536 τὸ
1236 5476 1313 5555 ἀγο-
1340 5475 1395 5537 tim
1424 5476 1451 5537 ei
1481 5473 1557 5537 velit
1583 5481 1701 5555 emptor
1725 5470 1852 5534 liberere
1882 5478 1937 5532 out
1966 5469 2083 5551 pignori
2108 5467 2181 5529 dere
2206 5465 2239 5528 id

416 5567 557 5651 ρασθέν.
596 5567 669 5632 ddi
684 5568 727 5651 μὴ
743 5575 777 5633 ἐν
792 5570 909 5649 είδησει
929 5576 1046 5639 πωλῶν
1061 5578 1238 5664 ἀλλότριον
1253 5582 1314 5645 οὐκ
1340 5582 1421 5663 quod
1447 5581 1527 5644 emit
1572 5581 1624 5661 qui
1651 5599 1722 5642 vero
1748 5579 1890 5660 ignorans
1916 5575 2054 5639 vendidit
2078 5595 2142 5636 rem
2169 5572 2240 5636 niie-

415 5675 557 5750 ἐνέχεται
579 5674 630 5738 έπλ
652 5680 701 5758 τῷ
716 5688 852 5755 ποιησαι
867 5679 1030 5759 δεσπότην
1044 5680 1105 5747 τὸν
1119 5685 1314 5771 ἀγοραστὴν
1340 5709 1420 5765 nam,
1443 5709 1505 5750 non
1527 5695 1647 5750 tenetur
1662 5687 1701 5749 nd
1724 5686 1788 5760 hoe,
1811 5693 1847 5747 nt
1867 5684 1922 5746 fiet
1935 5683 2075 5744 dominun
2091 5682 2143 5763 qui
2157 5681 2239 5754 emit,

416 5778 486 5842 ἀλλ’
511 5779 563 5844 ἐπὶ
584 5785 633 5862 τῷ
654 5783 772 5866 ἐξεῖναι
795 5786 887 5870 αὐτῷ
909 5792 1005 5865 exeo:
1022 5826 1064 5837 —
1130 5792 1166 5854 8.
1183 5796 1233 5857 30.
1250 5801 1267 5872 5
1285 5798 1312 5857 1.
1341 5796 1393 5858 sed
1416 5804 1452 5858 ut
1472 5794 1500 5857 ei
1521 5794 1634 5857 hebere
1655 5792 1754 5856 liceat
2054 5788 2239 5864 831151.

416 5906 626 5916 ——--—---

486 5954 581 6028 ¹an.
653 5957 739 6015 ’σε
758 5959 825 6032 syn.
896 5962 1011 6022 mun
1028 5965 1094 6038 syn.
