4842 7018
355 404 398 468 82
1012 393 1166 460 LIBER
1187 393 1307 459 XLIV.
1351 393 1443 459 vlu.
1465 394 1539 460 VII.

355 578 463 658 ἐπειδή
496 580 623 664 άκνρόν
654 583 724 642 έστι
752 575 791 641 τό
820 577 1010 664 σύμφωνον,
1038 576 1147 649 καλῶς
1175 575 1259 660 αὐτῇ
1287 583 1424 648 ventum,
1452 583 1534 637 recte
1560 577 1589 638 ei
1616 576 1735 658 legatur
1761 577 1828 649 dos;
1861 598 1931 640 nam
1964 580 2045 661 quod
2073 581 2191 656 dieitur,

355 686 568 770 ληγατεύεται
586 688 605 762 ή
622 683 733 769 προίξ·
753 681 805 768 [τό
821 682 886 769 γάρ
903 684 1094 768 είρ]ημένον,
1119 678 1171 745 ότι
1187 681 1260 745 παί-
1287 681 1388 744 liberis
1410 682 1680 745 intervenientibus
1703 684 1879 746 deteriorem
1905 705 1994 766 posse
2022 688 2100 750 dotis
2122 711 2190 752 con-

358 795 425 860 δων
447 794 599 858 ὑπόντων
622 790 761 856 δύναται
775 792 897 877 χείρων
919 792 939 867 ή
962 801 1021 866 τῆς
1044 784 1196 872 προ[ικός
1212 789 1260 851 αἳ·
1288 788 1435 850 dicionem
1465 789 1537 864 fieri,
1568 799 1642 852 tunc
1672 789 1773 853 locum
1801 792 1901 867 habet,
1934 815 2002 855 cum
2030 795 2062 855 in
2089 798 2189 857 matri·

358 904 462 987 ρεσι]ς
477 900 645 982 γίνεσθαι,
665 901 741 962 τότε
757 900 876 983 χώραν
890 901 964 977 ἔχει,
981 893 1035 960 ὅτε
1054 900 1087 958 έν
1103 898 1150 977 τῷ
1165 895 1260 976 γάμῳ
1288 896 1389 957 monio
1404 915 1483 957 uxor
1496 897 1644 958 moriatur
1652 908 1706 959 aut
1714 897 1844 961 divortio
1855 910 2018 981 separetur.
2030 901 2080 986 [fr.
2089 906 2137 978 l.5
2148 901 2188 986 1.]

358 1006 472 1090 ήγννή
487 1005 656 1086 τελεντᾷή
676 1005 831 1087 διαζυγιήι
846 1002 1082 1084 διαζεύγννται.
1100 1001 1258 1086 [fr.l.5l.]
1287 1000 1422 1081 legatum
1461 1012 1562 1065 autem
1599 1004 1631 1065 id
1669 1004 1798 1085 amplius
1830 1006 1934 1081 habet,
1972 1008 2055 1088 quod
2087 1010 2190 1072 statim

358 1112 397 1180 τό
414 1115 448 1179 δὲ
471 1115 617 1195 ληγάτον
640 1113 737 1176 πλέον
760 1115 833 1191 ἔχει,
858 1108 909 1174 ότι
934 1119 1140 1194 παραχρῆμα
1163 1110 1260 1172 ἀπαι-
1287 1108 1397 1189 repetit
1410 1108 1511 1171 dotem
1527 1118 1558 1172 et
1572 1131 1634 1171 non
1656 1120 1727 1192 post
1745 1132 1867 1187 annum,
1892 1112 1941 1197 [fr.
1960 1117 1987 1175 l.
2005 1121 2021 1192 5
2039 1114 2073 1199 2]
2096 1117 2190 1179 veluti

357 1232 408 1287 τεῑ
432 1220 493 1300 τήν
519 1229 643 1304 προῖκα
669 1217 726 1282 καὶ
755 1219 794 1282 οὐ
816 1216 884 1301 μετ’
910 1212 1072 1295 ἐνιαυτόν,
1096 1215 1138 1299 [fr
1155 1219 1171 1277 1
1190 1222 1206 1292 5
1224 1215 1258 1299 2]
1287 1215 1324 1278 de
1361 1214 1441 1277 dotis
1477 1217 1655 1298 repetitione
1692 1220 1771 1281 actio
1803 1228 1835 1281 et
1866 1241 1927 1282 non
1958 1231 2135 1303 repetuntur
2170 1244 2190 1285 a

357 1332 401 1404 ὡς
416 1331 436 1406 ή
453 1325 523 1411 περὶ
541 1337 599 1403 τῆς
615 1323 752 1411 προικός
767 1324 977 1401 ἀπαιτήσεως
992 1320 1115 1404 ἀγωγή,
1131 1320 1260 1385 καὶούκ
1286 1323 1410 1386 muliere
1431 1342 1510 1405 quae
1536 1324 1564 1384 ei
1586 1323 1701 1386 donata
1723 1327 1846 1387 suntin
1869 1327 2070 1403 matrimonio,
2097 1331 2122 1391 si
2142 1332 2190 1392 vir

357 1440 548 1501 ἀπαιτεῖται
564 1436 583 1510 ή
599 1431 680 1514 γονή
691 1429 735 1496 τά
747 1431 950 1515 δωρηθέντα
959 1431 1044 1515 αὐτῇ
1058 1434 1092 1493 ἐν
1106 1432 1153 1510 τῷ
1163 1429 1258 1510 γάμῳ
1286 1430 1499 1512 conquieverit
1532 1428 1583 1512 [fr.
1601 1435 1628 1492 1.
1654 1431 1733 1516 53]
1761 1433 1841 1494 circa
1867 1454 1937 1496 vero
1965 1434 2066 1497 dotem
2092 1457 2189 1499 neces-

357 1553 418 1608 τοῦ
433 1537 556 1626 ἀνδρὸς
572 1541 860 1627 ἑφησνχάσαντος.
878 1539 928 1622 [fr.
941 1543 967 1600 1.
983 1544 999 1614 5
1012 1536 1055 1621 3.]
1089 1533 1133 1599 τά
1148 1539 1257 1616 μέντοι
1286 1536 1384 1599 sarias
1397 1537 1560 1617 impensae,
1580 1538 1722 1617 quoniam
1735 1539 1801 1620 ipso
1819 1540 1884 1602 iure
1901 1543 2103 1621 quantitatem
2117 1544 2189 1622 eius,

357 1647 451 1735 παρά
470 1659 528 1725 της
546 1643 684 1731 προικός
702 1648 873 1726 ἀναγκαῖα
896 1643 1129 1725 δαπανήματα,
1152 1640 1258 1719 ἐπειδή
1286 1664 1349 1706 uon
1379 1664 1449 1707 vero
1482 1644 1564 1725 ipsas
1595 1664 1642 1706 res
1672 1646 1829 1720 minuunt,
1866 1645 1914 1730 [fr.
1934 1650 1960 1708 l.
1987 1649 2071 1733 ξε]
2108 1649 2189 1731 lega

357 1755 430 1838 ίδίω
459 1755 576 1835 δικαιήι
604 1750 643 1816 τό
671 1748 778 1816 ποσὸν
801 1751 918 1829 αὐτῆς,
952 1751 992 1812 οὐ
1017 1746 1082 1831 μήν
1104 1745 1193 1813 αὐτά
1216 1746 1259 1811 τά
1286 1759 1351 1811 tum
1380 1749 1567 1825 deminuunt,
1594 1752 1682 1813 sicuti
1709 1760 1740 1813 et
1766 1772 1834 1812 cum
1862 1754 1937 1815 data
1963 1754 2004 1817 sit
2029 1756 2061 1817 in
2089 1758 2189 1818 matri-

357 1863 542 1948 πράγματα
556 1869 692 1941 μειοῦσι,
715 1858 764 1942 [fr.
783 1862 810 1920 1.
827 1864 843 1934 5
860 1856 904 1941 4.]
950 1852 990 1919 τό
1006 1856 1153 1936 ληγάτον
1168 1856 1258 1918 star·
1287 1857 1387 1918 monio
1414 1857 1533 1919 mulieri
1555 1857 1610 1920 dos
1632 1859 1664 1918 in
1687 1857 1796 1939 quibus
1819 1858 1889 1923 licet
1915 1862 2037 1924 casibus
2064 1872 2095 1926 et
2121 1884 2190 1925 cum

357 1978 485 2048 τοῦσιν,
518 1965 622 2050 ὥςπερ
646 1964 702 2030 καί
731 1962 781 2029 ὅτ’
807 1963 915 2039 ἐδόθη
948 1967 981 2026 ἐν
1012 1966 1060 2044 τῷ
1091 1962 1186 2043 γάμῳ
1219 1966 1259 2048 τῇ
1287 1984 1333 2025 res
1359 1984 1421 2024 uon
1448 1965 1626 2027 aestimatae
1647 1966 1798 2046 perierint.
1826 1965 1876 2050 [fr.
1895 1972 1922 2029 1.
1943 1975 1960 2045 5
1978 1969 2022 2054 5.]
2069 1972 2188 2033 sivero

357 2078 488 2158 γυναικὶ
516 2072 614 2158 προὶξ
641 2072 694 2158 ἐφ’
725 2068 771 2135 ὧν
798 2071 902 2154 ίξεστι
932 2069 1093 2151 θεμάτων
1120 2066 1177 2132 καί
1206 2066 1260 2131 ὅτε
1288 2071 1550 2151 compromiserit
1576 2072 1685 2133 mulier
1707 2072 1808 2134 dotem
1830 2094 1891 2136 uon
1918 2074 2048 2152 dederit,
2076 2086 2108 2140 et
2127 2098 2189 2139 mo

357 2179 402 2247 τά
417 2181 621 2263 ἀδιατίμητα
637 2179 852 2266 φθείρονται.
876 2177 926 2260 [fr.
946 2180 972 2237 1.
990 2182 1006 2252 5
1024 2176 1067 2260 5.]
1111 2179 1138 2239 εί
1154 2174 1187 2238 δέ
1202 2172 1259 2238 καὶ
1287 2177 1366 2239 riens
1398 2178 1446 2239 vir
1476 2177 1622 2258 legaverit
1653 2179 1680 2240 ei
1712 2179 1823 2254 dotem,
1845 2180 1922 2243 nihil
1953 2193 2056 2264 petere
2082 2194 2188 2265 potest,

357 2288 597 2372 ὁμολογήσασα
615 2283 695 2368 γονή
714 2294 839 2368 προῖκα
853 2282 896 2366 μή
913 2283 1012 2368 διέσῃ,
1031 2281 1088 2346 καὶ
1105 2283 1261 2345 τελευτῶν
1288 2284 1346 2345 uisi
1367 2294 1403 2345 ut
1429 2283 1574 2346 liberetur
1599 2284 1790 2365 obligatione
1819 2286 1868 2369 [fr.
1887 2291 1914 2350 1.
1936 2296 1952 2366 5
1971 2289 2014 2373 6.]
2060 2311 2131 2352 nam
2157 2301 2189 2354 et

357 2401 376 2461 d
400 2394 485 2479 ἀνήρ
508 2391 692 2477 ληγοιτεύση
711 2392 796 2477 αὐτῇ
814 2388 875 2468 τήν
898 2400 1030 2475 προῖκα,
1055 2388 1148 2453 οὐδὲν
1164 2391 1259 2452 ἀπαι-
1288 2391 1313 2451 si
1341 2390 1481 2471 legavero
1504 2399 1625 2453 centum
1649 2412 1796 2466 nummos,
1823 2414 1899 2474 qnos
1926 2396 1957 2455 in
1985 2416 2058 2458 arca
2083 2397 2188 2472 habeo,

358 2513 425 2567 τεῖν
451 2500 605 2581 δύναται,
634 2497 717 2576 πλήν
743 2498 1018 2583 έλενθερωθηναι
1050 2507 1108 2572 της
1135 2500 1259 2573 ἐνοχης.
1287 2496 1337 2560 vel
1352 2517 1426 2579 quos
1446 2497 1529 2578 apud
1548 2517 1597 2559 me
1615 2498 1667 2560 ille
1685 2498 1832 2580 deposuit,
1855 2509 1886 2562 et
1907 2522 1968 2563 non
1987 2501 2189 2577 inveniantur,

359 2610 409 2695 [fr.
427 2614 454 2672 1.
472 2616 488 2686 5
508 2609 551 2693 6.]
584 2611 611 2671 εί
626 2604 692 2690 γάρ
708 2603 765 2670 καὶ
781 2603 972 2686 ληγατεύσω
989 2600 1110 2667 ἑκατόν
1124 2600 1260 2685 νομμ’ἀ
1288 2625 1348 2666 non
1370 2604 1524 2667 debentur.
1669 2676 1674 2688 .
2029 2610 2064 2672 fr.
2082 2612 2109 2671 1.
2126 2617 2141 2687 5
2160 2616 2187 2674 7.

356 2719 421 2794 έχω
444 2719 478 2779 έν
501 2718 541 2801 τῇ
565 2714 676 2800 ἄοπλοι
698 2709 837 2790 ήάτινα
860 2712 878 2773 ό
903 2709 993 2774 δεῖνά
1015 2731 1071 2792 μοι
1087 2710 1259 2796 παρέθετο

356 2822 414 2887 καὶ
435 2821 478 2905 μή
502 2820 702 2906 εὑρεθῶσιν,
726 2819 766 2882 οὐ
787 2819 1061 2902 κεχρειόστηνται.
1099 2817 1134 2878 fr.
1152 2822 1179 2880 1.
1197 2823 1213 2893 5
1232 2822 1259 2879 7.

285 2935 320 2999 d.
421 2925 495 2992 Ἐἀν
526 2925 717 3008 ληγατεύσω
750 2929 791 3011 τῇ
817 2924 951 3006 γυναικί
978 2944 1042 3005 μον
1078 2922 1173 2987 τόνδε
1200 2920 1260 2987 τόν
1354 2924 1388 2986 si
1418 2924 1558 3006 legavero
1585 2926 1672 2988 uxori
1703 2946 1790 2988 meae
1825 2927 1906 2990 hune
1932 2928 2062 2991 fundum
2088 2930 2189 2992 dicens

357 3032 465 3119 ἀγρόν
480 3032 578 3099 είπδιν
593 3032 636 3096 δι’
655 3030 758 3109 αὐτὴν
781 3027 904 3094 αὐτόν1
927 3030 1137 3110 κτήσασθαι,
1160 3032 1260 3115 έρρω-
1286 3042 1410 3112 propter
1431 3052 1499 3094 eam
1521 3032 1607 3093 illum
1627 3031 1703 3116 [me]
1726 3034 1888 3113 quaesisse,
1912 3036 1996 3098 valet
2013 3035 2187 3121 [legatum]:

354 3127 426 3207 ται·
444 3138 488 3205 td
502 3136 568 3225 γάρ
585 3139 830 3225 προςτιθέμενα
846 3136 932 3218 δήλιμ
943 3133 1051 3219 δρῶς’
1066 3137 1105 3200 οὐ
1119 3135 1258 3221 βλάπτει
1287 3158 1365 3219 quae
1387 3140 1465 3200 enim
1489 3139 1643 3201 adduntur
1658 3138 1729 3222 [rei]
1749 3151 1849 3203 certae
1867 3162 1928 3203 non
1950 3151 2062 3204 nocent
2080 3143 2187 3224 legato.

357 3246 396 3312 τό
412 3248 566 3329 ληγάτον.
1097 3245 1133 3307 ir.
1152 3247 1179 3307 1.
1196 3250 1212 3320 5
1230 3247 1258 3305 8.
2029 3248 2065 3310 fr.
2084 3253 2110 3310 1.
2126 3256 2142 3326 5
2159 3253 2188 3312 8.

421 3352 495 3419 Ἐἀν
517 3354 661 3437 έξωτικῷ
683 3352 877 3437 ληγατενθῇ
900 3352 919 3427 ή
936 3349 1034 3434 προίξ
1049 3348 1099 3413 ἐπὶ
1116 3354 1163 3432 τῷ
1179 3352 1260 3413 ἀπο·
1353 3353 1386 3416 Si
1414 3361 1559 3414 extraneo
1586 3351 1678 3416 fuerit
1705 3353 1759 3415 dos
1792 3353 1896 3436 legata
1923 3364 1958 3417 ut
1985 3354 2080 3440 [eam]
2107 3358 2189 3418 resti·

355 3471 570 3537 καταστήσαι
593 3457 698 3536 αὐτήν
713 3458 811 3538 ἀλλην,
828 3458 903 3520 οὔτε
915 3458 1034 3541 χώραν
1048 3459 1067 3520 ὁ
1084 3456 1260 3544 φαλκίδιος
1287 3469 1355 3522 tuat
1370 3459 1430 3529 alii.
1453 3479 1551 3541 neque
1573 3460 1674 3522 locum
1697 3459 1789 3523 habet
1803 3460 1926 3523 falcidia
1943 3482 2040 3543 neque
2056 3462 2189 3545 legatum

357 3572 422 3646 έχει
438 3563 568 3632 edrard
584 3566 804 3647 ληγάτοντῆς
820 3564 1129 3638 ἀποκαταστάσεως
1145 3563 1259 3644 ίσχάει,
1287 3565 1485 3629 restitutionis
1511 3565 1561 3627 hic
1588 3566 1677 3641 valet,
1710 3568 1768 3628 nisi
1795 3567 1867 3648 quid
1895 3568 2026 3650 amplius
2053 3570 2081 3631 ei
2107 3570 2190 3631 relic

357 3680 383 3739 el
406 3675 450 3757 μή
473 3696 505 3737 τι
529 3675 627 3737 πλέον
650 3672 734 3758 αὐτῇ
749 3671 971 3756 κατελείφθης
990 3707 1032 3718 -
1075 3671 1111 3733 fr.
1130 3675 1190 3749 l.5
1212 3674 1259 3733 12.
1288 3681 1353 3734 tum
1376 3673 1423 3734 sit
2006 3676 2042 3737 fr.
2060 3681 2087 3738 1.
2104 3682 2120 3753 5
2139 3679 2188 3738 12.

420 3777 495 3844 Ἐάν
518 3776 625 3863 ἀγρὸν
648 3786 861 3863 προικιμαῖον
884 3775 1006 3859 όάνήρ
1026 3777 1188 3863 μισθώσῃ
1202 3775 1259 3841 καί
1354 3778 1388 3840 Si
1414 3778 1542 3840 fundum
1574 3780 1708 3843 dotalem
1738 3781 1787 3844 vir
1812 3781 1959 3845 locaverit
1984 3792 2016 3846 et
2044 3782 2189 3863 legaverit

356 3885 541 3972 ληγατεύση
565 3890 605 3972 τῇ
628 3883 759 3965 γυναικὶ
787 3883 847 3962 τήν
875 3893 1010 3968 προῖκα,
1038 3885 1258 3969 ἀσφαλίζεται
1288 3885 1374 3948 uxori
1400 3885 1516 3960 dotem,
1545 3897 1633 3950 cavet
1659 3888 1763 3972 [uxor]
1792 3889 1893 3951 heredi
1921 3910 1953 3951 se
1975 3891 2188 3971 permissuram

358 3991 417 4058 τόν
432 3993 639 4077 κληρονόμον
647 3988 700 4055 ότι
716 4001 885 4075 συγχωρεῖ
896 3994 942 4072 τρῖ
957 3991 1117 4077 μισθωτῇ
1133 3988 1172 4054 τό
1181 4012 1260 4073 καρ-
1287 3992 1462 4055 conductori
1494 3992 1611 4055 fructus
1647 3996 1812 4076 percipere,
1848 4017 1917 4058 cum
1954 3997 2085 4078 accipiat
2115 4017 2189 4058 mer·

357 4100 512 4165 ποῦσθαι
534 4100 729 4181 κομιζομένη
752 4095 792 4162 τό
815 4093 1010 4180 μίσθωμα.8
1075 4098 1111 4159 fr.
1130 4101 1156 4160 1.
1174 4105 1190 4175 5
1210 4102 1258 4161 15.
1287 4099 1399 4162 cedem.
2006 4104 2041 4164 fr.
2060 4107 2087 4163 1.
2105 4110 2121 4181 5
2140 4106 2188 4165 15.

422 4203 496 4271 Ἐἀν
522 4204 616 4290 λάβω
644 4202 738 4290 παρά
764 4216 823 4282 τῆς
854 4205 1010 4286 γυναικός
1040 4226 1105 4287 μον
1136 4213 1260 4287 προῖκα
1353 4207 1388 4270 Si
1410 4226 1552 4288 accepero
1580 4207 1619 4268 ab
1646 4228 1741 4270 uxore
1768 4229 1838 4270 mea
1863 4209 1964 4272 dotem
1991 4211 2189 4291 quadringen-

358 4315 583 4398 τετρακοσίων
605 4325 712 4395 νομμῐ,
736 4311 893 4376 διακόσια
915 4313 972 4393 μέν
995 4308 1051 4376 διά
1070 4310 1129 4375 δύο
1146 4314 1260 4396 ἀγρῶν
1287 4324 1385 4375 torum
1413 4334 1586 4389 aureorum,
1619 4314 1763 4377 ducentos
1789 4335 1844 4396 per
1874 4316 1984 4379 fundos
2017 4319 2190 4380 aestimatos

358 4419 645 4501 διατετιμημένων,
677 4418 835 4482 διακόσια
862 4418 896 4482 δὲ
928 4415 985 4483 διά
1016 4419 1258 4502 γραμματείων,
1288 4430 1377 4501 atque
1400 4420 1545 4483 ducentos
1567 4442 1621 4501 per
1642 4420 1767 4482 nomina
1788 4431 1819 4484 et
1840 4421 1981 4502 legavero
2001 4425 2029 4485 ei
2051 4445 2106 4505 pro
2121 4424 2191 4486 dote

357 4525 414 4591 καί
446 4524 637 4607 ληγατεάσω
664 4526 750 4611 αὐτῇ
777 4523 853 4589 ἀντὶ
880 4535 939 4602 της
965 4521 1103 4609 προικός
1129 4527 1260 4609 έτέρονς
1287 4527 1362 4589 alios
1390 4527 1466 4589 dnos
1492 4527 1602 4589 frmdos
1631 4536 1662 4589 et
1683 4538 1839 4609 praeterea
1866 4551 1918 4591 eos
1945 4550 2020 4610 quos
2042 4530 2116 4591 mihi
2138 4531 2189 4592 de-

357 4632 417 4697 δάο
441 4629 565 4718 ἀγροὺς
587 4629 645 4696 καὶ
667 4631 797 4715 έξωθεν
819 4627 896 4706 τοὺς
920 4631 1088 4707 δοθέντας
1105 4653 1161 4714 μοι
1178 4632 1257 4716 παρ’
1287 4634 1372 4696 derat
1400 4643 1432 4696 et
1453 4653 1601 4718 rogavero
1624 4653 1706 4708 eam,
1734 4644 1769 4697 ut
1794 4645 2014 4717 postmortem
2036 4657 2124 4698 susm
2146 4658 2189 4698 re-

357 4740 468 4818 αίιτής,
496 4737 552 4802 καί
580 4739 714 4822 ἀξιώσω
741 4735 825 4821 μετά
858 4739 1016 4802 θάνατον
1047 4737 1152 4817 αὐτήν
1179 4740 1260 4802 ἀπο·
1288 4742 1395 4802 stituat
1421 4740 1567 4822 quidquid
1590 4761 1628 4802 ex
1652 4751 1832 4804 testamento
1853 4763 1920 4804 meo
1943 4744 2064 4824 ceperit,
2087 4743 2187 4805 dotem

356 4857 569 4923 καταστῆσαι
598 4849 629 4908 εἴ
652 4869 684 4909 τι
712 4849 748 4909 ἐκ
774 4857 832 4922 τῆς
860 4845 1030 4922 διαθήκης
1053 4868 1117 4928 μον
1140 4846 1259 4932 εὶληιμε,
1288 4857 1319 4909 et
1345 4847 1462 4908 finctus
1488 4848 1553 4909 eius
1579 4849 1711 4910 restituit
1737 4869 1806 4910 eum
1837 4849 1928 4911 lucris
1960 4858 1991 4911 et
2021 4870 2189 4931 repraesen-

357 4951 418 5031 τήν
445 4961 569 5037 προῖκα
595 4951 653 5016 καὶ
680 4949 759 5026 τοὺς
784 4949 934 5037 καρποὺς
961 4953 1063 5029 αὐτῆς
1090 4953 1261 5016 ἀποκαθί-
1288 4956 1402 5016 tatione
1425 4954 1456 5014 in
1480 4955 1630 5017 solutione
1653 4954 1741 5016 dotis.
2028 4956 2064 5017 fr.
2082 4960 2110 5018 2.
2127 4962 2143 5032 5
2162 4959 2189 5018 1.

357 5081 456 5136 στησι
478 5056 562 5142 μετά
583 5057 710 5143 κερδῶν
732 5057 871 5123 καὶτοῦ
892 5062 1189 5143 έμπαρονσιάσμοῦ
1203 5069 1261 5135 τῆς

356 5165 548 5251 καταβολῆς
572 5176 630 5242 της
653 5166 803 5249 προικόςτ
820 5202 862 5212 -
1108 5166 1142 5229 fr.
1160 5171 1179 5228 2
1197 5173 1213 5243 5
1233 5169 1260 5229 1.

428 5270 540 5347 Οὕτως
562 5268 666 5336 εἶπον·
689 5271 807 5352 ,πλέον
829 5282 888 5349 της
910 5269 1048 5357 προικός
1075 5271 1196 5335 διδότω
1220 5277 1261 5357 τῇ
1355 5274 1406 5337 Sic
1420 5274 1498 5336 dixi:
1521 5274 1671 5355 „amplius
1690 5297 1781 5357 quam
1797 5277 1898 5338 dotem
1915 5277 1987 5338 dato
2003 5278 2091 5339 uxori
2106 5298 2190 5339 meae

358 5383 482 5466 γαμετῇ
506 5401 570 5461 μου
593 5378 836 5463 όκληρονόμος
859 5377 1017 5442 διακόσια
1040 5381 1170 5456 νομμῐέέ.
1203 5377 1260 5443 καὶ
1288 5382 1375 5444 heres
1397 5382 1542 5444 ducentos
1566 5390 1699 5446 aureos“.
1738 5393 1768 5445 et
1791 5384 1894 5445 dotem
1918 5385 2020 5446 videor
2042 5383 2152 5465 legare.

358 5484 418 5563 τήν
441 5495 564 5570 προῖκα
587 5484 675 5549 δοκῶ
698 5485 895 5567 ληγατεύειν.
1179 5487 1213 5548 fr.
1231 5491 1260 5548 3.
2108 5490 2144 5553 fr.
2160 5494 2189 5552 3.

430 5751 440 5783 ¹
459 5751 510 5805 -ὁ
529 5751 589 5805 cod.
672 5751 787 5825 ²1>qu
804 5753 1006 5825 προστιθεμένη
1025 5749 1089 5820 δήλη
1108 5751 1176 5822 όμῖις
1199 5753 1260 5806 cod.

429 5838 440 5871 ⁸
458 5857 492 5895 ex
510 5839 624 5895 scholiis
642 5840 706 5895 Bas.
721 5840 752 5894 Il.
763 5840 818 5895 Hb.
856 5839 912 5895 Sed
930 5841 960 5893 in
978 5840 1038 5895 cod.
1057 5842 1164 5911 μισθῶι
1183 5843 1218 5910 τῷ
1237 5861 1260 5894 κ.

358 5928 433 5983 unde
450 5932 556 5984 textum
570 5945 668 5985 vorum
685 5930 802 5985 restitui.
830 5929 981 5999 Perperam
999 5930 1030 5983 in
1048 5929 1261 6001 εδδμισόωτῷ.
