4978 7018
762 425 923 493 INDEX
945 426 1019 493 ΙΙΙι
1040 425 1173 493 ΤΟΜΙ.
1219 427 1373 495 LIBER
1395 428 1654 497 xnlv-xnv.
2107 438 2127 501 9

188 683 210 718 ι.
223 663 256 731 η’.
360 618 384 723 λι
405 659 566 737 καλλονῆς
589 659 609 738 ἣ
631 661 783 743 επιλογῆς
805 662 961 743 ληγάτου.
1290 664 1329 725 de
1351 663 1481 746 optionis
1503 664 1554 727 vel
1576 664 1733 728 electionis
1755 666 1866 748 legato.
2164 682 2183 732 t.
2196 682 2220 731 8.

177 843 200 877 τ.
213 824 255 877 θ’.
326 886 330 891 ,
361 841 384 884 π
407 822 503 884 σίτου
526 824 619 884 οἴνου
641 820 752 885 ἐλαίου
774 821 1049 902 ληγατευθόντος.
1290 823 1328 885 de
1349 823 1501 886 frumento
1524 825 1595 887 vino
1618 826 1684 888 oleo
1707 826 1816 906 legato.
2163 840 2181 891 ι.
2195 841 2220 890 s.

193 1002 215 1036 τ.
229 984 255 1037 ί.
360 939 383 1044 δι
413 990 620 1057 κατασκευῆς
647 980 666 1058 ἢ
689 991 757 1044 τῶν
780 978 862 1064 πρὸς
889 982 1072 1067 ὑπηρεσίαν
1098 982 1197 1065 ληγα-
1289 984 1328 1046 de
1349 984 1558 1066 suppellectile
1581 1005 1635 1047 seu
1657 987 1696 1048 de
1718 988 1755 1049 iis
1770 1007 1850 1068 quae
1872 988 1912 1049 ad
1927 987 2127 1051 ministerium
2163 1000 2181 1051 t
2196 1002 2238 1051 ιο.

293 1087 491 1151 τευθέντων.
1222 1091 1375 1171 pertinent
1396 1091 1512 1171 legatis.

177 1268 199 1302 t·
213 1247 255 1303 ιδ’.
359 1206 382 1311 δι
405 1248 572 1333 τροφείων
594 1246 878 1327 ληγατευθίντων.
1289 1252 1328 1312 de
1350 1251 1502 1313 alimentis
1525 1251 1642 1333 legatis
2164 1267 2181 1318 t.
2197 1267 2237 1317 14.

178 1428 200 1462 s·
214 1409 254 1462 ιε’.
359 1366 381 1470 δι
417 1416 549 1492 χρυσοῦ
585 1408 749 1492 ἀργυρίου
790 1408 955 1491 καθαροῦ
991 1411 1139 1491 κοσμίων
1176 1407 1195 1485 ἣ
1288 1410 1327 1472 de
1349 1431 1423 1472 auro
1447 1420 1572 1492 argento
1594 1413 1708 1475 mundo
1724 1415 1908 1475 ornamentis
1926 1413 1973 1476 vel
1992 1434 2127 1492 unguen·
2163 1427 2181 1477 t.
2196 1427 2237 1477 lo.

291 1513 404 1597 μύρων
426 1513 446 1591 l)
470 1512 681 1598 ἀνδριάντων
702 1514 986 1595 ληγατευθόντων.
1222 1518 1261 1579 tis
1283 1518 1333 1579 vel
1355 1517 1463 1579 statuis
1485 1518 1603 1598 legatis.

173 1694 195 1728 τ·
209 1676 254 1740 ις’·
358 1634 582 1757 ἀνελευθερίας
587 1685 698 1760 χρεῶν
707 1674 969 1755 ληγατευθείσης
980 1674 1036 1740 καί
1047 1676 1196 1753 πλαστῶς
1288 1677 1327 1739 de
1348 1676 1526 1740 liberatione
1548 1678 1641 1741 debiti
1664 1679 1767 1761 legata
1789 1689 1821 1742 et
1841 1680 1921 1743 falsa
1938 1699 2032 1743 eausa
2047 1679 2126 1741 solu·
2162 1692 2180 1742 t.
2196 1693 2237 1743 lo.

291 1783 402 1855 αἰτίας
424 1781 615 1866 καταβολῆς
638 1782 785 1862 ληγάτου
806 1780 863 1845 καί
886 1791 948 1846 τοι]
970 1784 1076 1847 πίστει
1092 1805 1195 1846 κατα·
1222 1783 1311 1846 tionis
1333 1783 1427 1864 legati
1449 1793 1480 1847 et
1501 1784 1732 1848 fideicommissi.

290 1889 500 1976 λειφθέντος.

176 2069 198 2103 1·
212 2051 253 2113 ‘l‘-
357 2007 612 2135 πάφαιρόσεως
635 2047 867 2136 δμεταφοράς
889 2048 1043 2130 ληγάτων
1057 2047 1077 2126 ἢ
1093 2047 1195 2136 φιδει-
1288 2051 1326 2113 de
1353 2050 1547 2132 ademptione
1573 2052 1624 2115 vel
1650 2053 1849 2116 translatione
1879 2054 2048 2135 legatomm
2075 2052 2125 2115 vel
2162 2065 2180 2115 t.
2195 2065 2236 2115 11.

290 2156 493 2238 κομμίσσων.
1222 2158 1527 2220 fideicommissorum.

174 2335 196 2369 t·
209 2317 252 2384 ω’.
357 2275 609 2398 ππραγμάτωυ
631 2313 830 2402 ἀμφιβόλων
853 2314 1119 2398 ληγατευομίνων
1138 2314 1194 2380 καί
1288 2317 1326 2379 de
1347 2318 1437 2379 rebus
1459 2318 1560 2380 dubiis
1586 2319 1695 2400 legatis
1721 2319 1812 2382 etde
1838 2320 1959 2382 incertis
1981 2319 2124 2400 personis.
2162 2330 2180 2382 t.
2195 2332 2235 2382 18.

290 2420 362 2507 περὶ
386 2424 530 2509 ἀφανῶν
553 2423 749 2506 προσώπων.

164 2601 186 2635 1·
200 2583 251 2637 θ’·
356 2542 557 2667 παίρέσεως
579 2579 636 2645 καί
660 2579 831 2658 δηλώσεως
854 2582 964 2656 αίτιάς
986 2582 1044 2646 καί
1067 2585 1195 2666 τρόπου
1288 2585 1326 2645 de
1349 2584 1526 2646 oondioione
1548 2593 1580 2646 et
1601 2585 1858 2648 demonstratione
1874 2606 1967 2648 eausa
1982 2595 2014 2648 et
2035 2587 2125 2649 modo
2162 2597 2180 2646 t.
2196 2597 2236 2647 lo.

288 2689 400 2753 αὐτῶν
436 2685 537 2752 ἀτινα
572 2693 606 2752 ἐν
641 2687 792 2774 διαθήκῃ
824 2686 896 2772 περί
927 2688 1082 2770 ληγάτων
1114 2689 1194 2774 γρά-
1221 2711 1425 2772 eorumquae
1446 2692 1478 2752 in
1501 2701 1682 2755 testamento
1704 2692 1872 2773 delegatis
1896 2693 2076 2756 scribuntur.

288 2818 423 2884 φονται.

182 2923 203 2957 1·
217 2904 249 2957 ¹(-
354 2904 465 2977 ποίαις
487 2905 622 2985 ἡμέραις
645 2899 685 2965 τό
708 2901 855 2982 ληγοίτον
875 2901 894 2979 ἢ
911 2900 951 2966 τό
967 2900 1194 2989 φιδεικόμμισ-
1287 2904 1398 2985 quibus
1413 2904 1520 2968 diebus
1539 2905 1673 2985 legatum
1688 2905 1737 2969 vel
1752 2906 2017 2968 fideicommissum
2037 2906 2123 2968 oedit
2161 2916 2235 2966 tto.

288 3031 350 3073 σον
372 3012 474 3093 ἀργεῖ.

163 3137 248 3172 vsa·
376 3118 453 3180 τίνα
475 3127 543 3179 τῶν
565 3114 719 3196 ληγάτων
740 3112 798 3179 καί
821 3125 890 3178 τῶν
910 3114 1194 3201 φιδεικομμίσσων
1286 3119 1435 3199 quomodo
1451 3118 1489 3179 de
1511 3118 1620 3198 legatis
1643 3118 1770 3200 fideique
1785 3119 1952 3181 commissis
1967 3118 2123 3181 servandis
2161 3145 2178 3195 ρ,
2192 3146 2234 3196 21.

287 3223 484 3311 φυλακτέων
504 3223 608 3305 γάριν
630 3221 853 3308 ἀσφαλίζεται
876 3223 895 3285 ὁ
918 3221 1133 3307 κληρονόμος.
1219 3224 1348 3286 satisdat
1370 3224 1464 3287 heres.

165 3382 249 3455 esd·
354 3344 376 3447 π
409 3392 470 3447 τοῦ
501 3381 557 3446 ἵνα
586 3386 631 3457 είς
662 3379 723 3459 τὴν
754 3380 858 3464 νομὴν
889 3393 956 3446 τῶν
986 3382 1141 3463 ληγοίτων
1173 3381 1192 3459 l>
1286 3394 1322 3446 ut
1348 3385 1379 3445 in
1406 3384 1625 3466 possessionem
1651 3385 1819 3465 legatorum
1844 3384 1892 3473 vel
1915 3384 2122 3447 fideicommis·
2158 3392 2177 3443 t.
2190 3393 2233 3444 ss.

287 3489 571 3578 φιδεικομμίσσων
594 3489 676 3572 ἐξείη
700 3487 857 3564 δοθῆναι.
1219 3512 1305 3553 orum
1327 3491 1420 3553 lioeat
1441 3490 1516 3553 dari.

173 3669 195 3703 1·
208 3670 250 3723 νγ·
353 3610 552 3731 πληγάτων
575 3652 820 3732 παρασγετέων,
845 3658 903 3725 τῆς
918 3648 1087 3726 διαθήκης
1103 3651 1192 3713 ἀντι·
1285 3650 1324 3712 de
1355 3650 1464 3731 legatis
1494 3650 1696 3731 praestandis,
1732 3659 1913 3713 testamento
1944 3652 2121 3733 impugnato
2158 3661 2176 3710 t.
2190 3660 2232 3711 23.

286 3756 458 3839 λεγομένης
481 3752 538 3819 διά
560 3766 618 3832 τῆς
642 3765 709 3818 τῶν
732 3756 939 3840 πραγμάτων
966 3766 1067 3838 νομῆς
1093 3758 1191 3820 ἀπαι·
1218 3777 1272 3838 per
1293 3777 1395 3819 rerum
1416 3755 1615 3839 possessionis
1637 3757 1823 3838 petitionem.

285 3864 417 3940 τήσεως.

166 4044 188 4079 τ.
201 4026 247 4079 κε’.
352 3984 562 4104 πληγάτωνι
581 4060 623 4070 -
1282 4023 1321 4085 de
1342 4024 1459 4104 legatis.
2158 4032 2175 4082 t.
2189 4032 2232 4083 25.

161 4150 182 4185 1·
196 4133 246 4197 sd·
353 4127 462 4193 Κοιυά
486 4129 558 4213 περὶ
586 4130 739 4210 ληγάτων
768 4127 826 4193 καί
857 4130 963 4194 πίστει
988 4131 1189 4212 καταλελημ-
1283 4131 1454 4192 eommunia
1484 4130 1523 4191 de
1554 4130 1661 4211 legatis
1693 4140 1725 4192 et
1754 4130 1989 4193 fideicommissis
2021 4142 2052 4194 et
2082 4133 2121 4195 de
2157 4138 2174 4189 t.
2188 4139 2230 4190 26.

283 4293 388 4372 μένων
402 4289 460 4353 καί
476 4249 499 4354 π
515 4300 573 4367 τῆς
583 4301 650 4353 τῶν
665 4289 964 4377 καταλειφθέντων
980 4291 1188 4374 ἀναιρέσεως.
1216 4237 1388 4299 mmmmm
1411 4236 1611 4316 mmmm·

162 4452 245 4519 1.qu
351 4410 465 4514 λιτῶν
487 4447 551 4514 ὑπὸ
574 4451 702 4535 τρόπον
724 4448 879 4530 ληγάτων
901 4451 975 4526 ἢτοι
998 4461 1066 4513 τῶν
1082 4451 1187 4514 πίστει
1281 4451 1320 4513 de
1342 4450 1399 4513 sub
1422 4451 1512 4513 modo
1527 4451 1640 4512 relictis
1662 4449 1771 4532 legatis
1787 4452 1850 4513 sive
1872 4451 2117 4513 fideioommissis.
2155 4459 2173 4508 t.
2186 4459 2229 4510 28.

282 4558 629 4640 καταλιμπανομένων.

178 4739 200 4773 τ.
214 4720 245 4773 λ’.
350 4677 373 4780 λι
400 4718 564 4780 ἀνιόντων
589 4715 647 4780 καί
673 4718 873 4781 κατιόντων·
901 4725 970 4790 πῶς
999 4715 1051 4779 δεῖ
1073 4716 1189 4791 αὐτοῖς
1282 4718 1321 4779 de
1348 4718 1580 4780 aseendentibus
1607 4726 1639 4781 et
1669 4716 1933 4790 descendentibus;
1965 4718 2118 4799 quomodo
2154 4725 2172 4775 t.
2186 4726 2229 4778 30.

281 4823 413 4905 ληγάτα
436 4825 673 4909 παραπέμπειν.
1215 4825 1258 4886 eis
1280 4824 1382 4904 legata
1403 4825 1608 4887 transmittere
1631 4832 1757 4905 oportet

159 4953 180 4987 τ.
194 4934 243 4988 λα’.
353 4932 436 4995 Τότε
459 4941 517 5007 τῆς
544 4928 748 5007 διακατογῆς
773 4939 841 4991 τῶν
865 4928 1019 5009 ληγάτων
1042 4928 1061 5005 l>
1085 4928 1188 5015 φιδει-
1280 4932 1367 4993 Tune
1397 4932 1593 5013 possessionis
1624 4931 1792 5010 legatorum
1826 4930 1876 4994 vel
1913 4930 2117 4993 fideioommis·
2154 4938 2171 4988 t.
2185 4938 2228 4989 31.

280 5038 475 5121 κομμίσσων
491 5040 699 5120 τηρουμένων
715 5035 839 5112 settle
854 5036 1115 5117 συγκεχώρηται,
1132 5032 1187 5099 ὅτε
1215 5058 1316 5099 sorum
1339 5038 1554 5101 servandorum
1577 5037 1741 5100 remittitur
1755 5058 1849 5099 eausa
1871 5057 1940 5099 oum
1959 5036 2117 5123 satisdatio

282 5143 480 5208 ίκανοδοσία
504 5142 654 5220 δοθῆναι
677 5141 809 5225 ὀφείλει.
1213 5144 1280 5206 dari
1301 5144 1400 5206 debet

132 5345 243 5414 μιισ.
627 5337 756 5391 essuos
776 5337 841 5390 ωε.
1553 5335 1671 5392 amns
1687 5336 1775 5391 xnv.

173 5489 195 5524 t·
208 5470 243 5523 α’.
348 5425 688 5548 λιτῆςὲξάδιαθίτον
696 5463 918 5547 κληρονομίας
931 5473 999 5526 τῶν
1011 5473 1185 5543 συγγενῶν.
1279 5466 1318 5526 de
1341 5464 1381 5526 ab
1403 5465 1547 5527 intestato
1570 5464 1738 5526 hereditate
1760 5471 1965 5543 oognatorum.
2152 5470 2170 5519 t.
2185 5471 2208 5520 1.

174 5596 196 5630 τ.
209 5574 242 5647 ῥ’.
339 5570 476 5654 Ἀγωγίη,
500 5568 541 5648 ἣν
564 5573 582 5635 ό
606 5572 706 5652 νόμος
729 5578 800 5643 τοῖς
823 5570 992 5650 συγγενέσι
1017 5567 1162 5632 δίδωσιν.
1279 5570 1379 5646 Aetio,
1402 5592 1495 5653 quam
1517 5571 1568 5633 lex
1590 5571 1727 5651 cognatis
1748 5570 1810 5632 dat
2152 5577 2170 5626 ι.
2183 5576 2208 5627 2.

174 5757 194 5792 ι.
207 5737 241 5810 γ.
347 5692 369 5795 π
391 5731 542 5816 βαθμῶν
565 5739 732 5811 συγγενῶν
757 5726 814 5792 καί
838 5730 1009 5809 ἀγχιστῶν
1035 5727 1185 5792 καὶτῶν
1278 5731 1316 5792 de
1338 5730 1483 5810 gradibus
1506 5738 1704 5808 cognatorum
1725 5738 1756 5792 et
1771 5728 1915 5791 adfinium
1938 5736 1969 5791 et
1989 5728 2116 5790 nomini·
2151 5736 2169 5787 t.
2183 5738 2208 5787 3.

280 5839 457 5920 ὀνομάτων
490 5837 602 5901 αὐτῶν
633 5833 690 5900 καί
723 5832 776 5899 ὅτι
811 5834 891 5909 ἴσως
921 5835 1184 5920 κληρονομοῦσιν
1210 5837 1268 5898 bus
1290 5858 1393 5900 eorum
1416 5846 1448 5899 et
1469 5837 1552 5918 quod
1574 5857 1613 5899 ex
1628 5857 1725 5918 aequo
1748 5835 1872 5898 heredes
1894 5836 1971 5897 fiunt
1985 5835 2039 5916 qui
2061 5855 2116 5916 per

279 5948 313 6009 οἱ
334 5946 368 6029 ἐξ
391 5945 631 6028 ἀρρενογονίας
652 5942 710 6007 καί
735 5942 941 6024 θηλυγονίας
965 5951 1138 6025 συγγενεῖς.
1210 5944 1409 6007 masculinam
1418 5943 1530 6005 lineam
1540 5953 1571 6005 et
1580 5944 1633 6026 qui
1647 5964 1703 6025 per
1716 5942 1892 6005 femininam
1904 5943 2025 6024 cognati
2034 5951 2114 6004 sunt.

338 6059 406 6101 suu
426 6060 452 6101 r.
463 6058 515 6100 vn.
1876 6051 1893 6104 η
