4978 7018
972 1426 1396 1504 PRAEFATIO.

429 1799 456 1858 1.
494 1796 533 1858 In
560 1799 799 1877 Paralipomenon
825 1801 865 1860 ed
890 1800 1021 1862 Recitata
1052 1800 1099 1862 vir
1130 1800 1321 1863 doctissimus
1353 1799 1386 1863 (l.
1414 1800 1451 1862 Ε.
1480 1799 1681 1862 Zachariaeus
1709 1821 1728 1862 a
1758 1802 1944 1883 Lingenthal
1975 1803 2102 1867 lectores

266 1912 426 1964 monuerat
448 1924 505 1978 „ne
527 1924 616 1985 quem
631 1924 713 1967 rana
736 1924 804 1986 spes
827 1904 941 1967 inedita
963 1905 1164 1969 Basilicerum
1186 1907 1357 1987 fragmenta
1378 1908 1410 1968 in
1424 1906 1629 1969 Ambrosiam
1650 1908 1819 1988 reperiendi
1841 1909 1978 1972 falleret“
2000 1913 2040 1992 (p.
2057 1908 2101 1995 8).

266 2009 360 2087 Quod
386 2009 440 2072 vir
467 2029 588 2091 sperare
615 2009 662 2072 fas
690 2020 767 2085 erat,
800 2011 832 2072 id
858 2021 927 2092 post
954 2012 1070 2074 ebitum
1098 2013 1204 2094 optimi
1232 2014 1287 2077 viri
1313 2014 1429 2076 factum
1456 2022 1513 2088 eat,
1546 2022 1581 2076 ut
1606 2014 1778 2093 fragmenta
1799 2015 1933 2096 plurima
1955 2016 2102 2079 librorum

265 2116 449 2178 ineditorum
475 2117 508 2178 in
534 2116 637 2180 codice
664 2117 874 2198 palimpsesto,
902 2115 942 2196 F,
965 2120 1026 2180 106
1056 2139 1122 2201 sup.
1144 2120 1278 2182 eiusdem
1304 2120 1505 2183 bibliothecae
1534 2121 1750 2201 detegerentur.
1795 2122 1845 2184 De
1872 2122 1961 2185 huius
1989 2123 2100 2186 oedicis

265 2223 441 2285 inventione
464 2222 537 2285 alibi
560 2244 627 2285 sum
650 2220 800 2299 leentus¹;
828 2224 893 2286 eius
916 2225 1148 2306 descriptionem
1170 2227 1311 2308 praebuit
1334 2226 1451 2307 collega
1473 2248 1558 2290 meus
1579 2227 1610 2291 J.
1626 2225 1780 2292 Mereau²
1825 2229 1966 2292 Secunda
1988 2229 2100 2291 codicis

265 2328 417 2410 scriptura
443 2330 556 2392 Leonis
583 2330 773 2412 imperatoris
805 2331 954 2394 orationes
982 2332 1126 2406 eontinet;
1158 2333 1308 2396 scribendi
1335 2334 1465 2395 materia
1492 2353 1531 2395 ex
1558 2334 1690 2415 quinque
1716 2335 1918 2398 anterioribus
1945 2336 2098 2398 codicibus
2186 2355 2189 2361 ’

265 2444 377 2516 parata
403 2444 456 2510 eat,
489 2435 567 2498 inter
594 2457 670 2518 quos
698 2457 768 2499 cum
796 2438 895 2518 eperia
921 2440 1109 2520 praestantia
1136 2448 1201 2502 tum
1228 2439 1369 2502 foliorum
1392 2460 1517 2502 numere
1545 2440 1635 2521 lenge
1657 2443 1771 2505 eminet
1792 2442 1989 2504 Basilicerum
2013 2442 2099 2505 liber.

264 2541 314 2603 De
346 2543 394 2604 his
426 2542 565 2605 omnibus
592 2544 695 2606 conler
725 2564 804 2625 quae
835 2544 1003 2625 disputavit
1028 2546 1156 2609 Mercati
1183 2546 1245 2608 ll
1298 2547 1444 2610 Secunda
1467 2547 1618 2629 scriptura
1645 2547 1685 2609 ad
1713 2568 1790 2610 saca
1813 2547 1938 2609 XIIIum
1966 2548 2026 2628 (vel
2059 2549 2099 2611 ad

264 2649 385 2711 initium
409 2649 523 2712 saeculi
544 2650 627 2713 XIV
632 2646 650 2730 ¹)
674 2658 720 2712 est
741 2650 911 2724 referenda;
934 2651 1134 2714 Basilicerum
1157 2654 1308 2734 scriptura
1330 2653 1370 2715 ad
1392 2674 1470 2716 saec.
1493 2654 1566 2715 Xum
1589 2655 1710 2717 omnine
1734 2664 1871 2736 spectare
1892 2654 2021 2717 videtur.

427 2759 455 2818 2.
493 2755 595 2818 Huius
618 2757 794 2838 antiquioris
816 2756 1016 2821 Basilicerum
1040 2759 1151 2821 codicis
1174 2769 1236 2822 tres
1258 2759 1319 2822 fere
1342 2770 1469 2841 quartae
1496 2769 1599 2840 partes
1622 2761 1663 2822 ad
1685 2782 1740 2824 nos
1762 2771 1974 2843 pervenerunt
2020 2761 2098 2824 (len-

263 2862 399 2925 tinentur
421 2863 512 2925 etiam
535 2863 686 2944 quaedam
708 2863 783 2925 fella
805 2863 845 2925 ad
867 2864 977 2927 Leonis
1000 2865 1148 2929 Novellas
1175 2867 1359 2947 spectantia,
1387 2885 1480 2947 quae,
1508 2875 1544 2929 ut
1564 2868 1698 2941 videtur,
1722 2869 1754 2928 in
1777 2868 1899 2930 medum
1923 2869 2097 2949 appendicis

263 2969 467 3033 Basilicorum
483 2968 631 3032 volumini
652 2969 772 3032 fuerant
788 2970 923 3049 adiectae
944 2971 1109 3054 eademque
1130 2993 1224 3034 manu
1246 2973 1438 3054 perscriptae.
1483 2971 1554 3035 Hoc
1577 2974 1666 3036 unice
1682 2974 1837 3037 relumIne
1859 2994 1936 3055 epus
1959 2975 2097 3038 absolve·

263 3075 367 3150 batur;
400 3096 472 3138 nam
499 3096 560 3137 nen
587 3076 697 3156 integri
724 3076 925 3140 Basilicemm
951 3078 1035 3154 libri,
1064 3079 1117 3140 sed
1144 3088 1287 3160 excerpta
1314 3087 1434 3141 tantum
1457 3099 1496 3140 ex
1518 3079 1644 3160 singulis
1666 3080 1751 3143 libris
1773 3081 1805 3142 in
1828 3080 1950 3143 medum
1973 3082 2097 3163 eclogae

263 3182 504 3257 continebantur,
527 3182 572 3244 ita
594 3190 630 3244 ut
651 3203 690 3245 ex
712 3192 856 3264 quattuor
877 3182 1006 3261 τεύχοις
1028 3186 1092 3248 sive
1113 3184 1326 3259 voluminibus,
1354 3185 1435 3247 unde
1458 3185 1659 3248 Basilicerum
1682 3187 1868 3269 exemplaria
1890 3196 1962 3249 ante
1984 3188 2099 3250 scholia

263 3288 384 3350 adiecta
407 3289 594 3363 constabant,
616 3310 711 3351 unum
735 3299 850 3367 τεῦχος
873 3291 1013 3354 effectum
1036 3292 1082 3354 sit.
1120 3292 1197 3354 Inde
1215 3291 1306 3354 etiam
1329 3300 1416 3373 patet
1438 3301 1555 3373 quanta
1570 3295 1667 3374 operis
1689 3314 1761 3375 pars
1784 3303 1907 3357 servata
1922 3296 1970 3356 sit
2008 3293 2098 3357 Haec

263 3405 365 3457 autem
388 3394 589 3458 Basilicerum
616 3396 721 3476 ecloga
748 3397 858 3460 cedicis
881 3399 976 3461 nestri
1003 3398 1141 3478 scriptori
1168 3399 1202 3459 in
1229 3399 1399 3480 antiquiore
1422 3399 1587 3480 archetype
1609 3400 1670 3460 iam
1697 3400 1870 3480 prestabat,
1897 3410 1933 3462 nt
1954 3400 2005 3463 vel
2026 3401 2098 3463 inde

262 3501 406 3582 colligere
427 3502 507 3577 lieet,
529 3503 610 3584 qued
633 3502 759 3582 singulis
782 3501 910 3580 τεύχοις
932 3504 1047 3568 indices
1070 3514 1142 3567 sunt
1163 3506 1334 3587 praepositi,
1357 3507 1388 3566 iu
1412 3487 1520 3587 quibus
1543 3506 1566 3566 ii
1588 3507 1768 3568 omittuntur
1790 3506 1880 3581 tituli,
1903 3508 1955 3588 qui
1976 3507 2097 3588 inipso

261 3628 388 3689 corpere
415 3609 632 3671 desiderantur.
677 3610 748 3672 Non
776 3620 877 3672 autem
905 3610 1028 3672 omnino
1056 3610 1148 3672 index
1175 3633 1245 3674 cum
1272 3612 1338 3694 ipse
1366 3632 1489 3693 corpore
1517 3613 1657 3691 congruit
1683 3613 1715 3674 in
1742 3613 1929 3676 rubricarum
1956 3614 2096 3688 lectione;

262 3716 355 3777 imme
378 3735 434 3777 nec
452 3735 520 3778 rare
542 3737 599 3778 nee
621 3715 739 3779 medice
761 3716 868 3791 differt,
891 3726 926 3778 ut
948 3737 986 3779 ex
1008 3727 1114 3780 nestra
1135 3718 1264 3781 editione
1286 3718 1416 3799 liquebit
1438 3716 1504 3805 (cfr.
1520 3719 1612 3781 etiam
1635 3721 1672 3780 In
1693 3722 1858 3799 fragmento
1879 3721 1988 3783 induis
2002 3722 2097 3782 obaer-

262 3824 393 3888 eotionea
414 3822 494 3884 inter
507 3822 721 3904 Appendices).
768 3823 873 3901 Quare
887 3823 922 3886 fit
936 3832 971 3886 ut
993 3824 1101 3887 indicis
1123 3826 1217 3906 ipsius
1232 3824 1407 3905 compositio
1430 3824 1459 3886 ei
1481 3825 1574 3887 tribui
1588 3835 1719 3906 nequeat
1733 3826 1785 3906 qui
1800 3825 1937 3907 eclogam
1959 3837 2096 3889 nestram

262 3925 408 4010 scripsit⁸
444 3929 585 3992 Ceterum
607 3950 669 3991 nen
692 3937 738 3991 est
752 3927 923 3992 mnandum
946 3939 1051 3993 tantae
1073 3930 1161 3994 melis
1184 3952 1261 4013 epus
1283 3932 1315 3993 in
1337 3931 1460 3993 brevius
1482 3952 1502 3993 a
1523 3932 1674 4013 plerisque
1696 3932 1790 3994 fuisse
1806 3942 2003 4007 contractum,
2025 3953 2095 3995 cum

260 4045 412 4117 emptores
435 4035 605 4116 sumptibus
627 4056 751 4117 parcere
767 4037 929 4099 studerent
968 4036 1041 4099 Huc
1063 4058 1182 4119 quoque
1204 4039 1337 4120 pertinet
1358 4038 1464 4117 ecloga
1485 4038 1537 4101 lib.
1553 4039 1649 4100 I-X
1670 4038 1871 4101 Basilicerum
1894 4038 2095 4114 laurentiana,

262 4160 343 4222 quae
358 4150 459 4205 tamen
477 4142 573 4205 multe
597 4143 692 4205 serius
707 4142 843 4206 confecta
865 4164 930 4206 esse
943 4144 1070 4206 videtur.
1115 4144 1219 4206 Etiam
1242 4145 1275 4206 in
1296 4145 1454 4226 parisiensi
1469 4145 1570 4208 codice
1591 4166 1634 4226 gr.
1653 4145 1736 4207 1352
1761 4145 1819 4208 leci
1833 4145 2001 4228 complures
2024 4155 2116 4208 sunt·

262 4245 491 4329 praetermissi.⁴
534 4248 596 4312 Sed
617 4250 743 4331 propius
766 4249 806 4311 ad
827 4260 964 4312 nestrum
987 4250 1105 4314 accedit
1126 4251 1307 4332 archetypus
1330 4250 1392 4330 ille,
1422 4251 1503 4313 unde
1526 4250 1658 4313 Venturi
1680 4254 1777 4314 versio
1800 4252 1871 4313 libri
1892 4251 2095 4314 Basilicernm

261 4350 358 4416 LIII¹
380 4354 477 4429 fluxit,
500 4375 593 4435 qnam
616 4357 699 4437 prior
722 4348 816 4417 edidit
838 4356 1038 4419 Zachariaeus
1062 4378 1081 4419 a
1103 4357 1289 4439 Lingenthal
1311 4359 1342 4418 in
1364 4360 1449 4419 Actis
1470 4359 1566 4437 regiae
1588 4360 1755 4421 medem
1775 4360 1968 4421 scientiarum
1995 4360 2095 4421 baele

260 4463 365 4523 cenem
391 4461 502 4544 (1881)
529 4470 560 4523 et
585 4483 640 4524 nes
667 4463 697 4523 in
725 4462 815 4524 huius
844 4472 964 4525 nosuae
992 4464 1132 4526 editionis
1160 4463 1327 4545 appendice
1353 4463 1532 4526 rettulimus.
1577 4464 1659 4527 Nam
1687 4466 1744 4527 etsi
1771 4464 1955 4527 ambrosiani
1983 4464 2095 4527 codicis

261 4568 397 4629 recensio
420 4588 488 4629 eum
512 4568 693 4630 venturiana
714 4568 769 4631 illa
791 4589 852 4630 nen
875 4570 1047 4633 omnimode
1061 4572 1222 4633 conveniat
1244 4568 1348 4657 (plura
1362 4572 1442 4633 enim
1465 4570 1636 4650 fragmenta
1656 4570 1750 4633 habet
1764 4571 1973 4633 ambrosianus
1988 4570 2093 4644 codex,

261 4694 341 4754 quae
365 4674 446 4754 apud
462 4674 592 4736 Venturi
607 4675 818 4738 desiderantur
840 4686 871 4738 et
886 4675 1013 4762 eontra),
1035 4686 1135 4740 tamen
1160 4698 1198 4739 ea
1219 4687 1266 4740 est
1280 4678 1378 4759 operis
1394 4677 1549 4759 dispositio
1565 4686 1599 4740 nt
1620 4677 1712 4759 plane
1727 4677 1932 4759 comparanda
1946 4677 2093 4740 videatur.

261 4780 395 4843 Venturi
409 4782 576 4843 versionem
599 4802 638 4843 ex
660 4792 761 4845 textus
784 4782 955 4845 recensione
977 4784 1009 4845 in
1031 4783 1152 4847 brevius
1175 4793 1332 4847 eontracta
1354 4804 1503 4859 manasse,
1526 4785 1587 4846 iam
1609 4785 1687 4847 vidit
1701 4783 1903 4846 Zachariaeus
1918 4783 1937 4844 l.
1953 4782 1972 4844 l
1988 4804 2018 4864 p.
2038 4783 2092 4856 17;

260 4888 315 4967 qui
338 4897 440 4949 tamen
462 4908 524 4949 nen
547 4898 628 4951 recte
652 4890 778 4951 coniecit
800 4888 911 4950 librum
931 4889 1053 4951 LIII¹²¹²¹
1076 4911 1112 4952 ee
1133 4890 1253 4953 facilius
1276 4892 1443 4973 posteriore
1458 4911 1535 4954 aere
1550 4890 1653 4952 multis
1676 4889 1987 4972 praetermissionibus
2010 4888 2094 4951 labe-

261 5014 358 5068 rasse,
385 4994 466 5075 qued
488 4995 535 5056 ius
557 4995 740 5057 maritimum
763 4995 941 5070 contineret,
969 4996 1000 5057 in
1022 5018 1082 5078 que
1104 5018 1159 5059 nee
1180 5017 1281 5078 pauca
1303 5018 1358 5060 nec
1380 4998 1505 5059 minima
1527 4997 1647 5059 fuerant
1669 5005 1796 5059 mutata
1842 4996 1990 5058 Videmus
2013 4995 2093 5057 enim

261 5122 301 5164 ex
323 5100 515 5163 ambrosiano
537 5102 640 5164 codice
661 5110 758 5163 tetum
772 5101 974 5164 Basilicarum
995 5124 1071 5184 epus
1093 5104 1138 5166 ita
1159 5103 1251 5166 fuisse
1274 5105 1304 5165 in
1327 5103 1463 5184 eclogam
1485 5103 1654 5176 redactum3
1677 5104 1769 5163 imme
1792 5102 1868 5165 liber
1882 5102 1962 5164 LIII
1985 5102 2101 5163 melius·

260 5217 293 5269 et
314 5207 432 5288 plenius
455 5229 547 5290 quam
575 5208 627 5270 alii
654 5208 823 5288 complures
846 5219 983 5272 servatus
1006 5219 1059 5272 est
1106 5210 1169 5288 Qui
1190 5211 1393 5273 recensionem
1421 5219 1556 5272 nostram
1584 5208 1702 5272 curavit
1729 5208 1890 5271 utilitatem
1912 5208 2093 5290 plerumque

262 5323 293 5376 et
315 5335 414 5376 rerum
437 5335 526 5377 usum
549 5315 755 5389 cottidIanum,
778 5323 813 5378 ut
834 5336 891 5397 par
912 5325 986 5391 erat,
1010 5317 1171 5397 spectavit;
1195 5337 1288 5398 quare
1306 5318 1353 5379 ius
1375 5317 1529 5398 privatum
1551 5316 1728 5397 praesertim
1752 5324 1784 5378 et
1797 5316 1956 5378 criminum
1978 5335 2092 5396 peenas

260 5430 308 5482 est
329 5431 516 5502 persecutus;
539 5442 587 5484 res
609 5442 687 5503 quae
709 5422 809 5484 minus
831 5422 863 5483 in
885 5423 1003 5485 iudiciis
1025 5423 1288 5505 frequentarentur
1309 5433 1340 5485 et
1362 5425 1463 5485 emnia
1485 5422 1548 5485 fere
1571 5443 1652 5505 quae
1674 5423 1714 5484 ad
1738 5422 1970 5503 magistratuum
1992 5421 2093 5484 efficia

260 5528 458 5609 pertinerent,
486 5528 640 5607 neglegere
661 5548 751 5610 posse
774 5527 832 5590 sibi
853 5530 936 5591 visus
960 5538 1013 5592 est
1065 5529 1143 5592 Cum
1166 5540 1270 5592 antem
1292 5530 1324 5591 in
1347 5529 1458 5592 Codice
1481 5530 1673 5592 ambrosiano
1701 5529 1739 5591 de
1761 5527 1960 5591 locationibus
1983 5527 2091 5590 titulus

262 5636 385 5697 omnino
409 5634 500 5712 desit,
529 5655 608 5716 quae
630 5655 712 5709 sane,
734 5645 770 5696 ut
791 5655 882 5697 neme
904 5657 964 5698 nen
987 5637 1083 5711 videt,
1110 5636 1189 5698 inter
1210 5637 1333 5717 negotia
1355 5637 1487 5698 maxime
1511 5637 1684 5699 eommunia
1706 5644 1738 5697 et
1759 5637 1930 5698 necessaria
1952 5644 2036 5709 sunt,
2060 5635 2092 5695 id

423 5828 618 5883 ¹liends‘eeatr‘
633 5829 676 5884 del
692 5847 716 5883 r.
734 5826 844 5885 aaran
867 5829 1006 5884 lombarde
1025 5834 1093 5884 1896
1111 5830 1164 5897 (110.
1181 5828 1265 5897 Ian).
1302 5827 1462 5884 Zeitacbrift
1484 5828 1534 5883 der
1556 5827 1620 5885 Sar.
1644 5827 1781 5900 Stiftnng:
1805 5828 1882 5884 Rom.
1906 5824 1993 5883 Abtb'.
2014 5832 2092 5897 1896,

260 5935 288 5989 p.
302 5921 354 5972 829
367 5934 426 5989 sqq.
552 5915 749 5973 'Rmdrbenti
770 5918 813 5973 del
833 5935 856 5973 r.
876 5918 984 5974 &tituto
1004 5918 1143 5974 bmbcrdo
1163 5923 1230 5973 laet
1249 5920 1283 5986 (a.
1296 5916 1374 5986 dun.)
1498 5916 1570 5974 'Oi
1590 5917 1707 5973 Mereati
1725 5918 1743 5973 1.
1762 5917 1780 5972 l.
1905 5915 2094 5972 ‘lleimbaeb

262 6006 351 6061 Boss't
370 6006 412 6063 VI
429 6024 456 6078 p.
471 6011 531 6075 tea,
549 6007 700 6063 Zachariae
719 6025 745 6063 v.
765 6007 942 6080 Lingentbal,
961 6007 1091 6077 Beitrdee
1107 6024 1163 6062 aar
1180 6006 1276 6062 Kritilr
1294 6025 1321 6062 a.
1340 6007 1415 6063 Rest
1435 6008 1483 6063 cler
1501 6007 1578 6077 Bes,
1596 6025 1624 6079 p.
1638 6012 1679 6062 11.
