4680 7114
411 454 473 519 174
1034 445 1375 517 BASILIGORUM
1396 450 1552 519 LIBER
1573 451 1599 519 L

332 642 372 705 ιζ’.
478 631 518 699 Οἱ
539 628 774 714 μαθηματικοί
792 628 837 694 τύ
852 630 974 704 οἰκείας
987 628 1125 715 βίβλους
1140 630 1188 693 ἐπ’
1207 632 1307 717 ὄφεσι
1402 633 1613 699 Mathematici
1643 633 1737 697 libros
1769 653 1839 697 suos
1871 635 1903 695 in
1934 642 2096 715 conspectu
2120 638 2212 716 episco

409 750 476 804 τών
491 740 678 804 ἐπισκόπων
691 741 888 818 καιέτωσαν,
912 734 999 801 ούτω
1015 758 1050 801 τε
1069 740 1110 823 τῇ
1126 737 1308 822 όρθοδόξιρ
1336 761 1443 822 porum
1470 740 1651 803 comburant
1677 750 1707 804 et
1734 741 1777 803 sic
1802 740 1988 804 orthodoxae
2013 741 2144 820 religioni
2165 753 2212 807 ua

409 848 579 931 θρησκείᾳ
604 845 933 931 παραδιδόσθωσαν,
960 844 1120 927 μηδεμίαν
1145 844 1309 908 ἐπανόδου
1336 848 1448 909 dantur
1470 847 1585 909 nullam
1608 867 1692 929 spem
1718 847 1834 910 reditus
1861 847 1902 909 ad
1928 867 2059 911 morem
2080 868 2162 913 suum
2179 871 2213 912 re

409 952 492 1040 πρὸς
524 952 585 1031 τήν
614 955 738 1018 οἰκείαν
770 953 897 1029 πλάνην
928 950 1043 1016 ἐλπίδα
1070 952 1308 1038 φυλάττοντες·
1336 963 1503 1019 servantes:
1527 954 1657 1035 quodsi
1680 954 1795 1021 adhoc
1809 976 1872 1017 non
1887 956 1949 1019 sint
1962 955 2070 1035 parati,
2091 956 2215 1021 etcha

408 1060 451 1144 μή
474 1062 665 1144 ἀνεχόμενοι
693 1060 727 1124 δέ
749 1058 806 1124 καί
829 1070 887 1136 τῆς
910 1059 1021 1143 ῥώμης
1043 1060 1145 1136 αὐτῆς
1170 1056 1309 1135 καὶτῆς
1336 1063 1405 1143 ipsa
1434 1070 1466 1126 et
1496 1060 1631 1143 qualibet
1661 1063 1785 1126 civitate
1811 1061 2012 1142 depellantur.
2060 1061 2175 1125 Ehenim
2195 1067 2215 1125 si

409 1174 442 1233 ἐν
465 1169 587 1254 έκάστη
604 1167 695 1232 πόλει
710 1166 877 1248 διαγωγῆς
892 1166 1176 1252 ἐκβληθήσονται·
1200 1169 1227 1229 εἰ
1242 1162 1307 1250 γάρ
1336 1179 1441 1250 postea
1470 1168 1520 1232 vel
1547 1169 1578 1231 in
1605 1169 1728 1233 deitate
1754 1169 2020 1250 deprehendantur
2046 1169 2095 1232 val
2121 1189 2215 1233 emotas

408 1273 492 1359 μετά
519 1283 628 1339 ταῦτα
655 1272 675 1351 ἰ)
703 1278 737 1337 ἐν
764 1273 853 1337 πόλει
881 1283 1036 1359 φανῶσιν
1058 1272 1078 1350 ή
1101 1281 1176 1347 ταῖς
1198 1274 1309 1337 αὐτῶν
1336 1296 1406 1338 ευοε
1428 1275 1632 1357 profiteantur,
1655 1277 1858 1358 deportantem

405 1384 570 1467 χρώμενοι
594 1380 835 1459 διδασκαλιάις,
858 1378 1157 1466 ἐξοριζέσθωσαν.1
1776 1382 1874 1466 (nnn.
1889 1382 1980 1445 index
1995 1382 2072 1445 eod
2085 1382 2111 1457 Ι,
2125 1386 2152 1457 4,
2167 1384 2216 1465 10.)

329 1498 372 1551 ι’.
476 1490 593 1553 Πᾶσαι
632 1490 668 1551 αιι
705 1489 967 1572 ἀπηγορευμέναι
1005 1496 1076 1561 τοῖς
1109 1489 1221 1569 νόμοις
1251 1484 1309 1550 καὶ
1403 1490 1518 1553 Omnes
1540 1491 1653 1555 vetime
1674 1490 1792 1571 legibus
1806 1498 1837 1553 et
1851 1490 2115 1555 constitutionibus
2131 1489 2217 1553 haere

409 1605 483 1670 ταῖς
510 1595 701 1678 διατάξεσιν
729 1597 870 1678 αἱρέσεις
897 1594 1051 1671 διηνεκῶς
1077 1595 1308 1679 ήρεμείτωσαν,
1337 1616 1384 1658 ses
1398 1606 1545 1679 perpetuo
1560 1599 1726 1679 quiescant,
1741 1618 1796 1660 nee
1811 1596 1972 1678 quisquam
1986 1596 2116 1678 profana
2128 1596 2217 1661 doceat

408 1702 465 1767 καί
487 1701 598 1785 μηδεὶς
625 1699 669 1765 τά
695 1699 822 1786 βέβηλοι
844 1700 1028 1767 διδασκέτω
1052 1699 1072 1777 ή
1094 1701 1308 1782 μανθανέτω,
1336 1704 1384 1766 vel
1409 1705 1515 1778 discat,
1538 1726 1576 1768 ne
1595 1706 1752 1786 episcopus
1768 1705 1891 1785 quidem
1910 1704 2136 1766 haeretieorum
2168 1702 2217 1765 Sed

407 1809 487 1893 μηδέ
510 1811 689 1882 ἐπίσκοπος
712 1810 898 1891 αἰρετικῶν·
927 1805 1013 1871 ἀλλά
1039 1807 1119 1888 μηδὲ
1147 1808 1309 1892 ὑπηρέτας
1336 1831 1391 1873 nec
1413 1811 1566 1874 ministros
1581 1820 1662 1873 creet
1679 1822 1784 1892 utpote
1799 1812 1864 1892 ipse
1879 1831 1941 1873 non
1957 1810 2122 1885 ordinatus,
2142 1831 2216 1872 necr

405 1917 636 2001 χειροτονείτω
661 1917 874 1999 χειροτονίαν
902 1915 962 1979 ούκ
989 1918 1086 1994 έχων,
1114 1914 1194 1996 μηδὲ
1220 1912 1310 1979 acroi
1336 1918 1494 1981 voluntate
1508 1919 1629 2000 quidem
1651 1919 1832 2000 praesidum
1869 1917 2051 1983 Haereticus
2067 1928 2163 1983 autem
2182 1928 2218 1978 est

409 2024 585 2108 ἀρχόντων
600 2024 745 2104 γνώμην·
769 2018 935 2106 αἰρετικὸς
950 2021 984 2085 δέ
1000 2031 1064 2095 πᾶς
1080 2019 1116 2095 ύς
1130 2020 1188 2086 καί
1203 2024 1309 2105 μικρῷ
1337 2025 1463 2105 quilibet
1484 2027 1536 2107 qui
1558 2024 1607 2090 vel
1630 2026 1691 2090 levi
1714 2034 1892 2107 argumento
1910 2044 1930 2086 a
1947 2024 2059 2086 iudicio
2074 2022 2218 2086 catholiam

408 2131 622 2213 ὑποδείγματι
652 2125 745 2213 παρὰ
773 2126 812 2192 τὸ
841 2139 899 2205 τῆς
925 2128 1114 2205 καθολικής
1137 2129 1310 2205 ἐκκλησίας
1336 2131 1481 2195 eeclesiae
1503 2131 1554 2195 val
1576 2133 1697 2197 mamito
1720 2142 1802 2197 recto
1828 2133 1963 2195 detectus
1990 2131 2083 2195 fuerit
2108 2130 2218 2193 deviare

408 2237 518 2319 δόγμα
541 2237 560 2313 ή
583 2247 641 2313 τής
664 2236 799 2309 εύθειάς
821 2236 928 2321 ἐφάνη
952 2233 1115 2320 τραπείς.2
1797 2238 1896 2320 (Τίιεέ.
1911 2238 2004 2300 index
2019 2237 2094 2299 Ood.
2108 2236 2133 2311 Ι,
2148 2241 2174 2315 5,
2188 2239 2219 2313 2.)

320 2374 330 2406 ι
365 2393 371 2407 .
475 2341 612 2417 Παντὸς
650 2346 897 2406 ἐκπιπτέτωσαν
934 2344 967 2406 οἱ
1003 2341 1164 2425 αίρετικοί
1196 2345 1309 2422 τόπου,
1404 2346 1518 2409 Omnia
1539 2345 1608 2409 loca
1622 2346 1778 2411 haereticis
1797 2345 1979 2418 adimantur,
2002 2345 2068 2408 sive
2081 2343 2219 2406 eeclesiam

409 2454 471 2515 εἴτε
503 2450 678 2527 ἐκκλησίαν
709 2446 814 2514 αὐτὸν
845 2450 1005 2513 καλοῦσιν
1037 2454 1099 2513 εἴτε
1135 2450 1246 2534 έτερόν
1277 2472 1309 2512 τι
1337 2462 1514 2533 nuncupent
1535 2454 1599 2516 sive
1614 2453 1674 2515 alio
1689 2454 1819 2526 nomine,
1842 2452 1906 2514 sive
1927 2451 2068 2532 privatus
2086 2450 2164 2513 locus
2182 2450 2219 2521 sit,

408 2561 471 2623 είτε
499 2557 664 2630 ἰδιωτικός
687 2561 770 2637 ἐστι,
797 2555 855 2620 καί
883 2556 1048 2623 ἐκδικείτω
1076 2565 1197 2620 τοῦτον
1219 2558 1239 2632 ή
1263 2561 1310 2619 ἐκ·
1338 2579 1467 2640 eumque
1481 2559 1607 2622 ecelesia
1621 2559 1761 2622 vindicet
1799 2558 1860 2621 Sed
1875 2578 1931 2621 nec
1945 2557 2070 2621 litamas
2085 2566 2168 2621 noete
2182 2556 2220 2617 rel

407 2665 540 2741 κλησία·
569 2659 655 2727 ἀλλά
680 2664 761 2747 μηδὲ
792 2661 886 2737 λιτάς
917 2668 951 2726 ἐν
978 2661 1070 2727 νυκτί
1099 2663 1118 2740 ή
1146 2667 1179 2726 ἐν
1205 2665 1311 2746 ήμέρα
1338 2666 1386 2728 die
1410 2676 1464 2728 aut
1486 2665 1561 2728 elios
1584 2665 1735 2728 celebrent
1761 2676 1940 2729 eonventus:
1969 2664 2070 2726 officm
2097 2663 2220 2744 praefecti

408 2769 428 2847 ή
455 2772 567 2855 ἐτέρας
594 2770 843 2834 ἐπιτελείτωσαν
870 2770 1042 2844 συνόδους·
1072 2780 1130 2846 τῆς
1160 2770 1219 2851 μέν
1250 2778 1311 2833 τοῦ
1337 2773 1406 2834 urbi
1427 2773 1453 2835 O
1476 2772 1543 2834 anri
1564 2772 1658 2847 libris,
1681 2772 1780 2835 officio
1799 2780 1900 2835 autem
1921 2771 2098 2853 praesidum
2119 2771 2221 2853 provin

408 2877 557 2961 ἐπάρχου
584 2887 642 2953 τῆς
665 2876 788 2951 πόλεως
811 2877 935 2960 τάξεως
959 2876 991 2959 ρ’
1017 2878 1162 2960 χρυσίον
1184 2877 1309 2959 λίτρας,
1338 2880 1402 2942 ciae
1423 2879 1452 2941 L
1475 2880 1541 2945 auri
1562 2879 1647 2941 libris
1670 2878 1849 2953 multandis,
1873 2879 1898 2941 si
1920 2888 2025 2940 onoma
2047 2888 2163 2945 statuta
2180 2875 2221 2938 ali

409 2995 467 3061 τῆς
490 2983 525 3047 δέ
548 2994 614 3047 τών
637 2987 671 3047 ἐν
693 2993 768 3057 ταῖς
790 2985 966 3066 ἐπαρχίαις
988 2984 1164 3067 ἀρχόντων
1186 2983 1218 3047 ν’
1231 3004 1310 3065 χρυ-
1338 2985 1411 3067 quid
1435 2987 1643 3049 concesserint
1799 2986 1898 3067 (Thal.
1912 2986 2005 3048 index
2020 2984 2098 3048 eod.
2112 2984 2137 3058 I,
2152 2984 2221 3059 5,3.)

409 3093 484 3154 σίου
505 3091 622 3175 λίτρας
643 3088 930 3175 καταβαλλούσης,
954 3094 980 3154 εἰ
1004 3086 1098 3174 παρά
1120 3088 1165 3154 τὰ
1184 3091 1310 3154 κελευσ-

409 3197 519 3261 θέντα
541 3220 573 3261 τι
597 3194 873 3282 συγχωρήσαιεν.3

339 3315 371 3367 ι’.
480 3299 565 3378 Τοὺς
586 3305 783 3387 μανιχαίους
806 3303 825 3381 l>
849 3301 1050 3378 δονατιστάς
1077 3304 1176 3385 μηδὲν
1197 3301 1311 3367 κοινὸν
1404 3303 1592 3367 Manichaeie
1630 3313 1661 3367 et
1697 3305 1868 3371 Donatistis
1899 3304 1975 3369 nihil
2010 3324 2168 3373 snmmnne
2193 3324 2223 3366 ax

409 3408 475 3475 ἀπὸ
503 3412 606 3492 νόμου
633 3411 652 3488 ή
680 3411 783 3484 έθους
810 3421 881 3485 τοῖς
908 3411 1034 3486 λοιποῖς
1061 3415 1145 3488 ἐχειν
1172 3411 1310 3493 ἀνθρώ·
1337 3410 1455 3491 legibus
1477 3411 1528 3474 vel
1550 3432 1588 3473 ex
1610 3411 1744 3474 moribus
1767 3433 1836 3475 cum
1855 3411 1959 3474 ceteris
1981 3411 2155 3475 hominibus
2169 3429 2222 3473 esse

409 3539 483 3592 ποις
514 3520 737 3602 ἐπιτρέπομεν,
771 3516 857 3583 ἀλλά
886 3516 944 3583 καί
976 3517 1123 3600 δημοσίῳ
1157 3521 1310 3594 κατεχέσ·
1337 3518 1484 3593 iubemus,
1507 3518 1561 3580 sed
1582 3527 1613 3580 et
1634 3519 1757 3599 publico
1776 3519 1895 3582 crimini
1909 3518 2034 3581 obnoxii
2048 3520 2112 3581 sint
2125 3539 2222 3583 eorum·

340 3649 341 3653 ¹
411 3625 534 3688 θωσαν
556 3625 733 3706 ἐγκλήματι
755 3623 813 3689 καὶ
837 3624 1108 3707 δημευέσθωσαν,
1131 3622 1188 3687 καί
1211 3623 1311 3706 μηδὲν
1337 3646 1397 3706 que
1419 3625 1500 3687 bona
1521 3625 1720 3707 publicentur,
1743 3646 1798 3688 nee
1820 3627 1980 3707 quiequam
1998 3626 2169 3688 donationis
2184 3622 2223 3687 rel

409 3728 476 3796 ἀπὸ
500 3730 626 3816 δωρεᾶς
648 3731 668 3809 l)
691 3732 880 3806 τελευταιάς
901 3731 1089 3818 βουλήσεως
1111 3730 1130 3807 ή
1151 3731 1310 3816 λάμβανέ·
1337 3732 1462 3795 ultimae
1491 3732 1658 3795 voltmtatis
1684 3731 1775 3794 titulo
1805 3734 1870 3797 sive
1902 3733 2056 3814 accipiant
2087 3734 2150 3796 sive
2178 3731 2222 3811 ipsi

410 3860 523 3903 τωσαν
545 3838 565 3915 ή
588 3837 686 3903 αὐτοὶ
709 3838 897 3903 διδότωσαν
912 3838 931 3916 l>
948 3836 1031 3913 όλως
1047 3836 1079 3902 τί
1095 3838 1311 3920 συνάλλαγμα
1337 3839 1493 3903 conferant
1507 3838 1556 3901 vel
1578 3839 1700 3901 omnino
1722 3840 1951 3903 conventionem
1972 3841 2085 3905 meant
2124 3838 2180 3902 Bm
2198 3845 2223 3899 et

409 3945 651 4009 τιθέσθωσαν·
674 3946 843 4025 ζητείσθω
867 3944 901 4008 δέ
923 3943 980 4010 καί
1003 3943 1086 4026 μετά
1100 3943 1251 4022 τελευτήν
1266 3941 1310 4008 τά
1337 3954 1555 4026 postmortem
1578 3945 1674 4008 deiis
1698 3948 1835 4027 quaestio
1861 3946 2017 4009 habeatur.
2065 3946 2131 4009 Nec
2151 3943 2222 4007 liberi
2295 3986 2296 4019 ,

409 4051 486 4116 κατ’
513 4053 637 4115 αύτών·
660 4051 717 4116 καί
736 4052 816 4134 μηδέ
832 4054 865 4116 οί
880 4052 992 4126 παῖδες
1007 4048 1129 4126 αύτούς
1145 4050 1310 4128 διαδεχέσ-
1337 4052 1373 4113 iis
1405 4052 1576 4127 succedant,
1607 4051 1666 4114 nisi
1698 4072 1717 4114 a
1748 4063 1874 4133 paterno
1901 4073 2002 4117 errore
2034 4052 2223 4117 dboesserint:
2295 4062 2296 4067 ’

411 4161 534 4222 θωσαν
552 4169 610 4236 της
626 4159 784 4243 πατρῴοις
800 4158 842 4241 μή
858 4159 1083 4245 ἀφιστάμενοι
1099 4159 1236 4235 πλάνης·
1252 4169 1311 4235 τῆς
1337 4158 1443 4221 eadem
1479 4179 1579 4240 poena
1615 4160 1643 4221 ei
1674 4159 1848 4223 imminente
1880 4161 1933 4242 qui
1968 4159 2037 4222 illos
2069 4159 2223 4241 susceperit

410 4266 511 4342 αὐτῆς
535 4269 581 4347 τῷ
604 4265 831 4349 ἀποδεχομένῳ
854 4264 993 4340 τούτους
1016 4266 1175 4348 τιμωρίας
1197 4270 1306 4329 ἐπικει·
1337 4265 1424 4329 Servi
1447 4274 1548 4328 autem
1570 4286 1673 4331 eorum
1696 4276 1783 4333 extra
1805 4287 1916 4333 noxam
1939 4277 2018 4340 sunt,
2042 4267 2127 4331 sind
2140 4265 2223 4329 ordo
2295 4332 2296 4365 1

409 4376 513 4456 μένης.
551 4370 733 4436 ἀνεύθυνοι
757 4371 792 4435 δέ
815 4374 848 4436 οἱ
869 4371 998 4436 τούτων
1017 4376 1170 4437 ἔστωσαν
1185 4376 1309 4436 οἰκέται
1338 4372 1449 4435 doxam
1471 4372 1645 4453 religionem
1668 4374 1848 4436 ἐεεοείετὶολ

409 4483 450 4566 ty*
474 4480 569 4567 ὀρθῇ
592 4477 864 4562 προσδραμόντες
887 4477 1086 4563 θρησκεία.4
1798 4480 1897 4561 (Thal.
1913 4480 2005 4543 index
2019 4480 2095 4543 Ocd.
2110 4480 2136 4555 Ι,
2151 4484 2178 4559 5,
2192 4481 2224 4557 λ)

321 4597 372 4650 ια’.
480 4585 520 4650 Oi
551 4589 711 4669 εἰρημένοι
744 4590 777 4649 ἐν
804 4590 851 4669 τῷ
880 4586 970 4669 ῥητῷ
998 4587 1118 4662 πάντες
1149 4584 1310 4673 αἰρετικολ
1404 4587 1519 4650 Omnes
1550 4588 1582 4648 in
1612 4595 1699 4651 textu
1736 4590 1905 4653 enumerati
1940 4588 2085 4653 haeretiei
2122 4585 2224 4650 nullm

410 4692 533 4775 μηδένα
557 4694 662 4758 τόπον
688 4697 732 4767 εἰς
760 4692 946 4777 προσευχήν
968 4693 989 4771 ή
1014 4698 1058 4768 εἰς
1081 4691 1224 4757 σύνοδον
1245 4697 1310 4771 ἐχέ·
1337 4694 1437 4756 locum
1470 4694 1509 4756 ad
1540 4714 1644 4775 preces
1676 4694 1727 4758 vel
1762 4704 1929 4761 conventus
1960 4695 2110 4770 habeant,
2140 4693 2224 4756 uma

410 4822 533 4880 τωσαν,
556 4810 624 4867 τῶν
645 4802 831 4882 μανιχαίων
852 4800 1027 4884 ἐξαιρέτως
1049 4800 1106 4865 καί
1129 4801 1238 4878 πάσης
1262 4805 1310 4865 ἐκ·
1337 4801 1438 4865 chaeis
1465 4802 1641 4882 praesertim
1668 4801 1706 4863 de
1732 4822 1913 4883 quacunque
1938 4802 2062 4866 civitate
2083 4800 2224 4885 pellendis

408 4907 620 4994 βαλλομένων
642 4906 778 4981 πόλεως·
800 4907 1030 4990 κρατείτωσαν
1053 4906 1087 4970 δέ
1109 4906 1167 4972 καί
1190 4910 1223 4972 οί
1242 4907 1310 4971 δια·
1338 4908 1473 4971 Valeant
1504 4908 1585 4990 leges
1621 4907 1746 4971 diversis
1783 4908 1967 4991 temporibus
2005 4909 2152 4975 adversus
2184 4924 2224 4967 ees

410 5016 526 5102 φόρως
540 5013 615 5085 κατ’
635 5014 746 5078 αὐτῶν
761 5014 1001 5093 εἰσενεχθέντες
1016 5016 1124 5096 νόμοι·
1139 5013 1197 5079 καί
1211 5015 1311 5097 μηδὲν
1338 5015 1425 5077 latae
1466 5015 1531 5078 Nec
1553 5025 1621 5077 rata
1643 5017 1712 5090 sint,
1735 5037 1815 5097 quae
1836 5017 1989 5085 donantur
2011 5017 2060 5081 vel
2087 5015 2225 5096 reliquum

409 5121 576 5207 ἐρρώσθω
592 5131 659 5184 τῶν
675 5120 694 5198 l>
710 5120 924 5204 δωρουμένων
939 5120 959 5199 ή
973 5122 1312 5204 καταλιμπανομένων
1338 5130 1391 5185 tur
1410 5123 1493 5198 locis,
1516 5143 1594 5203 quae
1615 5122 1756 5185 eeclesias
1778 5144 1888 5186 vocare
1914 5124 2042 5199 audent,
2069 5123 2123 5188 sed
2144 5119 2225 5185 vindi·

409 5237 481 5303 τοῖς
503 5229 627 5309 τόποις,
652 5225 709 5302 οὓς
731 5228 904 5305 ἐκκλησίας
920 5228 1065 5310 τολμῶσι
1082 5229 1201 5310 καλεῖν,
1225 5225 1311 5293 ἀλλά
1338 5239 1385 5292 eet
1415 5230 1492 5292 haec
1519 5230 1587 5292 loca
1618 5230 1749 5292 ecclesia
1782 5229 1963 5306 orthodoxa,
1994 5231 2053 5292 nisi
2078 5251 2118 5294 ea
2142 5227 2225 5291 invito

408 5335 466 5401 καί
489 5336 654 5399 ἐκδικείτω
678 5333 817 5408 τούτους
839 5336 859 5412 ή
883 5335 1077 5420 όρθόδοξος
1097 5336 1260 5418 ἐκκλησία,
1284 5341 1310 5401 εἰ
1338 5337 1458 5399 domino
1485 5345 1662 5419 procurater
1688 5336 1746 5399 leci
1773 5338 1965 5400 concesserit:
1994 5348 2068 5401 tunc
2090 5337 2182 5409 enim,
2205 5331 2224 5393 ti

409 5441 452 5526 μή
476 5439 568 5526 παρά
590 5444 722 5525 γνώμην
744 5450 806 5506 τοῦ
828 5442 1024 5507 δεσπότουό
1046 5444 1235 5529 φροντίζων
1250 5451 1311 5507 τοῦ
1337 5452 1515 5525 procurator
1537 5445 1686 5525 ingenuus
1708 5443 1760 5518 sit,
1781 5444 1816 5505 X
1839 5445 1905 5507 auri
1926 5444 2071 5509 librorum
2093 5443 2225 5507 mulsum

409 5551 515 5614 τόπου
538 5551 758 5634 συνεχώρησε·
782 5550 858 5613 τότε
880 5547 946 5634 γάρ
963 5554 988 5613 εἰ
1004 5550 1062 5631 pes
1077 5551 1205 5632 εὐγενής
1220 5552 1368 5623 ἐστινΙεε
1398 5551 1522 5615 exilium
1555 5550 1676 5626 subeat,
1708 5552 1755 5614 sin
1788 5572 1907 5627 servus,
1938 5553 2115 5616 verberetur
2146 5560 2175 5614 et
2200 5548 2226 5609 in

518 5817 613 5887 ἱερή.
634 5816 759 5886 M1,1.
796 5815 919 5886 simp.
938 5820 999 5871 soa.
1018 5821 1078 5871 εει.
1098 5819 1158 5873 eoa
1177 5819 1238 5873 eos.
1274 5814 1768 5886 Ban.aaN0m.1x‚as.xn,a
1893 5815 2002 5875 'Piera
2018 5835 2046 5889 p.
2065 5822 2127 5872 coa
2162 5813 2225 5871 aab

410 5907 546 5961 οείΝουι.
565 5905 631 5973 XII,
644 5909 669 5960 2.
777 5904 996 5976 ’Pitraptot
1032 5904 1257 5963 Bab-chcm.
1269 5904 1336 5971 XII,
1349 5909 1373 5959 2.
1480 5905 1589 5960 ⁴Pitra
1605 5922 1633 5975 p.
1647 5910 1707 5961 517.
1720 5910 1781 5963 602.
1816 5906 2224 5977 membranaceos

409 5994 484 6049 Bals.
503 5996 541 6048 cd
557 5996 639 6048 Nom.
658 5993 724 6061 XII,
743 5999 769 6048 2.
806 5993 892 6049 Blast
910 5994 946 6062 Α,
966 5998 990 6048 2.
