4842 7018
860 477 1012 543 LIBER
1033 477 1117 542 niv.
1162 478 1252 575 ΤΙΤ.
1274 480 1318 544 Π.
1342 479 1397 545 IV.
1984 483 2048 547 12³

216 660 256 738 τῇ
280 656 368 719 πόλει
393 656 464 719 ἀλλ’
490 661 524 720 ἐν
540 662 581 742 τῇ
597 659 711 739 ὲνορίμ
726 658 838 738 αὐτῆς,
855 654 960 732 ούτῶς
975 659 1119 743 λειτουρ-
1148 660 1200 722 sed
1222 661 1304 723 intra
1317 661 1392 723 fines
1407 661 1471 724 eins
1491 661 1537 723 ita
1550 661 1726 724 muneribus
1741 662 1941 743 obstringitur
1958 662 2047 726 sicuti

215 771 271 841 γεῖ,
296 764 340 836 ῶς
362 765 381 826 ό
404 767 438 824 ἐν
461 763 545 847 αὐτῇ
568 768 608 847 τῇ
632 765 720 828 πόλει
745 766 873 827 οίεεῶν.1
1048 787 1072 828 c.
1089 770 1117 829 3.
1145 769 1171 829 is
1194 767 1246 849 qui
1269 769 1301 829 in
1324 768 1448 832 civitate
1469 768 1537 849 ipsa
1558 767 1685 830 habitat
1975 790 2000 831 c.
2017 772 2046 831 3.

145 874 176 927 δ’.
261 869 313 951 “0
338 870 418 951 μήτε
446 869 666 952 άργαιογενίγς
689 869 735 934 ὢν
757 872 837 949 μήτε
859 874 1012 953 μίτοικος
1038 873 1118 954 μήτε
1212 874 1276 953 Qui
1284 895 1381 956 neque
1391 875 1537 956 originem
1551 894 1649 954 neque
1663 874 1827 936 incolatum
1842 896 1939 956 neque
1955 876 2047 938 domi·

216 982 316 1040 οίκῶν
347 981 382 1039 ἐν
413 977 505 1057 τόπῳ
533 975 610 1057 τινί,
643 974 728 1041 ἀλλά
754 981 950 1060 κεκτημένος
977 974 1072 1043 οἶκον
1098 978 1117 1057 λγ
1145 981 1248 1044 cilium
1262 980 1356 1045 habet
1370 982 1402 1043 in
1416 981 1482 1044 loco
1499 980 1608 1062 aliquo,
1624 981 1677 1043 sed
1692 982 1826 1062 possidet
1840 981 1909 1066 [ibi]
1924 983 2047 1044 domum

215 1080 322 1165 άγρόν
345 1083 406 1146 οὐκ
428 1084 651 1165 ἀναγκάζεται
675 1082 904 1167 λειτουργεῖν.8
1046 1108 1070 1148 o.
1087 1090 1116 1149 4.
1145 1088 1194 1152 vel
1216 1088 1352 1165 ferndum,
1375 1109 1438 1150 non
1461 1087 1659 1168 obstringitur
1680 1088 1864 1151 muneribus.
1975 1110 2000 1152 c.
2016 1092 2046 1152 4.

147 1195 177 1248 ε’.
278 1188 311 1253 Ὁ
338 1194 439 1253 οίκῶν
467 1195 501 1254 ἐν
528 1194 568 1277 τῇ
596 1191 730 1275 πατρίδι
765 1203 823 1269 τῆς
853 1188 1010 1272 γυναικὸς
1037 1192 1056 1269 t
1084 1197 1118 1256 ἐν
1211 1194 1275 1273 Qui
1297 1195 1470 1258 habitatin
1492 1195 1595 1276 patria
1610 1194 1712 1256 uxoris
1736 1205 1790 1257 aut
1811 1196 1843 1257 in
1863 1195 1960 1258 altera
1973 1216 2046 1277 qua·

215 1300 311 1379 ἑτέρα
338 1319 401 1360 τινι
431 1297 520 1361 πόλει
549 1300 593 1372 ὡς
619 1302 770 1381 μέτοικος
802 1298 1025 1379 ἀναγκάζεται
1055 1304 1119 1363 ἐκεῖ
1144 1302 1216 1363 dam
1247 1302 1370 1365 civitate
1400 1311 1547 1383 tanquam
1578 1300 1686 1375 incola,
1718 1302 1760 1364 ibi
1787 1323 1914 1365 munera
1945 1302 2047 1365 subire

214 1401 440 1486 λειτουργεῖν.8
1046 1428 1070 1469 c
1088 1411 1116 1469 5.
1144 1408 1269 1489 cogitur.
1975 1429 2000 1472 c.
2017 1413 2045 1473 5.

279 1510 330 1575 Αἱ
361 1521 512 1592 γυναῖκες
544 1509 604 1588 τὴν
635 1510 732 1590 τιμὴ-ν
764 1520 825 1575 τοῦ
851 1508 975 1596 άνδρός
1003 1514 1115 1590 λέγουσι
1209 1515 1354 1578 Mulieres
1384 1514 1529 1577 honorem
1564 1515 1622 1578 viri
1652 1513 1766 1577 habent
1797 1524 1828 1577 et
1863 1515 2046 1579 domicilium

213 1616 269 1682 καλ
294 1616 354 1695 τὴν
372 1620 569 1695 κατοίκησιν
586 1618 713 1682 ἑαυτῶν
728 1618 1003 1682 ἐναλλάσσονσιν·
1026 1621 1116 1684 ἔνθα
1142 1622 1300 1703 proprium
1327 1622 1484 1697 amittunt;
1521 1616 1593 1683 nam
1621 1620 1674 1683 ubi
1701 1642 1769 1684 cum
1797 1621 1871 1685 viris
1897 1622 2046 1698 habitant,

214 1722 280 1810 γάρ
313 1731 441 1789 οἰκοῦσι
473 1721 557 1807 μετά
589 1735 656 1788 τῶν
693 1724 839 1808 ἀνδρῶν,
872 1728 939 1790 ἐκεῖ
965 1725 1023 1790 καλ
1056 1725 1116 1805 τὴν
1143 1729 1186 1791 ibi
1209 1739 1240 1792 et
1262 1729 1448 1792 domicilium
1470 1727 1582 1791 habere
1605 1728 1754 1791 videntur.
1975 1750 2000 1791 c.
2017 1732 2045 1792 9.

213 1833 411 1908 κατοίκησιν
433 1835 518 1909 ἔχειν
542 1829 729 1895 δοκοῦσιν*
1045 1855 1069 1897 c.
1087 1838 1114 1896 9.

149 1943 178 1994 ’ί
278 1938 329 2001 Ἑν
352 1947 426 2012 ταῖς
449 1938 635 2012 πολιτικαῖς
657 1940 876 2022 λειτουργίαις
899 1938 950 2002 δεῖ
968 1938 1029 2018 τὴν
1047 1943 1115 2005 ίσό-
1208 1943 1248 2004 In
1270 1942 1410 2005 civilibus
1432 1940 1607 2005 muneribus
1630 1942 1812 2023 aequitatem
1832 1944 1946 2006 servari
1961 1964 2046 2026 opor·

214 2067 300 2122 τητα
322 2045 561 2131 φυλάττεσθαι
587 2044 721 2129 [πῶ]σιν
743 2042 810 2110 άπὸ
834 2054 895 2110 τού
918 2047 1092 2131 άργοντος.
1143 2059 1187 2113 tet
1209 2049 1348 2112 omnibus
1372 2070 1392 2111 a
1412 2048 1560 2130 praeside
1789 2069 1814 2111 c.
1830 2052 1860 2112 4.
1876 2050 1909 2113 Ο.
1928 2052 1977 2125 10,
1994 2052 2045 2112 43.

858 2174 883 2217 c.
899 2158 928 2217 4.
945 2154 979 2217 C.
998 2157 1048 2228 10,
1064 2157 1114 2216 43.

442 2312 562 2366 ΤΙΤΛΟ(
586 2312 634 2380 Δ’,
662 2311 795 2367 ΒΙΒΛΙΟΥ
822 2312 884 2367 ΝΔ’
1354 2312 1520 2370 TITULUS
1547 2313 1601 2381 IV,
1630 2312 1736 2369 LIBRI
1763 2314 1829 2370 LIV

451 2422 513 2492 περὶ
531 2420 701 2493 λειτουργιῶν
719 2421 764 2471 καὶ
782 2422 872 2489 τιμῶν.
1373 2420 1409 2476 de
1426 2419 1588 2475 muneribus
1607 2427 1635 2475 et
1652 2419 1812 2475 honoribus

285 2529 358 2591 Τῶν
381 2528 592 2611 λειτουργιῶν
607 2529 643 2590 αι’
660 2527 718 2607 μὲν
737 2526 903 2607 ούσιακαλ,
927 2529 964 2590 αί
982 2527 1016 2591 δὲ
1035 2549 1115 2612 προ-
1209 2530 1372 2593 Munerum
1394 2529 1545 2611 quaedam
1567 2529 1741 2610 patrimonii
1763 2531 1915 2611 quaedem
1941 2551 2044 2611 perso·

213 2638 359 2700 σωπικαί
375 2638 471 2699 εἰσιν·
495 2633 654 2698 οὐσιακαί
668 2639 750 2697 εἰσιν
765 2636 785 2711 ἡ
802 2643 863 2698 τοῦ
878 2634 1004 2719 δρόμου
1019 2634 1038 2712 i>
1055 2643 1116 2699 τοι)
1142 2658 1251 2701 narum
1272 2646 1355 2699 sunt:
1378 2637 1561 2718 patrimonii,
1588 2636 1684 2700 veluti
1711 2637 1756 2697 rei
1778 2636 1968 2712 vehicularia,
1996 2639 2046 2701 vel

212 2743 384 2825 ναυάρχου
407 2740 426 2818 δ
445 2750 507 2806 τοῦ
524 2741 751 2823 δεκαπρώτου·
766 2740 908 2823 κινδύνῳ
922 2738 988 2822 γάρ
1005 2742 1115 2805 αὐτῶν
1142 2744 1335 2818 naviculan‘s,
1354 2743 1404 2806 vei
1419 2744 1681 2824 decemprimatus3
1696 2743 1829 2823 periculo
1844 2744 1925 2805 enirn
1941 2764 2044 2807 eorum

211 2851 376 2933 ἄρχονται
388 2845 432 2912 τά
441 2847 600 2931 δημόσια·
617 2844 831 2933 προσωπικὸν
845 2848 879 2910 δὲ
894 2846 1114 2930 λειτούργημα
1141 2851 1282 2932 publicae
1291 2849 1635 2930 exactionesincipiunt:
1649 2849 1808 2930 personale
1823 2860 1924 2913 autem
1933 2871 2044 2913 munus

211 2961 279 3019 terr
297 2952 336 3019 τὸ
352 2957 512 3035 γενέσθαι
529 2956 660 3020 ἔκδικον
675 2955 694 3032 l>
708 2953 865 3019 σύνδικον
880 2954 1114 3039 λγπρεσβευτίγν
1142 2969 1200 3032 eat,
1223 2957 1289 3020 fieri
1311 2957 1498 3019 defensorem
1522 2956 1571 3019 vel
1590 2956 1749 3036 syndicum
1770 2955 1822 3019 vel
1840 2956 1974 3036 legatum
1995 2958 2045 3020 vel

213 3062 231 3140 ἢ
255 3062 422 3144 δημοσίων
445 3060 569 3139 άνύτην
593 3061 612 3139 ι’)
636 3062 804 3139 ύποδοχέα
831 3061 850 3138 ἢ
873 3059 924 3124 ἐπὶ
948 3064 989 3147 τῇ
1010 3083 1113 3142 καμη·
1141 3064 1330 3146 publicorum
1354 3072 1524 3126 exactorem
1548 3071 1602 3124 aut
1619 3071 1806 3143 receptorem
1828 3071 1883 3124 aut
1904 3083 2044 3144 procura·

211 3169 321 3249 λασίμ,
337 3168 395 3233 καλ
411 3171 625 3254 ἀγορανόμον
639 3168 696 3233 καλ
711 3165 920 3256 φροντιστὴν
935 3168 1113 3232 πολιτικῶν
1140 3183 1236 3235 torem
1250 3170 1433 3234 camelasiae
1442 3177 1473 3232 et
1488 3167 1616 3231 aedilem
1630 3178 1661 3230 et
1670 3178 1837 3231 curatorem
1852 3170 2043 3251 publicorum

210 3279 389 3358 κτημάτων
403 3274 460 3340 καλ
481 3278 624 3352 σιτώνην
638 3274 696 3340 καλ
713 3276 875 3355 δημοσίου
893 3274 1036 3349 ὁλκάδος
1054 3273 1111 3338 καί
1139 3278 1333 3359 praediorum
1342 3286 1373 3340 et
1387 3296 1528 3339 annonae
1537 3285 1568 3338 et
1576 3275 1691 3357 publici
1700 3275 1906 3356 aquaeductus
1916 3286 2044 3359 etequo·

210 3394 277 3446 τῶν
293 3395 351 3460 της
374 3382 610 3466 ἱπποδρομείας
633 3380 740 3446 ἵππιον
755 3382 774 3459 ί)
789 3380 847 3446 καλ
863 3392 930 3445 τῶν
945 3380 1112 3462 δημοσίαν
1139 3405 1205 3447 rum
1220 3393 1342 3466 propter
1355 3381 1537 3464 spectacula,
1550 3381 1706 3444 ueletiam
1721 3382 1912 3463 publicarum
1926 3385 2044 3447 viarum

210 3490 297 3553 ὁδῶν
306 3488 368 3564 τάς
377 3491 537 3571 στρώσεις
552 3487 609 3553 καλ
618 3490 715 3553 σίτου
730 3486 982 3565 ύποδογῆςθκαλ
997 3491 1111 3567 ἐγκαυ-
1139 3490 1269 3575 [cinare]
1294 3490 1475 3552 munitiones
1498 3498 1529 3551 et
1549 3488 1693 3551 frumenti
1712 3500 1898 3570 receptorem
1918 3500 1949 3553 et
1966 3490 2043 3553 cale

210 3596 293 3674 στλγν
306 3594 363 3661 καλ
381 3596 523 3660 όπτίονα
538 3605 768 3679 erectionis:
786 3632 827 3642 -
860 3594 895 3656 fr.
914 3598 940 3657 1.
957 3596 996 3657 D.
1014 3598 1065 3669 50,
1080 3598 1110 3657 4.
1138 3599 1283 3661 factorem
1298 3606 1329 3658 et
1343 3597 1494 3678 optionem
1512 3595 1602 3680 [fieri]
1618 3596 1757 3659 militum
1814 3595 1850 3658 fr.
1863 3599 1890 3659 1.
1900 3597 1940 3659 D.
1951 3599 2003 3672 50,
2012 3601 2042 3660 4.

272 3702 306 3767 Ὁ
324 3707 480 3786 πατρῷος
499 3703 560 3766 οὐκ
574 3702 797 3784 ἀναγκάζεται
817 3700 1016 3784 λειτουργεῖν
1030 3699 1110 3784 ὑπὲρ
1204 3703 1342 3767 Vitricus
1378 3723 1439 3765 non
1476 3703 1593 3781 cogitur
1630 3723 1756 3766 munera
1796 3704 1946 3783 suscipere
1984 3725 2041 3785 pro

210 3819 271 3874 τοῦ
293 3812 470 3893 προγόνου.
949 3808 984 3869 fr.
1002 3810 1030 3869 3.
1047 3815 1063 3885 ἕ
1082 3813 1109 3871 7.
1137 3810 1283 3891 privigno.
1881 3809 1916 3871 fr.
1934 3812 1962 3872 3.
1979 3816 1995 3888 5
2014 3815 2042 3872 7.

138 3916 173 3980 d·
273 3916 306 3981 ‘0
334 3913 443 3994 ἦττον
469 3927 538 3980 τῶν
564 3919 666 3980 είκοσι
696 3919 790 3979 πέντε
817 3918 899 3981 ἑτῶν
922 3915 997 3978 οὔτε
1020 3913 1110 3977 πολι·
1204 3917 1308 3980 Minor
1333 3917 1441 3997 viginti
1468 3916 1602 3997 quinque
1630 3916 1718 3978 annis
1746 3935 1844 3997 neque
1865 3915 1970 3979 civilia
1991 3938 2041 3980 ne

209 4021 288 4088 τικύ
303 4023 422 4089 διοικεῖ
436 4024 512 4087 odra
531 4019 628 4103 τιμάς
646 4023 794 4105 πράττει,
810 4022 885 4085 ούτε
904 4020 1111 4104 λειτουργίας
1137 4024 1223 4105 gotia
1258 4023 1450 4087 administrat
1487 4043 1585 4104 neque
1615 4023 1745 4085 honores
1782 4023 1910 4104 suscipit
1946 4040 2042 4105 neque

210 4128 270 4205 τὰς
292 4128 334 4212 μὴ
359 4126 550 4203 odoranda!
1029 4128 1064 4191 fr.
1082 4132 1110 4192 8.
1138 4151 1275 4205 munera,
1298 4150 1377 4212 quae
1398 4150 1460 4193 non
1483 4140 1555 4192 sunt
1577 4130 1759 4211 patrimonii
1959 4130 2040 4193 fas

275 4236 325 4301 Αἰ
348 4234 591 4323 παραφυλακαλ
614 4246 682 4299 τῶν
704 4233 792 4298 όδῶν
814 4233 870 4298 καλ
894 4237 931 4297 αί
953 4232 1110 4319 είσφοραὶ
1205 4238 1392 4301 Munitiones
1424 4238 1543 4300 viarum
1576 4246 1607 4298 et
1641 4237 1817 4299 collationes
1848 4237 2041 4318 praediorum

1 4399 2 4402 ,
209 4355 276 4407 τῶν
294 4345 430 4427 χωρίων
453 4343 493 4407 ού
515 4343 704 4427 προσώπων
726 4340 787 4405 eloi
802 4340 1002 4425 λειτουργίαι
1026 4337 1112 4404 atti
1139 4365 1200 4406 non
1222 4364 1419 4426 personarum
1443 4364 1570 4406 munera
1592 4352 1671 4418 sunt
1694 4344 1747 4407 sed
1770 4343 1912 4406 locorum.

55 4486 171 4553 fotti‘.
208 4452 335 4515 τόπῶνε
353 4487 395 4497 -
726 4516 731 4521 ,
927 4448 963 4509 fr.
982 4450 1110 4524 laer.
1856 4450 1892 4511 ir.
1911 4452 2040 4528 laea

1 4633 2 4638 γ
127 4556 172 4629 vs‘·
274 4558 352 4620 Εἴτε
362 4556 396 4619 δὲ
406 4566 628 4639 προσοιπικῶν
637 4555 848 4638 λειτουργιῶν
857 4557 919 4618 είτε
933 4553 1111 4617 πολιτικῶν
1204 4556 1275 4619 Sive
1293 4557 1496 4638 personalium
1518 4578 1678 4620 munerum
1697 4558 1762 4621 sive
1781 4556 1916 4619 civilium
1934 4557 2040 4619 immu-

209 4665 359 4727 άτέλειάν
377 4686 428 4737 τις
448 4667 521 4743 ἔχει,
550 4663 611 4726 ούκ
626 4661 895 4745 λξκονσατεύεται
915 4661 990 4723 οὔτε
1013 4658 1110 4739 δημο-
1138 4664 1265 4727 nitatem
1286 4665 1355 4744 quis
1377 4664 1501 4739 habeat,
1525 4686 1585 4726 non
1608 4675 1771 4725 excusatur
1797 4684 1894 4745 neque
1915 4663 2041 4744 publica

208 4772 290 4834 σίοον
305 4771 442 4834 άνώναιν
458 4770 533 4834 ούτε
556 4770 740 4853 άγγαρίιον,
764 4770 840 4831 ούτε
853 4765 1011 4852 βερήδεον,
1035 4765 1110 4829 οὔτε
1138 4790 1267 4846 annona,
1290 4790 1389 4852 neque
1412 4770 1452 4833 ab
1474 4771 1606 4852 angariis
1622 4791 1718 4852 neque
1742 4770 1885 4833 averado
1907 4789 2039 4851 nequea

76 4898 81 4903 ·
207 4877 373 4960 μητάτιον,
397 4878 472 4941 ούτε
496 4887 554 4953 τῆς
576 4886 643 4939 τῶν
666 4876 789 4939 πλοίων
811 4873 1016 4955 λειτουργίας
1035 4872 1110 4936 ούτε
1137 4878 1258 4938 metatis
1280 4896 1378 4958 neque
1400 4877 1601 4941 anaviculari
1616 4897 1748 4951 munere,
1771 4897 1868 4959 neque
1890 4897 1911 4940 a
1925 4878 2039 4958 capita·

207 4985 422 5071 κεφαλίιονος,
452 4983 699 5068 ὑπεξῃρημένων
721 4990 939 5064 στρατιωτῶν
962 4976 1019 5043 καλ
1043 4988 1110 5042 τῶν
1137 4985 1225 5058 tione,
1248 4985 1381 5065 exeeptis
1404 4983 1550 5046 militibus
1573 4994 1604 5046 et
1626 4985 1663 5046 iis
1685 4986 1737 5065 qui
1759 4983 1905 5071 amilitia
1923 4983 2039 5046 dimissi

208 5102 266 5169 τῆς
281 5091 460 5173 στρατείας
475 5088 776 5152 άπολυθέντεινε-
797 5085 1108 5164 fr.1s.§29.1).50,4.
1137 5100 1216 5153 sunt.
1663 5090 1699 5153 fr.
1718 5093 1767 5153 18.
1784 5096 1800 5167 5
1818 5093 1868 5153 29.
1883 5089 1923 5152 D.
1940 5093 1991 5165 50,
2007 5092 2037 5152 4.
2106 5121 2108 5125 ¹

128 5196 170 5251 ι’·
278 5197 318 5261 Οί
337 5196 533 5260 διδάσκαλοι
558 5197 591 5258 οί
610 5195 788 5259 πολιτικῶν
810 5195 1021 5277 λειτουργιῶν
1036 5193 1109 5256 ‹itt-
1203 5197 1344 5278 Magistri
1375 5197 1427 5278 qui
1460 5197 1593 5260 civilium
1625 5217 1784 5259 munerum
1815 5196 2037 5261 immunitatem

207 5303 297 5369 λειαν
320 5306 450 5381 ἔχοντες
475 5301 533 5368 καλ
560 5298 784 5387 γραμματικοί
812 5298 869 5364 καί
894 5300 1030 5380 ῥύτορες
1051 5297 1108 5361 καλ
1136 5304 1250 5366 habent
1272 5314 1303 5367 et
1324 5303 1514 5384 grammatici
1537 5313 1568 5366 et
1589 5303 1722 5365 rhetores
1744 5312 1775 5365 et
1797 5303 1905 5366 medici
1920 5314 1950 5366 et
1973 5304 2037 5385 phi-

208 5408 318 5493 ἰατροὶ
328 5408 384 5473 καλ
396 5410 580 5496 φιλόσοφοι
589 5408 747 5491 μητάτιυν
756 5409 889 5485 ἔχουσιν
898 5407 1108 5471 άτὲλειανε-
1136 5410 1255 5491 losophi
1276 5420 1458 5472 metatorum
1480 5410 1595 5472 habent
1616 5410 1845 5473 immunitatem.
1951 5412 2036 5486 530.

978 5516 1053 5590 ςεο
1069 5512 1109 5574 ib.

280 5665 289 5691 ¹
307 5657 548 5713 Innotaerathaec
558 5656 764 5713 comtitntionis
772 5656 865 5710 versio
875 5652 1109 5710 exOniaciioom·

206 5749 349 5803 mentariis
361 5749 390 5801 in
407 5748 434 5801 h.
447 5747 465 5802 l
485 5747 521 5802 of.
538 5762 609 5818 quae
623 5747 682 5816 ipse
696 5744 801 5800 ibidem
814 5743 929 5798 monuit
996 5741 1007 5774 ’
1024 5741 1110 5797 habet

207 5834 273 5907 Syn.
345 5835 460 5892 ⁸habet
477 5836 543 5907 Syn.
615 5834 793 5904 ‘Perperam
811 5832 867 5888 alia
882 5831 909 5885 h.
923 5831 941 5886 l.
958 5837 1110 5902 posuerunt

207 5925 238 5979 F.
252 5924 307 5979 Hb.
389 5925 459 5981 ‘ita
476 5925 537 5979 cod.
621 5923 753 5976 ο1.-ύα.
838 5921 964 5992 'Longe
982 5919 1110 5974 elitaret

206 6030 353 6086 perperam
372 6031 405 6069 er
423 6014 536 6069 scholiis
555 6013 618 6068 Bas.
637 6011 692 6068 Hb.
