4680 7114
535 1211 1107 1290 ANIMADVERSIONES
1138 1211 1202 1287 IN
1233 1212 1277 1287 L.
1310 1210 1602 1287 RHODIAM.

155 1408 224 1465 (iod.
243 1407 443 1464 Ambrosianus
465 1408 494 1463 Μ
517 1412 551 1463 68
568 1424 642 1479 sup,
669 1406 718 1462 fol.
737 1411 799 1461 288¹
815 1423 874 1478 seq.
919 1405 990 1476 legis
1016 1406 1146 1460 nentinae
1173 1405 1268 1473 (sicuti
1289 1406 1412 1460 rusticae
1435 1409 1465 1460 et
1491 1405 1629 1474 militaris)
1651 1407 1841 1461 recensionem
1869 1407 1985 1478 praebet

155 1500 296 1569 optimam,
320 1497 517 1553 additamentis
539 1496 836 1568 interpolationibusve
859 1494 987 1551 omnibus
1009 1494 1135 1549 liberam.
1172 1495 1241 1550 Eius
1263 1495 1439 1550 collationem
1462 1494 1508 1549 hic
1531 1495 1737 1565 exprimendam
1756 1496 1897 1565 duximus,
1921 1514 1984 1551 cnm

349 1589 404 1642 Iam
422 1587 453 1641 in
470 1586 541 1641 libro
559 1585 629 1640 LIII
647 1586 830 1641 Basilicornm
848 1602 881 1640 ex
898 1583 964 1639 libri
980 1584 1108 1654 rescripti
1125 1584 1295 1640 ambrosiani
1313 1584 1478 1640 auctoritate
1496 1590 1600 1639 textum
1619 1584 1796 1640 ediderimus.

751 1672 869 1730 collrtm
886 1675 1010 1745 pertinet
1026 1674 1063 1729 ad
1080 1672 1123 1728 ed
1141 1671 1393 1728 heimbachisnam.

154 1856 274 1919 Titulus
298 1866 356 1918 est:
384 1854 505 1938 Νόμος
527 1853 651 1937 ῥοδίων
672 1854 748 1919 κατ’
774 1852 911 1936 ἐκλογήν
938 1856 974 1917 ἐκ
996 1862 1057 1917 τοῦ

266 1961 306 2025 ιδ
329 1960 462 2047 βιβλίου
489 1972 556 2025 των
584 1962 744 2042 διγέστων
769 1962 798 2023 h.
819 1982 844 2024 e.
867 1961 1055 2025 Rhodiorum

265 2069 317 2132 lex
339 2089 394 2151 per
416 2069 551 2148 eclogem
573 2090 612 2131 ex
635 2068 712 2131 libro
731 2068 835 2130 XIIII
852 2068 1055 2148 Digestorum.

1239 1856 1315 1939 τιμῇ
1337 1850 1395 1916 καί
1417 1863 1485 1917 τῶν
1503 1857 1537 1916 ἰν
1552 1853 1653 1934 αύτῷ,
1676 1854 1775 1915 έστω·
1798 1856 1825 1915 εἰ
1845 1852 1880 1916 δέ
1894 1854 1984 1935 μήγε,

1238 1957 1520 2041 μισθούσθωσαν
1556 1957 1614 2023 καί
1652 1955 1713 2036 τήν
1747 1959 1986 2043 ἀποπλήρωσιν

1239 2068 1447 2129 ποιείτωσαν.

265 2177 334 2240 Lex
359 2176 482 2257 quidem
508 2175 684 2239 nullomodo
710 2195 749 2237 ex
771 2175 905 2256 Digestis
931 2175 1055 2256 pendet;
1084 2195 1109 2237 c.
1142 2176 1171 2236 9.
1192 2169 1267 2236 ’Ede
1290 2171 1362 2257 περί
1378 2173 1514 2258 ἐκβολῆς
1529 2171 1748 2257 βουλεύσηται
1765 2175 1784 2236 ό
1799 2172 1985 2258 ναύκληρος

265 2304 347 2347 error
362 2292 462 2344 autem
479 2280 548 2346 inde
562 2291 646 2345 ortus
662 2290 716 2356 est,
738 2282 820 2362 quod
834 2283 865 2343 in
881 2281 959 2344 libro
973 2280 1056 2344 XIV

164 2446 167 2453 .
265 2391 335 2470 Dig.
358 2391 438 2452 tina
463 2390 501 2451 de
523 2389 589 2470 legs
610 2389 717 2451 rhodia
739 2397 787 2451 est
808 2409 914 2452 sermo.

154 2520 179 2560 o.
205 2501 232 2559 1.
265 2497 522 2580 προςγινομένηυ
548 2496 666 2577 ζημίαν
693 2494 874 2569 διπλασίως
901 2493 1056 2559 διδόσθω

308 2604 338 2666 Ia
354 2624 379 2665 e.
402 2603 528 2665 allatum
552 2603 698 2665 damnum
720 2605 752 2665 in
774 2602 868 2684 duplo
891 2604 997 2665 solvat.

154 2731 179 2773 o
203 2714 232 2773 2.
264 2710 471 2785 συληθέντος
488 2707 546 2773 καί
565 2710 705 2787 ἀληθῶς
721 2710 928 2791 δεικνυμένου
943 2718 1057 2772 πάσαν

309 2814 370 2893 τήν
385 2815 572 2899 γενομένηνι
589 2816 707 2897 ζημίαν
722 2819 756 2880 ἐν
771 2838 806 2879 τε
821 2820 868 2898 τῷ
884 2817 987 2897 πλοίῳ
999 2814 1055 2879 καί

310 2927 419 2997 τωνέν
434 2924 526 3005 αὐτῷ
541 2933 616 2988 σῶα
631 2921 821 2987 ἀποδιδότω
838 2924 856 2985 ό
873 2921 1056 3008 ναύκληρος

310 3032 329 3094 ό
352 3027 396 3094 τά
419 3031 504 3094 σῦλα
527 3033 709 3116 ἐπιτρέψας
730 3030 900 3112 γενέσθαι.

265 3139 323 3201 ἐάν
345 3159 396 3212 τις
417 3137 533 3225 κλέψῃ.

266 3246 419 3308 τουτέστι
442 3281 485 3292 -
508 3244 633 3309 λοιπῶν
654 3245 701 3307 do.
724 3245 756 3306 In
779 3245 843 3308 nod.

266 3349 366 3415 διπλά
388 3351 545 3416 ἀποδότω
569 3353 588 3414 ό
612 3347 656 3415 τά
679 3351 764 3416 σῦλα
787 3352 937 3429 ποιήσας.

154 3480 178 3521 o
202 3464 231 3522 3.
263 3459 407 3543 ἐμπόρου
430 3457 449 3535 ή
472 3456 641 3543 ἰπιβάτου.

265 3562 410 3652 ληφθείς
443 3612 451 3628 .
475 3612 482 3628 .
506 3612 514 3627 .
539 3612 547 3628 .
578 3587 723 3643 κατασγ.
762 3565 796 3628 δέ
838 3587 897 3628 om.
934 3576 1057 3648 propter

316 3673 494 3736 homoeotel.

265 3783 292 3842 εἰ
313 3778 461 3859 μάλιστα
480 3779 631 3864 χρυσίον.

153 3908 178 3949 ε.
201 3890 231 3950 4.
263 3882 337 3950 ’Ede
358 3886 451 3967 τόπῳ
474 3886 661 3968 συλουμένιμ
685 3923 727 3932 -
746 3923 786 3932 -
806 3923 848 3933 -
870 3908 1056 3972 μαρτυρου-

307 3996 413 4075 μένων
436 4002 503 4055 τῶν
525 3997 572 4057 ἐπ.
597 3991 658 4070 τήν
680 4015 709 4055 τ.
732 4015 761 4055 τ.
785 3998 850 4056 αἰτ.
872 3991 931 4057 καί
946 3993 1055 4080 συμβῇ

309 4099 509 4179 συληθήναι,
533 4102 589 4163 ἀπ.
606 4101 625 4162 ό
641 4121 668 4163 ν.
684 4096 729 4163 τά
744 4100 946 4176 συληθέντα.
979 4106 1005 4164 εἰ
1022 4100 1056 4164 δέ

216 4206 218 4210 '
308 4215 370 4270 του
392 4207 579 4290 ναυκλήρου
600 4205 644 4288 μή
664 4206 827 4281 θέλοντος
849 4211 883 4270 έν
901 4211 948 4289 τῷ
964 4210 1055 4290 τόπῳ

308 4313 480 4394 εἰσελθεῖν,
503 4315 536 4377 σί
558 4316 695 4396 ἔμποροι
713 4321 813 4378 τοῦτο
830 4314 982 4394 ἀγάγωσι
997 4313 1055 4378 καί

309 4420 418 4507 συμβῇ
441 4420 510 4483 κτλ

152 4550 177 4591 c
202 4533 230 4591 5.
262 4527 389 4608 λόγους.

264 4639 291 4697 εἰ
319 4634 353 4698 δέ
380 4656 431 4709 τις
457 4633 605 4720 κρούσας
632 4632 694 4711 τήν
719 4633 868 4721 κεφαλήν
890 4636 1013 4718 ἀνοίξει
1037 4636 1056 4713 ή

308 4741 457 4822 κυλιόσει,
481 4740 570 4804 δότω
593 4744 641 4821 τῷ
657 4741 808 4805 παθόντι
832 4739 894 4817 τάς
908 4743 1056 4827 ἰατρείας

310 4846 367 4912 καί
390 4844 468 4922 τοὺς
490 4844 640 4928 μισθοὺς
663 4859 721 4925 της
744 4849 874 4931 ἀργίας.

153 4978 178 5018 c.
204 4960 231 5019 6.
264 4955 355 5038 τεύξει
378 4951 439 5018 τόν
462 4965 604 5041 πρῶτον,
628 4956 680 5028 ὡς.

264 5061 284 5139 i>
306 5062 397 5143 λίθιμ
413 5099 456 5108 -
472 5063 557 5125 έστω
573 5084 631 5124 om.
647 5062 712 5126 eod.
735 5060 921 5136 ἀνεύθυνος
944 5064 963 5126 ό
979 5060 1057 5138 δούς

308 5171 407 5233 έστω·
432 5164 451 5231 δ
474 5164 540 5252 γάρ
564 5178 622 5232 cet

153 5298 178 5339 o
205 5280 232 5338 7.
264 5273 391 5361 κρούσῃ
419 5274 484 5340 τινί
515 5276 671 5362 γρόνθσν
699 5314 740 5322 -
769 5313 811 5322 -
840 5313 882 5323 -
910 5276 930 5354 ή
958 5277 1054 5341 δύσει

309 5379 373 5466 λάξ
399 5420 442 5430 -
471 5419 512 5430 -
540 5419 582 5430 -
612 5382 700 5446 δότω
728 5380 789 5457 τὰς
820 5384 969 5468 ἰατρείας
998 5383 1056 5448 καί

309 5489 389 5575 ύπὲρ
413 5525 455 5539 -
475 5527 516 5537 —
540 5489 640 5567 κήλης
658 5489 682 5552 ι’
702 5527 743 5537 -
761 5526 802 5537 ·-
820 5527 862 5538 —
878 5526 921 5537 -—
941 5493 1056 5569 ένογος

310 5596 472 5660 θανάτου
494 5598 579 5660 έστω
603 5598 621 5659 ό
645 5605 746 5660 τοῦτο
770 5597 921 5675 ποιήσας.

154 5724 178 5766 c.
203 5707 232 5767 8.
264 5702 398 5789 ἀπέλθῃ
420 5699 504 5785 μετά
526 5701 584 5767 καί
604 5705 759 5787 χρυσίου,
788 5708 814 5768 εἰ
836 5726 895 5787 μεν
917 5706 937 5782 ή
961 5714 1055 5769 πᾶσα
1083 5726 1108 5767 c.
1121 5708 1169 5767 13.
1192 5699 1266 5768 Ἐάν
1287 5703 1447 5789 ἐπιβάτης
1468 5702 1605 5790 εἰσέλθῃ
1628 5740 1670 5751 -
1695 5739 1736 5750 -
1762 5740 1801 5750 -
1827 5740 1868 5752 -
1897 5705 1985 5767 άπά·

309 5810 420 5873 αὐτῶν
435 5810 608 5894 περιουσία
631 5810 775 5893 ἐξικανεῖ
793 5814 833 5899 τῇ
855 5821 917 5876 τοῦ
938 5812 1056 5876 πλοίου

226 5951 236 5984 ¹
252 5969 347 6025 γενομ.
366 5950 426 6005 eod

215 6048 281 6091 Buss.
305 6048 331 6091 'l'-
340 6047 392 6091 m

1238 2275 1322 2361 μετά
1344 2288 1406 2343 τοῦ
1427 2281 1573 2363 ἐμπόρου
1594 2278 1652 2343 καί
1676 2280 1716 2344 οὐ
1738 2280 1874 2357 θελήσει
1898 2282 1985 2363 δέμ-

1239 2407 1344 2470 πορος
1365 2386 1422 2449 καί
1446 2387 1546 2474 πάθῃ
1570 2385 1608 2450 τὸ
1633 2386 1757 2468 πλοῖον,
1785 2386 1846 2464 τήν
1868 2388 1986 2469 ζημίαν

1240 2490 1341 2567 αὐτὸς
1373 2493 1552 2557 ἀποδώσει·
1585 2494 1690 2558 αὐτοῦ
1721 2494 1755 2557 δὲ
1786 2492 1829 2577 μή
1857 2493 1985 2577 ἐμποδί-

1240 2621 1363 2674 σαντος
1397 2601 1478 2682 μήτε
1513 2609 1576 2665 τοῦ
1605 2601 1793 2686 ναυκλήρου
1811 2599 1882 2681 καί
1919 2611 1986 2665 τῶν

1238 2718 1385 2788 ναυτῶν,
1416 2706 1525 2793 συμβῇ
1557 2705 1591 2770 δὲ
1623 2708 1742 2789 ζημίαν
1772 2708 1933 2789 γενέσθαι
1966 2707 1986 2785 i>

1239 2815 1409 2895 ναυάγιον,
1433 2812 1477 2878 τά
1500 2815 1670 2896 σωζόμενα
1691 2818 1772 2899 μέρη
1793 2823 1855 2878 τοῦ
1869 2815 1986 2879 πλοίου

1237 2919 1295 2986 καί
1328 2931 1395 2984 τῶν
1427 2922 1578 3008 φορτίων
1605 2925 1649 2996 εἰς
1677 2920 1846 3004 συμβολήν
1875 2925 1986 3008 ἐρχέσ-

1174 3014 1178 3019 ’
1239 3030 1378 3093 θωσανι
1406 3029 1439 3090 Si
1467 3028 1505 3090 do
1532 3031 1614 3093 iectu
1636 3030 1822 3092 consuluerit
1844 3032 1987 3110 magister

1239 3157 1308 3199 cum
1323 3166 1326 3171 ·
1340 3145 1506 3199 mercatore
1542 3146 1574 3198 et
1610 3137 1741 3200 voluerit
1776 3146 1926 3200 mercator
1956 3145 1987 3200 et

1238 3244 1326 3306 navis
1349 3244 1390 3305 sit
1411 3243 1524 3305 damno
1547 3244 1664 3319 affecta,
1687 3245 1752 3326 ipse
1773 3243 1919 3306 damnum
1941 3264 1986 3306 re·

1239 3351 1357 3413 sarciat
1406 3350 1489 3431 quod
1516 3351 1542 3412 si
1574 3371 1674 3432 neque
1699 3352 1766 3432 ipso
1796 3351 1986 3433 impediente,

1239 3478 1337 3539 neque
1351 3458 1495 3538 magistro
1510 3459 1681 3539 nautisque,
1704 3458 1850 3520 damnum
1864 3459 1986 3521 naufra·

1238 3566 1360 3645 giumve
1382 3564 1445 3627 fieri
1460 3566 1626 3646 contigerit,
1645 3573 1748 3646 partes
1763 3567 1851 3629 navit
1866 3576 1897 3630 et
1911 3587 1986 3628 mer·

1239 3673 1318 3734 cium
1346 3680 1486 3734 servatae
1513 3673 1554 3734 sd
1580 3671 1830 3734 contributionem
1853 3674 1985 3736 veniant.

1084 3801 1108 3842 c.
1121 3783 1158 3841 11
1194 3781 1251 3860 (est
1276 3781 1315 3839 10
1338 3778 1371 3838 in
1394 3778 1459 3840 cod.
1482 3787 1513 3840 ct
1535 3780 1578 3841 sic
1601 3779 1764 3861 deinceps).

1194 3888 1331 3968 ἔμποροι
1348 3883 1367 3961 ή
1384 3885 1418 3947 σί
1432 3884 1514 3970 ἰπιβ.
1540 3922 1582 3932 -
1599 3922 1640 3932 -
1658 3922 1699 3931 -
1724 3889 1751 3949 εἰ
1767 3885 1800 3949 δὲ
1815 3884 1985 3970 βάλ[λ]ου-

1239 4013 1302 4072 σιν,
1326 3994 1353 4055 εἰ
1376 4000 1438 4055 τοῦ
1460 4029 1501 4039 -
1527 4030 1568 4038 -
1594 3991 1798 4079 διαφθαρεῑ,
1826 3992 1985 4079 όφορτί-

1238 4121 1302 4173 σας
1325 4136 1367 4146 -
1387 4135 1428 4144 -
1452 4095 1519 4162 άπὸ
1542 4109 1601 4179 ἰῆς
1624 4096 1743 4162 ἑαυτὸν
1766 4136 1807 4146 -
1828 4135 1871 4147 —-
1894 4100 1985 4181 άκρι-

1236 4205 1305 4290 βάς
1321 4214 1391 4279 τοῖς
1401 4202 1465 4288 πρὸ
1475 4206 1586 4269 αὐτῶν
1602 4206 1818 4287 πλευσάσασι,
1836 4203 1909 4286 περί
1924 4214 1986 4269 τοῦ

1238 4313 1355 4376 πλοίου
1363 4310 1420 4376 καί
1431 4308 1536 4386 ούτως
1546 4309 1607 4387 τάς
1621 4313 1770 4391 ἰνθήκας
1778 4311 1984 4396 βαλέτωσαν,

1238 4423 1326 4505 εἰπερ
1349 4422 1412 4496 έγει
1436 4419 1563 4493 τελείως
1585 4417 1642 4484 καί
1664 4419 1774 4494 καλῶς
1796 4429 1910 4483 πάσαν
1925 4416 1986 4497 τήν

1238 4526 1405 4609 ἐξόπλισιν
1419 4526 1526 4590 αὐτοῦ
1538 4524 1596 4590 καί
1611 4525 1737 4601 ναύτας
1754 4523 1833 4601 τοὺς
1847 4528 1985 4608 ἀρκοῦν-

1238 4655 1300 4706 τας
1326 4634 1418 4715 edroi
1449 4631 1648 4709 ἐπιτηδείους
1679 4631 1736 4697 καί
1768 4641 1877 4697 ταῦτα
1908 4635 1986 4710 ἐγσν

1238 4740 1355 4819 καλῶς,
1376 4739 1573 4825 βαλέτωσαν
1596 4742 1640 4814 ὡς
1663 4743 1789 4826 εἰρηται
1808 4727 1985 4818 τάςένθή-

1238 4868 1300 4921 κας
1323 4847 1443 4911 αὐτῶν.

1083 4977 1109 5018 c.
1121 4959 1171 5018 12.
1192 4954 1266 5018 Ἐάν
1288 4976 1338 5028 τις
1356 4954 1564 5039 παραθήταί
1579 4938 1610 5016 τι
1627 4958 1661 5017 έν
1676 4954 1788 5037 πλοίῳ,
1811 4953 1863 5018 ἐπὶ
1878 4959 1985 5038 πιστῷ
2104 5018 2107 5023 .

1238 5061 1400 5125 τιθέσθω
1416 5064 1557 5142 πιστικῷ
1572 5059 1655 5142 μετά
1669 5062 1844 5146 μάρτυρας
1859 5062 1888 5143 γ.
1927 5059 1985 5126 έάν

1239 5167 1273 5231 δέ
1288 5171 1372 5250 μέγα
1386 5165 1456 5230 ἐστί
1467 5165 1506 5231 τό
1517 5168 1789 5253 παρατιθέμενον
1801 5167 1858 5232 καί
1868 5170 1985 5255 ἐγγρά·

1239 5272 1330 5362 φως1
1349 5271 1409 5351 τήν
1425 5275 1724 5359 παρακαταθήκην
1739 5274 1868 5339 διδότω.
1907 5279 1934 5340 εἰ
1950 5275 1984 5340 δὲ

1238 5383 1338 5467 εἰπῃό
1354 5389 1464 5446 ταῦτα
1479 5381 1653 5465 δεξάμενος
1668 5382 1861 5468 φυλάσσειν,
1878 5379 1930 5446 ότι
1942 5419 1984 5434 -·

1238 5526 1280 5536 —
1291 5526 1334 5538 -
1342 5487 1401 5553 καί
1411 5489 1520 5552 πόθεν
1529 5497 1631 5554 τοῦτο
1641 5488 1764 5566 ὑπέστη
1782 5524 1821 5537 -
1833 5526 1875 5537 -
1887 5526 1930 5539 -
1941 5526 1982 5537 —

1134 5606 1136 5610 ‘
1237 5601 1264 5659 εἰ
1288 5595 1322 5659 δέ
1344 5594 1387 5678 μή
1412 5594 1519 5678 δείξει,
1547 5593 1670 5670 καθὼς
1696 5596 1863 5681 παρέλαβε
1886 5597 1983 5660 δότω.

1238 5811 1319 5875 λεσα
1342 5810 1485 5896 χρυσίου
1513 5847 1555 5858 -
1583 5847 1625 5858 -
1651 5848 1692 5859 -
1719 5818 1839 5875 ναῦται
1866 5808 1924 5874 καί
1952 5811 1985 5878 οἰ

1154 5952 1165 5985 ¹
1182 5953 1345 6029 ῃεῃγράφως
1361 5950 1422 6007 cod
1460 5950 1535 6009 Num
1552 5950 1703 6025 γεγραφὼς.

1728 6045 1761 6100 22
