4978 7018
886 500 1040 570 LIBER
1061 500 1187 570 XXXI
1231 501 1321 569 ΤΙΤ.
1342 499 1417 569 VH.
2023 501 2066 567 88

240 682 394 765 ξουσίους
416 680 473 748 καί
496 694 555 761 τῆς
577 688 653 766 ἐμῆς
675 684 797 772 ἀφίημι
818 686 939 771 χειρός.
979 684 1138 749 δύνανται
1167 684 1365 767 emancipare,
1396 692 1520 765 nepotes
1552 703 1624 747 vero
1646 683 1774 746 retinere
1804 682 1836 744 in
1862 688 2011 764 potestate
2037 688 2068 744 et

240 788 274 852 δέ
304 791 337 852 οί
362 800 468 871 γονεῖς
494 788 554 855 τόν
580 788 652 855 υίόν
675 800 779 855 ποιεῖν
805 791 1029 876 αὐτεξούσιον,
1061 789 1140 867 τούς
1167 801 1278 856 contre„

240 893 274 958 δέ
289 897 444 976 ἐγγόνους
457 906 592 983 κρατεῖν
601 898 814 982 ύπεξουσίους
822 898 879 963 καί
894 897 934 963 τό
949 897 1139 964 ἀνάπαλιν.1

922 1014 938 1084 5
956 1010 984 1070 6.
999 1007 1025 1069 Ι.
1044 1010 1071 1082 1,
1089 1010 1139 1068 12.

481 1198 600 1254 ΤΙΤΛΟ(
618 1199 679 1268 Ζ”,
699 1200 831 1255 ΒΙΒΛΙΟΥ
848 1202 900 1255 ΛΑ’
1373 1197 1539 1257 TITULUS
1556 1197 1621 1267 VII,
1639 1196 1745 1253 LIBRI
1762 1196 1862 1252 XXXI

239 1324 301 1395 περὶ
320 1322 372 1376 τῶν
394 1320 644 1397 ἀναγινωσκομένων
661 1329 706 1378 κοί
729 1323 946 1399 διατρεφομένων
963 1324 1067 1380 παίδων
1085 1325 1139 1380 ἀπὸ
1215 1325 1250 1381 de
1269 1325 1454 1398 agnoscendis
1472 1331 1502 1380 et
1519 1324 1628 1380 alendis
1645 1323 1741 1380 liberis
1759 1320 1958 1394 aparentibus
1975 1321 2022 1378 vel

420 1413 522 1486 γονέων
539 1411 555 1482 ἢ
573 1413 714 1487 ποτρόνων
732 1413 747 1482 ἢ
767 1415 964 1487 ἀπελευθέρων.
1458 1416 1584 1485 petronis
1601 1413 1648 1469 vel
1664 1412 1781 1469 libertis.

164 1536 202 1589 α’·
310 1535 445 1615 Ψονεύει
478 1536 517 1603 τό
550 1541 743 1623 τικτόμενον
775 1542 815 1605 ού
840 1543 943 1624 μόνον
970 1544 989 1606 ό
1018 1542 1141 1622 πνίγαν
1235 1542 1362 1605 Panium
1385 1541 1495 1604 occidit
1516 1562 1577 1603 non
1599 1541 1698 1602 solum
1719 1539 1772 1620 qui
1794 1538 1934 1613 suffocet,
1962 1537 2017 1599 sed
2038 1544 2070 1598 et
2106 1546 2130 1596 1.

239 1640 326 1708 ἀλλά
355 1642 412 1708 καί
445 1648 464 1709 ό
496 1646 622 1729 ῥίπτων
648 1646 704 1712 καί
733 1650 752 1712 ό
779 1646 823 1730 μὴ
855 1651 989 1735 τρέφων
1019 1647 1075 1712 καί
1108 1653 1142 1711 ἐν
1169 1650 1222 1731 qui
1244 1650 1352 1731 proicit
1374 1658 1405 1711 et
1426 1649 1480 1729 qui
1502 1669 1563 1710 non
1585 1647 1641 1709 elit
1662 1656 1694 1709 et
1715 1647 1747 1708 in
1769 1645 1898 1728 publicis
1920 1643 1995 1707 locis
2018 1663 2069 1705 ex·

240 1749 411 1833 δημοσίοις
433 1755 549 1828 τόποις
571 1754 782 1845 ἐκτιθέμενος
804 1753 855 1821 ἐπί
883 1755 1079 1842 ἐλεημοσύνη
1102 1752 1142 1832 δην
1168 1757 1256 1838 ponit
1277 1756 1497 1818 misenicordice
1518 1756 1624 1836 gretia,
1646 1774 1739 1836 quem
1761 1753 1826 1835 ipss
1848 1772 1910 1813 non
1932 1750 2047 1813 habuit

240 1855 341 1932 αύτδς
364 1859 425 1922 ούκ
447 1858 572 1938 ἐσγεν.1
888 1863 924 1925 fr.
940 1867 970 1926 4.
987 1864 1027 1926 D.
1045 1866 1095 1937 25,
1112 1865 1140 1924 3.
1819 1859 1854 1921 fr·
1870 1861 1900 1920 4·
1916 1858 1956 1920 1)·
1973 1860 2024 1932 25,
2041 1860 2069 1919 3·

307 1962 374 2028 Καί
398 1968 417 2030 ό
441 1966 642 2049 πορνογενης
663 1971 775 2057 τρίψει
798 1968 859 2047 τὴν
873 1956 943 2052 ppo}
960 1968 1016 2033 καί
1039 1955 1141 2054 ilco—p
1234 1970 1278 2033 Et
1298 1970 1391 2051 vulgo
1413 1978 1576 2051 conceptus
1599 1968 1655 2030 nlit
1675 1978 1804 2030 matrem
1825 1985 1953 2046 eumque
1974 1972 2072 2025 meter

240 2068 343 2135 αύτόν
364 2070 422 2136 καί
446 2075 465 2136 ό
487 2071 577 2140 κατά
599 2060 669 2160 ppo}
684 2077 818 2151 πάππος
840 2079 1021 2163 ἀποτρέφει
1040 2075 1097 2140 καί
1121 2079 1140 2141 ό
1168 2087 1200 2142 st
1221 2087 1374 2141 maternus
1397 2097 1473 2140 avus
1496 2076 1551 2139 alit
1573 2085 1603 2139 ct
1625 2084 1713 2157 peter
1734 2073 1829 2136 filiam
1850 2071 2025 2153 legitimam.

239 2163 305 2262 oc—np
329 2177 390 2256 τὴν
412 2180 551 2263 νόμιμον
575 2181 777 2267 nioyocripcc.⁴
866 2184 902 2246 fr.
919 2188 948 2246 5.
965 2191 981 2261 5
998 2184 1084 2247 4-6
1100 2184 1140 2247 ib.
1537 2232 1544 2244 .
1844 2179 1880 2241 fr·
1896 2182 1925 2241 5·
1942 2185 1958 2255 δ
1974 2178 2071 2240 4-6·

312 2283 378 2353 Τόν
401 2288 577 2369 πενόμενον
599 2288 704 2353 παῖδα
725 2289 782 2353 καί
805 2287 848 2372 μὴ
864 2289 1045 2372 δυνάμενον
1059 2291 1141 2372 κάμ-
1235 2294 1363 2375 Inopem
1384 2291 1480 2353 filium
1502 2299 1533 2353 et
1553 2289 1666 2352 loboris
1688 2290 1865 2371 incapacem
1888 2286 1967 2349 clere
1984 2292 2072 2366 peter

240 2413 306 2456 νειν
328 2396 463 2480 τρέφειν
486 2396 505 2457 ό
528 2380 594 2480 ἦρ
617 2395 866 2478 ἀναγκάζεταιθ
980 2398 1015 2459 fr.
1032 2403 1061 2461 5.
1078 2403 1094 2474 5
1113 2403 1140 2460 7.
1170 2402 1295 2482 cogitur.
1908 2392 1944 2454 fr·
1961 2394 1990 2453 5·
2007 2396 2024 2468 i
2043 2393 2071 2452 7·

305 2497 379 2564 Ἐἀν
394 2502 413 2564 δ
426 2485 497 2585 ἀτη-ρ
511 2502 645 2585 ἀρνήσει
666 2500 727 2567 τόν
741 2501 814 2568 υίόν
833 2503 888 2581 llo
909 2501 978 2577 υίδς
998 2502 1058 2568 τδν
1071 2489 1142 2587 π’ρά
1236 2505 1270 2568 Si
1306 2515 1393 2589 pater
1429 2505 1525 2567 filium
1555 2512 1645 2586 neget
1670 2503 1720 2567 vel
1755 2502 1835 2564 filius
1866 2509 1983 2582 patrem
2007 2546 2014 2561 .
2035 2542 2071 2558 ..

240 2609 287 2670 ἀ.
304 2654 311 2669 .
336 2644 378 2654 -
395 2645 437 2655 -
462 2610 481 2671 ό
501 2608 660 2687 δικαστὴς
675 2607 715 2674 τό
731 2609 802 2693 περί
819 2619 938 2674 τοῦτον
953 2610 1143 2675 διακόπτειν
1170 2614 1261 2677 iudex
1284 2615 1322 2676 de
1344 2614 1401 2676 hoo
1423 2613 1559 2677 decidere
1573 2622 1604 2675 et
1619 2612 1656 2673 de
1671 2610 1823 2673 elimentis
1839 2608 1966 2670 iudicet:
1990 2603 2073 2687 quod

239 2711 297 2778 καί
313 2713 385 2797 περὶ
401 2725 460 2792 τῆς
479 2727 608 2803 τροφῆς
630 2718 829 2804 ψηφίζεται·
852 2722 878 2781 εί
902 2718 937 2781 δέ
958 2720 1141 2806 ψηφίζεται
1171 2722 1196 2783 si
1217 2722 1394 2802 pronuntiet
1415 2724 1458 2783 cli
1476 2722 1573 2785 όεδενε
1587 2740 1647 2781 non
1663 2718 1737 2780 fecit
1751 2715 1971 2799 praeiudicium
1986 2710 2074 2775 elteri

240 2832 408 2907 τροφῆναι
438 2822 477 2884 ού
504 2832 594 2887 ποιεῖ
616 2825 785 2908 πρόκριμα
812 2827 853 2910 τῇ
880 2827 977 2909 ἐτέρρι
998 2826 1142 2905 ζητήσει·
1170 2828 1350 2909 quaestioni
1374 2846 1436 2890 non
1458 2829 1538 2891 enim
1561 2827 1677 2889 indicat
1698 2824 1795 2886 filium
1818 2843 1891 2886 esse

241 2928 281 2990 ού
303 2925 368 3011 γάρ
392 2930 575 3015 ψηφίζεται
600 2927 673 2994 υίόν
695 2926 790 2995 sicci:
807 2967 849 2977 —
916 2931 952 2993 fr.
969 2936 998 2994 5.
1015 2940 1031 3010 5
1048 2936 1143 2996 8-9.
1845 2930 1883 2993 fr·
1899 2934 1929 2995 5·
1945 2935 1962 3007 i
1980 2926 2076 2990 8‘9·

311 3033 358 3099 oo
379 3035 482 3117 μόνον
504 3039 637 3124 τρέφειν
653 3039 686 3101 ol
700 3047 806 3118 γονεῖς
821 3039 1067 3119 ἀναγκάζονται
1084 3036 1144 3103 τόν
1236 3042 1307 3104 Non
1330 3041 1428 3103 solum
1451 3041 1531 3103 clere
1553 3049 1693 3122 picentes
1716 3038 1814 3101 filium
1837 3047 1997 3121 coguntur,
2024 3030 2078 3095 sed

241 3140 360 3205 παῖδα·
385 3140 472 3206 ἀλλά
490 3140 546 3206 καί
567 3141 612 3208 τά
631 3142 731 3208 λοιπά
754 3144 845 3230 βάρη
865 3154 1023 3230 χορηγεῖν
1042 3147 1142 3228 αύτῷ.
1171 3158 1270 3211 cetere
1292 3169 1410 3230 quoque
1433 3168 1524 3211 onere
1546 3149 1573 3211 ei
1595 3148 1750 3229 praebere.
1894 3147 1931 3213 fr.
1948 3151 1976 3212 5.
1993 3149 2010 3223 5
2029 3141 2079 3202 12·

959 3254 995 3315 fr.
1012 3257 1040 3316 5.
1058 3260 1074 3330 5
1095 3257 1143 3316 12.

307 3354 337 3420 '0
369 3354 582 3439 αὐτεξούσιος
613 3356 739 3442 ἀνηβος
770 3360 946 3441 πενόμενον
977 3357 1037 3424 τόν
1073 3346 1145 3444 π-ρα
1237 3362 1336 3424 Filius
1359 3363 1570 3444 emancipatus
1585 3362 1711 3445 inopem
1725 3375 1848 3447 petrem
1863 3370 1944 3434 alere
1958 3359 2084 3443 cogitur.

241 3465 375 3549 τρίψειν
398 3464 634 3543 ἀναγκάζεταιε
651 3502 693 3512 -
959 3467 996 3531 fr.
1012 3473 1041 3530 5.
1058 3475 1074 3545 5
1094 3471 1143 3528 13.
1904 3480 1940 3544 fr.
1957 3477 1986 3539 5.
2002 3474 2018 3546 δ
2037 3464 2088 3524 13·

304 3554 627 3654 Ἡμ-ηράναγκαιάς
641 3570 881 3656 ἀποθρέψασα
895 3571 956 3650 τὴν
966 3574 1144 3658 θυγατέρα
1237 3576 1338 3638 Meter
1369 3595 1448 3656 quse
1473 3579 1648 3642 necessario
1674 3580 1775 3647 filiam
1802 3587 1884 3655 nluil
1906 3607 1976 3655 cnm
2001 3569 2091 3640 modo

240 3674 297 3740 καί
326 3680 517 3761 συμμέτροις
544 3679 682 3741 ἀπαιτεῖ
700 3676 760 3742 τὸν
781 3664 852 3764 π-ρα
904 3726 913 3758 ,
939 3681 979 3743 ού
1000 3678 1064 3762 μὴν
1086 3678 1144 3745 ἐάν
1170 3684 1260 3747 etism
1275 3683 1353 3765 petit
1376 3702 1395 3744 ε
1416 3691 1520 3763 petre:
1544 3705 1608 3748 non
1624 3709 1698 3753 vero
1723 3695 1751 3756 si
1774 3717 1816 3760 ex
1829 3710 1971 3765 materno
1986 3683 2096 3754 affectu

243 3787 350 3862 σχέσει
374 3787 516 3870 μητρικῇ
544 3783 749 3863 ἐδαπάνησεν
771 3784 836 3850 κάν
859 3784 952 3871 παρὰ
976 3796 1037 3851 τοῦ
1060 3774 1144 3873 ἀρ’-ος
1170 3789 1326 3872 impendit,
1349 3789 1470 3851 etiamsi
1494 3794 1582 3874 opud
1606 3807 1730 3879 patrem
1755 3806 1832 3874 elan
1917 3811 1954 3875 fr.
1970 3808 1999 3870 5.
2015 3800 2031 3872 δ
2049 3789 2100 3850 14·

242 3890 467 3976 διατρέφεται.
959 3896 995 3957 fr.
1012 3901 1041 3959 5.
1058 3903 1074 3973 5
1094 3899 1142 3959 14.

175 3997 209 4057 cp
310 3997 524 4081 Χρεαστεῑό
552 4007 629 4073 παῖς
652 4002 786 4086 τρέφειν
813 3998 873 4065 τόν
896 3987 967 4087 πρά
988 4000 1074 4067 ἀλλά
1100 4001 1143 4084 μὴ
1236 4002 1339 4065 Debet
1360 4002 1444 4067 filius
1473 4005 1562 4073 clere
1590 4024 1731 4098 petrem3
1763 4045 1829 4091 non
1852 4038 1981 4097 verost
2006 4008 2110 4083 debile
2148 4009 2256 4087 Νο[ἐο].

242 4101 285 4168 τά
305 4107 391 4188 χρέα
413 4103 572 4187 πληροῦνι
596 4143 638 4153 -
1171 4110 1294 4172 solvere

308 4210 376 4275 Kal
404 4209 443 4275 6⁶
471 4211 611 4297 εύπορος
639 4216 848 4298 στρατιώτης
874 4218 1056 4302 ἀποτρέφει
1083 4212 1170 4301 τὸν,
1237 4217 1342 4278 Etiam
1374 4217 1469 4283 miles
1503 4225 1655 4317 locuples
1687 4252 1815 4323 petrem
1848 4251 1919 4317 nlic-
1955 4265 2016 4314 non
2046 4243 2117 4295 V0¹⁰

242 4303 323 4403 π-ρα,
361 4319 401 4381 ού
435 4316 499 4400 μὴν
529 4316 586 4382 καί
616 4323 703 4404 χρία
734 4320 813 4407 ύπέρ
849 4331 911 4385 τοι]
937 4307 1000 4401 π-ρς
1027 4323 1046 4384 ό
1073 4319 1143 4395 υἱός
1171 4324 1263 4385 etism
1286 4343 1338 4386 ces
1363 4323 1508 4394 alienum
1532 4357 1596 4419 pro
1625 4357 1719 4429 petre
1745 4352 1833 4420 filins
1857 4301 1977 4444 cogitur
1998 4345 2121 4416 solvere.

244 4426 464 4505 ἀναγκάζεται
485 4424 628 4489 διδόναιε
645 4423 707 4473 -⁷
959 4430 994 4491 fr.
1011 4432 1039 4491 5.
1056 4436 1072 4506 5
1092 4433 1142 4490 16.
1945 4470 1973 4532 fr
1997 4465 2025 4525 5,
2041 4456 2057 4530 ρ
2075 4442 2124 4505 16.

304 4530 337 4596 «0
356 4532 562 4616 κληρονόμος
581 4541 643 4595 τοῦ
662 4535 735 4597 υἱοῦ
754 4535 977 4615 ἀναγκάζεται
998 4532 1058 4599 τόν
1072 4521 1143 4618 πρά
1239 4536 1343 4600 Heres
1375 4539 1436 4605 filii
1471 4551 1606 4633 oogstm
1633 4573 1762 4646 pamm
1794 4572 1887 4652 alm,
1920 4579 1946 4641 si
1970 4515 2060 4637 'valde
2085 4551 2128 4611 in.

246 4642 375 4724 τρέψειν
397 4643 424 4703 ελ
445 4650 557 4713 κακῶς
581 4642 725 4703 πένεταιι
743 4677 785 4687 -
958 4641 994 4704 fr.
1011 4647 1040 4703 5.
1057 4649 1073 4719 5
1093 4645 1143 4703 17.
1174 4643 1290 4725 digect„
1950 4679 2029 4744 Η,
2046 4673 2062 4745 ρ
2080 4658 2129 4720 17.

306 4744 403 4830 Πρός
425 4744 485 4824 τὴν
510 4747 628 4810 ούσιάν
646 4749 828 4835 ἀποτρέψει
852 4744 911 4811 τόν
930 4749 1061 4830 ἀπορον
1083 4749 1145 4812 πά·
1247 4750 1435 4818 Secundum
1464 4763 1557 4832 vires
1589 4782 1778 4857 patrimonii
1806 4788 1865 4851 elil
1890 4727 2009 4870 inoff
2034 4778 2132 4858 petro

247 4873 356 4935 τρονα,
380 4853 420 4915 ού
434 4851 498 4934 μὴν
517 4850 577 4917 τόν
592 4851 712 4918 ἑαυτὸν
727 4854 931 4939 ἀποδρέψαι
951 4853 1146 4936 δυνάμενον.
1177 4879 1258 4920 num
1282 4859 1458 4946 (libertus);
1483 4891 1556 4938 non
1581 4903 1663 4951 vero

311 5065 358 5131 Ού
384 5066 553 5149 πάντοτε,8
585 5065 671 5132 ἀλλά
702 5078 760 5144 της
792 5067 902 5140 αἰτίας
929 5065 1152 5148 διαγινωσκο·
1256 5074 1336 5139 Non
1361 5083 1522 5161 omnin0,1
1555 5097 1618 5159 sed
1643 5121 1742 5166 (ΜΕ
1764 5106 1895 5186 mim
1918 5042 1991 5172 ,ρρρρο
2009 5109 2080 5156 m
2106 5090 2149 5180 es*

120 5188 220 5256 folio.
251 5176 336 5254 μάνης
358 5177 472 5262 τρέφει
494 5173 551 5239 καί
567 5176 681 5249 αύτοῖς
704 5171 770 5259 γὰρ
792 5171 991 5258 ὑπηρετικὴν
1007 5174 1153 5238 ἀκολου·
1185 5180 1269 5261 ipsis
1294 5184 1465 5251 subditum
1488 5194 1689 5283 obsequium
1712 5209 1879 5290 [exhibere]
1900 5209 1995 5269 debet

252 5279 329 5345 θίαν
349 5291 519 5367 χρεωστεῖ.
961 5280 996 5341 fr.
1014 5284 1044 5342 5.
1062 5287 1079 5357 5
1099 5285 1156 5344 20.
1953 5311 1982 5369 fi
2006 5308 2068 5365 μ
2085 5294 2139 5353 *d

308 5386 354 5452 Οὐ
367 5388 742 5476 τρέψειόάπελεύθερος
753 5395 814 5450 τοῦ
825 5385 1059 5469 ἀπελευθέρου
1076 5388 1161 5452 σύτε
1268 5398 1352 5462 Non
1376 5403 1436 5467 elit
1458 5404 1600 5476 libertus
1623 5416 1730 5481 liberti
1757 5437 1852 5498 neque
1876 5417 1903 5476 i·
1923 5356 2034 5493 qni-u
2055 5402 2141 5467 §is

255 5492 366 5559 όκατά
382 5495 635 5583 φιδεικόμισσον
657 5491 901 5577 ἐλευθερωθεὶς
918 5493 995 5555 οὔτε
1014 5494 1034 5554 ό
1055 5493 1165 5570 ἰδίοις
1197 5508 1380 5571 commisso
1397 5520 1447 5573 θη
1461 5520 1683 5586 mmmm
1700 5544 1798 5604 mque
1817 5524 1844 5582 j,
1863 5523 1915 5599 (μή
1928 5522 1990 5579 33
2003 5512 2143 5578 mais

315 5691 375 5746 ιετ
388 5689 454 5761 Syn.
467 5690 573 5746 habent
584 5691 615 5745 F.
628 5689 665 5744 H.
739 5686 854 5757 'vulgo
868 5685 903 5749 ς’.
978 5683 1172 5745 ‘enlin-m,
1292 5699 1448 5771 xpnbem
1466 5712 1585 5776 paboni
1602 5711 1724 5767 mm,
1738 5712 1798 5765 ὠ.
1812 5711 1914 5778 ῃ

258 5778 355 5850 elSyn.
373 5780 405 5835 F.
423 5780 461 5835 H.
550 5777 646 5850 ⁴syn.
667 5778 697 5831 F.
717 5775 754 5830 Η.
847 5774 858 5806 ⁸
895 5771 965 5844 Syn.
984 5772 1018 5827 F.
1039 5772 1080 5828 H.
1789 5773 1796 5779 ’

259 5866 359 5924 ‘simil
387 5870 457 5939 Epc„
485 5874 568 5924 aucte
590 5865 714 5933 XLVII,
734 5869 759 5918 ῖ.
853 5860 927 5917 'Oi
952 5859 1024 5932 Syn.
1044 5871 1181 5935 propter

260 5957 340 6014 nltinc
357 5958 452 6015 verbs
537 5955 684 6026 ‘Supplez
708 5952 773 6016 τοὺς
791 5952 840 6005 τοῦ
858 5951 1006 6021 πάτρωνος
1024 5950 1143 6016 παῖδας
1166 5956 1184 6011 δ

263 6046 427 6121 ἀπελεύθερος
444 6049 544 6120 τρέφει.
564 6045 607 6101 cf.
626 6045 801 6114 Epcnngoge
820 6045 906 6094 aucta
924 6038 1111 6109 XXXVIII,
1133 6049 1186 6100 611.

310 6146 369 6188 sun
389 6146 474 6188 nvn.
