4842 7018
429 449 491 512 116
1000 443 1178 509 CAPITA
1201 441 1349 508 LEGIS
1371 441 1680 509 RHODIORUM.

427 633 583 714 ἔγγραφοι
602 627 635 691 δέ
652 626 936 714 συνεσφράγισαν,
960 621 1017 688 διά
1033 624 1067 687 δὲ
1083 621 1161 701 τήνι
1177 621 1332 705 ἐμπόδιον
1360 625 1538 704 signaverit,
1565 636 1689 708 propter
1710 626 1958 707 impedimentum
1985 631 2083 711 perdit
2109 646 2242 697 mercator

428 732 601 799 daditsts²
633 731 693 797 τὸν
724 737 869 816 ἔμπορον
900 729 945 796 τά
977 727 1168 813 ήμίναυλα.8
1212 728 1269 794 sev
1297 730 1331 793 δὲ
1359 732 1518 793 dimidium
1533 733 1625 794 nauli
1663 733 1744 814 quod
1760 734 1785 795 si
1801 736 1951 815 magister,
1974 738 2168 801 instrumento
2183 762 2241 803 con·

428 844 447 905 ό
475 840 661 924 ναύκληρος
693 851 760 904 τῶν
791 841 971 925 ἐγγράφων
1002 841 1182 919 γενομένων
1210 836 1332 913 ἀλλην4
1359 839 1451 913 fecto,
1484 839 1573 900 aliter
1598 839 1717 914 fecerit,
1748 839 1858 902 reddat
1883 843 1915 903 in
1947 843 2074 924 duplum
2101 847 2181 908 nauli
2207 849 2243 909 di·

429 949 560 1034 ποιήσῃ,
584 947 685 1011 διπλᾶ
708 946 898 1012 ἀποδιδότω
922 944 966 1010 τά
988 945 1162 1027 ήμίναυλα.
1359 945 1493 1006 midium.

375 1064 391 1117 ¹.
493 1053 567 1119 Ἐἀν
590 1057 609 1131 ή
633 1055 830 1138 προθεσμία
849 1065 915 1117 τῶν
930 1056 1058 1138 ήμερῶν
1074 1063 1141 1116 τῶν
1155 1057 1331 1135 ἐγγεγραμ-
1425 1052 1459 1113 Si
1486 1054 1632 1115 terminus
1659 1053 1776 1115 dierum
1803 1055 2002 1118 instrumente
2033 1058 2244 1138 comprehensa
2271 1073 2300 1122 u

428 1165 534 1243 μένων
561 1161 717 1246 παρέλθῃ
744 1166 804 1236 ἕως
832 1164 960 1246 ήμερων
988 1159 1080 1240 δέκα,
1114 1162 1284 1242 παρεχέτω
1311 1160 1330 1221 ό
1359 1180 1425 1220 rum
1448 1162 1636 1241 praeterierit
1653 1182 1749 1243 usque
1766 1161 1805 1222 ad
1821 1162 1885 1225 dies
1900 1163 2014 1236 decem,
2037 1174 2167 1244 praestet
2180 1187 2244 1228 mer-

428 1272 571 1351 ίμπορος
599 1266 660 1343 τάς
688 1267 886 1352 σιταρχίαςῦ
917 1278 984 1330 τῶν
1016 1277 1156 1329 ναυτῶν.
1207 1262 1265 1328 ὲάν
1296 1264 1330 1327 δὲ
1359 1276 1444 1329 cator
1474 1267 1589 1329 cibaria
1619 1269 1728 1330 nautis.
1782 1268 1862 1349 quod
1894 1270 1919 1330 si
1951 1280 1983 1331 et
2010 1270 2088 1332 alter
2114 1274 2244 1335 terminus

429 1377 585 1461 παρέλθῃ
608 1374 666 1439 καί
689 1377 709 1452 ή
733 1375 870 1458 δευτέρα
886 1375 1090 1459 προθεσμία,
1115 1371 1180 1457 πρὸ
1196 1374 1331 1435 πάντων
1358 1375 1553 1455 praeterierit,
1577 1384 1647 1436 ante
1669 1375 1770 1437 omnia
1785 1375 1878 1437 naulo
1892 1376 1983 1456 plene
1998 1377 2098 1439 solato
2114 1391 2246 1442 mercator

429 1485 605 1565 πληρώσας
633 1479 673 1546 τὸ
696 1483 817 1546 ναῦλον
841 1485 859 1545 ό
883 1485 1025 1563 ἔμπορος
1047 1480 1257 1557 κατεχίσθω.
1304 1482 1330 1542 εί
1359 1490 1456 1543 exeat
1494 1482 1575 1562 qaod
1598 1482 1623 1543 si
1646 1482 1776 1544 voluerit
1797 1492 1945 1545 mercator
1968 1505 2117 1545 summam
2140 1486 2245 1562 addere,

429 1591 463 1655 δὲ
491 1591 627 1668 θελήσει
651 1592 670 1653 ό
697 1594 840 1671 ἔμπορος
864 1588 1058 1672 προσθήναι
1083 1589 1266 1665 ποσότητα,
1290 1582 1329 1649 τὸ
1359 1588 1483 1649 naulum
1508 1588 1609 1651 solvat
1630 1600 1662 1650 et
1684 1589 1804 1663 adiciat,
1827 1590 1977 1669 quomodo
2000 1594 2148 1653 convenit

429 1695 570 1762 ναῦλουο
594 1696 715 1760 διδότω
738 1694 794 1759 καί
814 1696 973 1775 ἐμπλεέτω
992 1692 1114 1768 καθὼς
1137 1691 1195 1757 ὲάν
1218 1692 1308 1779 δόξῃ.

340 1814 392 1877 ις).
494 1805 568 1869 ’Etis
597 1825 685 1877 τινος
713 1813 780 1865 τῶν
807 1812 938 1866 ναυτῶν
965 1802 983 1879 ή
1007 1801 1201 1883 ναυκλήρων
1228 1805 1330 1863 ὲκκοι·
1420 1802 1462 1875 Si,
1478 1823 1548 1864 oum
1563 1802 1686 1882 quidam
1702 1812 1864 1864 nautarum
1879 1804 1930 1865 vel
1945 1805 2156 1884 magistrorum
2172 1817 2246 1868 extra
2273 1819 2301 1867 tt.

430 1919 569 1984 τσῦντος
587 1917 623 1973 ὲκ
638 1919 699 1973 τοῦ
714 1910 839 1989 πλοιόυ,
863 1909 973 1995 συμβῇ
989 1908 1154 1971 ἀπώλειαν
1169 1908 1329 1988 γενέσθαι
1358 1929 1466 1971 navem
1489 1909 1670 1983 dormiisset,
1698 1910 1860 1989 contigerit
1881 1910 1983 1972 navim
2010 1912 2110 1991 perire
2132 1913 2246 1974 interdiu

431 2026 492 2081 τοῦ
514 2017 631 2081 πλοίου
653 2014 772 2090 νυκτὸς
795 2016 814 2092 ή
837 2019 972 2098 ἡμέρας,
995 2025 1109 2079 πᾶσαν
1131 2013 1192 2091 τήν
1214 2014 1331 2095 ζημίαν
1359 2017 1408 2078 vel
1431 2026 1530 2090 noctu,
1554 2037 1642 2078 omne
1665 2017 1878 2079 detrimentum
1901 2018 1941 2078 ad
1963 2028 2076 2081 nautas
2099 2020 2147 2081 vel
2168 2021 2247 2099 magi·

431 2129 561 2210 ἐφορᾶν
584 2121 661 2198 τοὺς
683 2124 745 2206 ἔξω
760 2125 982 2204 κΙοιτ]οῦντας
1006 2121 1129 2196 ναύτας
1152 2121 1171 2198 ή
1194 2120 1331 2196 ναυκλή·
1360 2133 1437 2184 stros
1464 2124 1535 2185 foris
1563 2125 1709 2186 cubantes
1737 2133 1861 2206 spectat
1906 2125 2028 2188 sivero
2057 2126 2110 2207 qui
2136 2127 2167 2187 in
2187 2130 2248 2189 navi

432 2253 523 2313 ρους·
547 2229 625 2303 τοὺς
648 2229 681 2293 δὲ
705 2235 749 2303 εἰς
772 2228 811 2293 τὸ
835 2230 951 2293 πλοῖον
978 2231 1153 2310 μείναντας
1176 2229 1332 2309 ἀζημίους
1360 2231 1538 2304 manserint,
1576 2232 1673 2292 securi
1704 2242 1806 2306 erunt;
1844 2232 1897 2312 qui
1935 2242 2037 2294 autem
2070 2233 2249 2313 neglegentes

431 2342 549 2420 μένειν·
573 2334 651 2411 τοὺς
674 2336 708 2399 δὲ
732 2338 962 2418 ἀμελήσαντας
980 2339 1182 2423 προσφέρειν
1198 2337 1245 2415 τῷ
1262 2333 1332 2396 δεσ-
1360 2335 1484 2411 fuerint,
1511 2337 1543 2397 hi
1570 2339 1659 2400 navis
1686 2339 1807 2400 domino
1835 2338 1967 2400 referent
1993 2340 2153 2414 damnum,
2180 2341 2249 2421 quod

432 2446 517 2530 πότῃ
550 2453 610 2508 τοῦ
637 2445 754 2508 πλοίου
781 2443 841 2520 τήν
869 2440 926 2507 διά
957 2454 1015 2520 τῆς
1045 2442 1157 2506 αὐτῶν
1183 2441 1333 2523 ἀμελείας
1360 2452 1484 2524 propter
1506 2464 1611 2505 eorum
1634 2444 1755 2526 culpam
1778 2445 1892 2507 factum
1916 2456 1971 2508 est

432 2554 693 2636 προςγενομίνην
716 2552 842 2631 ζημίαν.

379 2666 394 2719 ’.
496 2655 571 2721 Ἑάν
598 2658 714 2721 πλοῖον
741 2659 925 2740 ἀπέρχηται
954 2660 998 2730 είς
1020 2657 1125 2737 γόμον
1147 2653 1333 2736 ίμπόρουή
1428 2655 1461 2718 si
1483 2658 1692 2738 proficiscatur
1713 2660 1800 2722 navis
1816 2680 1884 2721 cum
1905 2680 1995 2722 onere
2010 2680 2051 2721 ex
2066 2659 2250 2723 conductione
2276 2670 2304 2719 a.

431 2766 619 2844 κοινωνίας,
649 2764 757 2850 συμβῇ
785 2764 819 2827 δὲ
848 2762 887 2827 τὸ
916 2764 1031 2827 πλοῖον
1054 2763 1194 2842 παθεῖν,
1223 2759 1333 2838 ήδια·
1362 2764 1411 2825 vel
1441 2784 1479 2825 ex
1507 2765 1650 2828 societate
1676 2775 1706 2828 et
1733 2766 1889 2846 contingat
1915 2769 2018 2829 navim
2050 2767 2250 2828 detrimentum

433 2868 644 2959 φθαρεῑυαι7
670 2869 761 2935 κατά
788 2872 940 2953 ἀμέλειαν
973 2880 1039 2933 τῶν
1071 2880 1201 2932 ναυτῶν
1228 2867 1247 2944 ή
1274 2876 1335 2930 τοῦ
1362 2871 1426 2951 pati
1449 2870 1498 2933 vel
1521 2872 1618 2951 perire
1640 2882 1763 2953 propter
1789 2883 1952 2935 nautarum
1979 2875 2117 2955 culpam,
2144 2895 2252 2936 securae

433 2979 628 3061 ναυκλήρου,
652 2978 814 3043 ἀκίνδυνα
832 2982 907 3041 είτω
923 2975 967 3041 τά
982 2978 1111 3063 φορτία
1126 2973 1170 3039 τά
1185 2981 1218 3038 ἐν
1234 2974 1335 3057 όρίῳ8
1362 2988 1451 3039 erunt
1477 2998 1592 3039 merces
1619 2979 1651 3040 in
1679 2979 1787 3041 horreo
1810 2982 1935 3061 positae.
1981 2982 2066 3061 quod
2089 2982 2116 3042 si
2138 2981 2252 3043 testibus

432 3086 571 3166 κείμενα.
618 3089 644 3147 εί
667 3084 702 3149 δὲ
724 3085 930 3171 μαρτυρηθῇ
957 3082 1008 3147 ὅτι
1037 3084 1136 3164 ζάλης
1163 3085 1335 3164 γενομένης
1362 3085 1454 3146 fuerit
1475 3085 1637 3167 probatum
1665 3088 1768 3150 navim
1796 3098 1921 3169 propter
1950 3097 2164 3169 tempestatem
2189 3090 2252 3168 peri·

434 3193 593 3270 ἀπώλετο,
617 3197 661 3265 είς
684 3191 853 3276 συμβολὴν
868 3193 1091 3276 ὲρχέσθωσαν
1106 3188 1150 3254 τά
1166 3189 1335 3269 σωζόμενα
1362 3192 1434 3265 isse,
1462 3191 1502 3252 ad
1525 3192 1777 3255 contributionem
1800 3195 1926 3257 veniant
1947 3214 2026 3275 quae
2051 3204 2173 3256 servata
2193 3204 2253 3255 sunt

434 3308 495 3362 τοῦ
518 3299 635 3362 πλοίου
661 3295 732 3379 ἀμα
757 3296 815 3361 καί
839 3299 1002 3384 φορτίοις.
1044 3294 1088 3361 τά
1110 3296 1144 3361 δὲ
1172 3296 1336 3378 ήμίναυλα
1363 3298 1400 3359 de
1422 3299 1495 3360 navi
1517 3319 1670 3361 unacum
1693 3300 1853 3362 mercibus.
1899 3302 1983 3363 nauli
2005 3323 2082 3365 vero
2110 3300 2252 3361 dimidium

432 3409 598 3482 κατεχέτω
626 3407 645 3468 ό
673 3404 865 3488 ναύκληρος.
916 3401 974 3467 ὲάν
1006 3403 1040 3467 δέ
1071 3427 1121 3477 τις
1149 3403 1334 3483 ἀρνήσηται
1363 3405 1507 3483 magister
1532 3406 1669 3468 retineat
1714 3407 1796 3487 quod
1823 3409 1849 3469 si
1876 3410 1944 3489 quis
1971 3419 2065 3488 neget
2093 3408 2252 3470 societatem

434 3512 494 3591 τήν
516 3513 694 3577 κοινωνίαν
716 3510 773 3576 καί
792 3512 937 3598 ἐλεγχθῇ
953 3509 1015 3576 ὑπὸ
1030 3510 1210 3594 μαρτύρων
1225 3519 1335 3594 τριῶν,
1362 3512 1526 3574 consistere
1549 3522 1580 3574 et
1602 3514 1698 3576 tribus
1720 3515 1849 3577 testibus
1872 3516 1963 3578 fuerit
1984 3517 2154 3588 convictus,
2176 3516 2253 3577 socie

435 3619 495 3697 τήν
517 3620 575 3702 μὲν
597 3622 775 3683 κοινωνίαν
797 3618 1001 3697 ἀποδιδότω,
1030 3629 1087 3695 τῆς
1110 3618 1144 3680 δὲ
1168 3617 1335 3700 ἀρνήσεως
1363 3620 1434 3681 tatis
1456 3619 1579 3700 quidem
1602 3620 1738 3682 debitum
1761 3621 1916 3702 persolvat
1938 3631 1970 3683 et
1983 3622 2174 3685 infitiationis
2194 3642 2253 3703 poe

435 3726 495 3805 τὴν
517 3727 680 3809 τιμωρίαν
702 3726 896 3808 ὑπομενέτω.
1363 3745 1434 3787 nam
1457 3726 1614 3789 sustineat

391 3881 397 3894 .
499 3829 573 3895 Ἐἀυ
596 3833 712 3896 πλοῖον
734 3838 768 3896 ἐν
790 3837 831 3918 τῇ
846 3831 967 3918 ἐμβολῇ
983 3832 1174 3917 ἐμποδισθῇ
1197 3825 1259 3893 ύπὸ
1276 3837 1336 3891 τοῦ
1430 3831 1463 3893 Si
1485 3833 1572 3895 navis
1594 3835 1627 3894 in
1649 3836 1823 3897 oneratione
1845 3836 2027 3916 impediatur
2053 3857 2074 3897 a
2102 3846 2255 3897 mercatore
2280 3844 2306 3890 ‘tt

435 3941 580 4024 ἐμπόρου
603 3939 621 4016 ή
644 3948 817 4018 κοινωνοῦ,
846 3940 1079 4024 πληρωθείσης
1102 3949 1160 4014 τῆς
1188 3937 1336 4019 προθεσ-
1363 3939 1414 4001 vel
1436 3960 1457 4001 a
1478 3940 1566 4014 socio,
1589 3962 1658 4003 cum
1680 3941 1771 4003 fuerit
1791 3951 1911 4022 tempus
1937 3944 2113 4024 impletum,
2142 3954 2172 4004 et
2197 3962 2255 4003 oon·

435 4047 525 4127 μίας,
553 4044 610 4109 καὶ
638 4044 747 4133 συμβῇ
775 4044 842 4110 ἀπὸ
870 4047 1050 4129 πηρατείας
1077 4044 1097 4122 ί)
1125 4053 1289 4128 πυρκαϊᾶς
1317 4042 1336 4120 ή
1364 4047 1462 4125 tingat
1492 4047 1659 4127 piratarum
1682 4049 1733 4111 vel
1764 4049 1897 4110 incendii
1923 4050 1972 4111 vel
1998 4051 2153 4129 naufragii
2175 4068 2255 4111 causa

435 4153 598 4232 ναυαγίου
620 4153 787 4216 ἀπώλειαν
809 4154 969 4234 γενέσθαι
993 4161 1054 4215 τοῦ
1070 4153 1195 4232 πλοίου,
1219 4147 1337 4227 otest
1364 4154 1467 4216 navim
1490 4155 1596 4235 perire,
1619 4155 1645 4216 is
1668 4157 1720 4235 qui
1735 4155 1984 4236 impedimentum
2001 4157 2108 4219 attulit
2123 4159 2256 4219 damnvm

436 4258 592 4340 ἐμπόδιον
615 4260 756 4336 ποιήσας
778 4262 957 4344 είσφερέτω
981 4256 1042 4332 τάς
1065 4260 1188 4340 ζημίας.
1364 4261 1487 4322 reficiat

382 4372 399 4427 '.
500 4363 579 4430 Ἐἀν
595 4370 613 4430 ὸ
630 4370 771 4448 ἔμπορος
786 4371 820 4429 ἐν
835 4371 882 4448 τῷ
898 4368 999 4448 τόπιμ,
1013 4364 1099 4429 ὅθεν
1115 4366 1337 4451 συγγράφων-
1431 4368 1464 4430 si
1486 4379 1636 4431 mercator
1657 4370 1690 4430 in
1713 4390 1748 4431 eo
1770 4370 1846 4444 loco,
1870 4369 1908 4430 de
1930 4391 1991 4450 quo
2013 4370 2046 4430 in
2063 4371 2183 4452 scriptis
2197 4390 2257 4431 con·
2282 4376 2309 4425 tt.

436 4496 501 4554 ται,
528 4473 571 4555 μὴ
599 4474 759 4559 παράσχῃ
788 4471 831 4536 τά
859 4475 987 4559 φορτία
1014 4473 1249 4553 πληρωθείσης
1281 4485 1338 4549 τῆς
1365 4475 1457 4548 venit,
1480 4496 1540 4537 non
1561 4476 1747 4555 praestiterit
1768 4497 1893 4549 merces,
1919 4477 2045 4557 impleto
2074 4486 2214 4558 temporo,
2233 4484 2258 4536 et

437 4581 650 4665 προθεσμίας
677 4578 734 4643 καί
762 4582 872 4665 συμβῇ
901 4577 967 4643 ἀπὸ
1000 4582 1181 4661 πηρατείας
1214 4580 1232 4656 i]
1260 4602 1338 4663 πυρ-
1366 4583 1523 4662 contingat
1545 4582 1712 4663 piratarum
1726 4583 1778 4646 vel
1792 4584 1924 4645 incendii
1939 4584 1989 4646 vel
2003 4585 2158 4665 naufragii
2176 4602 2258 4645 cansa

436 4698 535 4762 καϊάς
567 4686 586 4764 ή
618 4689 780 4768 ναυαγίου
812 4687 978 4750 ἀπώλειαν
1005 4687 1179 4766 γενέσθαι,
1210 4692 1339 4772 ἐφορᾶν
1366 4689 1521 4750 interitum
1543 4689 1614 4763 fieri,
1637 4709 1726 4751 omne
1748 4689 1893 4751 damnum
1912 4690 2000 4753 navis
2016 4691 2057 4752 ad
2073 4698 2257 4752 mercatorem

438 4805 551 4858 πᾶσαν
573 4791 634 4871 τήν
656 4795 773 4875 ζημίαν
795 4803 858 4857 τοῦ
875 4794 991 4856 πλοίου
1006 4791 1066 4857 τόν
1090 4797 1243 4875 ἔμπορον.
1282 4790 1339 4857 ὲάν
1367 4804 1492 4876 spectat
1539 4797 1620 4875 quod
1647 4796 1673 4858 si
1699 4797 1834 4859 nondum
1861 4797 1994 4877 impletis
2026 4797 2137 4859 diebus
2164 4795 2258 4858 statuti

438 4902 481 4982 δέ,
504 4899 547 4983 μή
571 4901 818 4984 πληρωθέντων
826 4898 853 4936 ¹⁰
875 4910 942 4963 τῶν
965 4901 1092 4981 ήμερῶν
1115 4912 1173 4977 της
1192 4900 1339 4984 προθεσ-
1367 4902 1510 4983 temporis
1533 4903 1605 4983 quid
1620 4904 1769 4965 dictorum
1785 4904 1936 4978 acciderit,
1960 4904 1999 4965 ad
2014 4904 2258 4966 contributionem

438 5009 527 5089 μίας,
560 5007 670 5092 συμβῇ
701 5030 733 5071 τι
765 5017 833 5071 τῶν
869 5009 1056 5090 είρημέυων,
1095 5011 1139 5082 είς
1171 5005 1340 5091 συμβολήν
1366 5009 1498 5071 veniant

438 5115 670 5199 ἐρχέσθωσαν.

385 5227 401 5280 '.
502 5218 577 5284 Ἐἀν
600 5222 776 5303 όὲμπορος
791 5223 976 5307 φορεούσας
995 5219 1035 5285 τὸ
1051 5221 1176 5301 πλοῖον,
1196 5222 1339 5305 χρυσιόν
1433 5222 1465 5285 Si
1488 5232 1637 5285 mercator
1662 5244 1772 5285 navem
1795 5226 1979 5299 oneraverit,
2007 5224 2141 5306 pecunia
2167 5231 2259 5284 auten
2285 5227 2313 5276 tt

439 5327 473 5392 δὲ
488 5330 582 5391 ἔσται
598 5327 666 5409 μετ’
685 5326 822 5392 αὐτοῦ11
841 5329 902 5392 καί
915 5352 946 5392 τι
966 5340 1033 5393 τῶν
1047 5326 1138 5392 κατά
1153 5328 1340 5392 θάλασσαν
1367 5330 1450 5411 apud
1476 5350 1546 5391 eum
1573 5330 1674 5405 fuerit,
1703 5341 1735 5392 et
1761 5332 1835 5411 quid
1862 5332 2004 5392 maritimi
2026 5331 2153 5412 periculi
2175 5327 2259 5391 conti·

438 5433 598 5499 κινδύνων
626 5436 735 5522 συμβῇ
759 5436 886 5499 παθεῖν
911 5433 951 5499 τὸ
979 5436 1095 5500 πλοῖον
1121 5440 1179 5499 καλ
1207 5438 1339 5523 φορτώ-
1366 5438 1444 5518 gerit
1471 5458 1582 5501 navem
1608 5439 1673 5518 pati
1699 5447 1730 5500 et
1756 5459 1833 5500 onus
1855 5439 1977 5519 perierit
2003 5450 2035 5500 et
2062 5439 2151 5501 navis
2174 5437 2258 5498 disse

512 5630 521 5662 ¹
538 5631 579 5684 ita
591 5633 623 5683 ut
635 5629 670 5684 de
682 5645 757 5684 more
770 5629 830 5684 cod
901 5629 912 5662 ⁸
930 5631 1056 5685 -λλυσιν
1067 5630 1110 5685 ed.
1182 5628 1194 5661 ⁸
1212 5629 1272 5684 cod.
1285 5628 1339 5683 hic.

440 5723 469 5773 et
486 5717 554 5773 alibi
573 5717 636 5789 ἡμῖν
652 5720 741 5785 (-ῇν)
760 5719 852 5771 ναῦλα.
924 5717 936 5750 ⁴
954 5718 989 5773 cf.
1003 5736 1026 5773 ο.
1042 5724 1083 5774 19.
1156 5719 1168 5752 ⁶
1185 5721 1226 5773 sic
1244 5718 1304 5772 cod.

440 5807 452 5840 ⁰
470 5826 533 5861 ποσ.
552 5809 601 5861 τού
619 5806 718 5860 ναύλου
736 5806 779 5861 ed.
865 5806 875 5839 ²
893 5807 928 5862 da
947 5824 1023 5863 more
1041 5808 1102 5863 cod.
1192 5808 1204 5840 ⁸
1221 5810 1262 5862 ita
1279 5808 1340 5863 cod.

441 5895 469 5950 h.
482 5913 506 5950 e.
526 5894 619 5968 ὡρείῳ.
650 5895 702 5950 Ed.
722 5894 750 5949 ἐν
769 5894 867 5968 ἐνορίᾳ.
941 5896 1007 5951 ὀί.
1027 5914 1050 5952 c.
1065 5902 1106 5952 24.
1181 5897 1203 5929 ¹⁰
1221 5898 1262 5952 ita
1279 5897 1339 5952 cod.

513 5984 536 6018 ¹¹
553 5986 593 6039 ita
611 5985 672 6040 cod.
691 5986 736 6057 ίχῃ
754 5982 784 6038 δὲ
797 6003 841 6057 χρ.
859 5985 903 6039 ed
