4842 7018
400 465 442 529 92
997 458 1151 525 LIBER
1173 459 1291 524 XLIV.
1335 458 1425 526 TIT.
1447 460 1540 525 XIX
1562 458 1637 525 XX.

329 651 363 714 ἔ.
472 640 523 707 Τά
538 644 611 726 αίρι
620 638 694 706 τικίι
708 641 909 720 ληγάταούκ
919 642 1105 725 ἀναιρεῖται
1116 643 1156 727 τῇ
1172 640 1303 727 τελευτῇ
1397 641 1627 704 condicionalis
1671 642 1773 720 legata
1817 663 1880 704 non
1925 641 2101 705 auferuntur
2139 655 2228 706 morte

400 760 468 814 των
486 747 742 834 χρεωστοόντωι
773 748 873 811 αὐτάς
891 785 932 794 -
1196 749 1231 810 fr.
1252 753 1302 812 65.
1331 770 1444 823 eorum,
1467 749 1519 830 qui
1542 769 1579 811 ea
1601 749 1719 813 debent
2129 751 2164 812 fr.
2181 755 2228 815 65.

312 882 362 950 ἔνι’.
465 875 510 939 Ἡ
537 874 660 951 ἄδηλος
690 875 797 959 ήμρα
828 878 862 937 ἐν
893 883 967 947 ταῖς
1004 872 1189 951 διαθήκαις
1227 872 1302 937 άντί
1397 874 1536 937 Incertus
1559 874 1679 936 diesin
1701 874 1891 937 testamentis
1913 895 1969 956 pro
1984 876 2162 938 ooudioione
2179 886 2228 939 est

398 983 555 1064 αἱρέσεώς
577 985 677 1045 ἐστιν.
1199 980 1234 1041 fr.
1253 984 1302 1042 75.
1950 1002 1954 1011 ’
2131 983 2166 1044 fr.
2182 988 2228 1047 75.

302 1114 361 1176 ξθὶ
462 1106 508 1168 Ἡ
530 1105 690 1169 υἱοθεσία
717 1105 778 1168 coa
805 1106 939 1188 άναιρεῖ
961 1102 1022 1181 τὴν
1053 1115 1111 1182 τῆς
1143 1104 1303 1178 ἀπαιδίας
1397 1104 1533 1187 Adoptio
1556 1126 1617 1167 non
1643 1104 1724 1167 tollit
1746 1106 1953 1168 ooudioionem
1979 1109 2023 1182 „si
2046 1109 2110 1170 sine
2132 1107 2228 1171 liberis

399 1210 537 1295 αἳρεσιν.
1197 1212 1233 1274 fr.
1252 1216 1302 1274 76.
1330 1212 1412 1275 erit‘t
2131 1215 2166 1275 fr.
2182 1219 2228 1278 76.

307 1345 361 1417 ιιβ.
463 1336 514 1400 Ἑν
528 1346 604 1411 ταῖς
618 1336 968 1424 φιδεικομμισσαρίαις
983 1335 1188 1420 ἐλευθερίαις
1207 1338 1247 1400 οὐ
1262 1340 1302 1422 τῇ
1397 1338 1436 1398 In
1459 1338 1741 1400 fideicommissariis
1759 1338 2047 1401 manumissionibus
2063 1360 2125 1401 non
2147 1341 2228 1403 levis

397 1447 592 1530 κουφοτέρα
607 1445 730 1525 αίρέσει
746 1445 950 1527 προσέχομεν
965 1438 1051 1506 ἀλλά
1066 1442 1301 1529 τῇίιστέρμεω
1331 1445 1438 1506 simam
1461 1445 1668 1507 eondioionem
1691 1455 1871 1524 spectamus,
1895 1446 1948 1508 sed
1969 1455 2163 1526 postremam.

1198 1549 1234 1611 fr.
1252 1553 1302 1612 90.
2129 1554 2164 1616 fr.
2181 1558 2228 1617 90.

309 1684 360 1747 ιζ’.
472 1671 523 1738 Τά
542 1672 695 1761 αἰρετικά
716 1675 848 1756 ληγάτα
866 1677 910 1748 είς
933 1674 1035 1737 ἄλλον
1057 1674 1303 1755 μετατιθέμενα
1396 1674 1627 1737 condicionalis
1661 1674 1764 1756 legata
1794 1677 1827 1737 in
1859 1676 1953 1738 alium
1984 1679 2135 1739 translata
2165 1700 2228 1741 eum

396 1779 482 1863 μετά
499 1792 557 1857 τῆς
573 1783 729 1865 αἱρέσεως
741 1789 922 1864 χωροῦσιν,
946 1784 972 1843 sl
987 1779 1030 1863 μή
1051 1784 1099 1862 τῷ
1114 1777 1299 1864 προσείπω1
1330 1782 1504 1843 condicione
1531 1791 1704 1856 transeunt,
1731 1784 1790 1843 nisi
1822 1783 1917 1864 [base]
1948 1783 2056 1864 prioris
2088 1804 2228 1866 personae

398 1896 460 1951 τοῦ
481 1890 617 1974 πρώτου
639 1892 827 1971 ἐμπέπηγεν.
1199 1886 1234 1947 fr.
1251 1888 1301 1947 95.
1330 1888 1519 1951 cohaerebat
2130 1890 2165 1952 fr.
2182 1895 2227 1954 95.

307 2022 361 2096 ιγ.
462 2008 537 2075 Έίιν
560 2015 638 2076 είπω
661 2013 863 2095 γαμηθῆναί
884 2035 938 2077 σοι
961 2011 1022 2090 τήν
1038 2013 1217 2095 θυγατέρα
1238 2031 1302 2091 μου
1396 2012 1430 2075 si
1452 2013 1556 2074 dixero
1579 2013 1692 2074 nubere
1714 2013 1770 2075 tibi
1793 2013 1888 2076 filiam
1909 2035 2010 2077 meam
2037 2026 2068 2076 et
2095 2015 2227 2096 legavero

397 2118 454 2184 καί
481 2119 673 2200 ληγατεόσω
701 2121 786 2206 αὐτῇ
811 2121 953 2205 χωρίον,
979 2120 1056 2183 τότε
1084 2139 1138 2182 σοι
1166 2118 1300 2202 ἁρμόζει
1329 2119 1356 2180 ei
1379 2119 1546 2200 praedium,
1569 2130 1642 2182 tune
1656 2119 1711 2182 tibi
1727 2122 1870 2200 competit
1892 2121 2035 2200 legatum,
2058 2143 2129 2185 eum
2149 2122 2228 2185 nolu-

398 2224 437 2290 τό
453 2226 609 2308 ληγάτον,
633 2224 689 2290 ὅτε
703 2223 747 2309 μή
764 2225 893 2312 θελήσῃ
909 2228 929 2303 ή
946 2226 1105 2309 θυγάτηρ
1120 2246 1185 2307 μου
1199 2245 1302 2305 γαμη-
1329 2228 1385 2288 erit
1406 2226 1470 2288 filia
1496 2246 1565 2288 mea
1591 2226 1704 2288 nubere
1726 2226 1795 2288 tibi:
1824 2227 1942 2291 sivero
1965 2229 2106 2309 impubes
2128 2231 2228 2291 moria

400 2334 510 2412 θηναί
531 2356 594 2398 σοι.
627 2338 654 2396 εί
677 2336 788 2415 μέντοι
812 2333 937 2419 ἄνηβος
953 2332 1126 2417 ἀποθάνῃ,
1151 2331 1191 2393 οὐ
1213 2330 1301 2393 δοκεῖ
1329 2341 1386 2407 tur,
1410 2353 1472 2394 non
1494 2332 1616 2394 videtur
1636 2333 1773 2394 eondioio
1797 2332 1918 2414 expleta
1939 2354 2006 2396 esso
2028 2335 2131 2416 legati.

250 2519 327 2588 (16
400 2440 447 2525 [ή]
472 2439 628 2527 αίρ[εσι]ς
652 2440 800 2523 ἐξελθεῖν
823 2448 885 2503 τοῦ
906 2440 1062 2521 ληγοίτου.
1124 2438 1160 2499 fr.
1179 2440 1238 2500 101
1257 2459 1301 2519 pr.
2055 2442 2093 2502 fr.
2113 2445 2171 2504 101
2187 2464 2227 2524 pr.

265 2538 298 2574 0·
346 2527 355 2551 ι

313 2526 362 2664 (ιβ.
463 2582 496 2648 Ὁ
510 2583 569 2665 μέν
584 2581 647 2648 ὑπό
664 2580 746 2669 όρον
761 2581 1120 2665 ἐλευθερωθησόμενος
1134 2578 1302 2644 καλάκόν·
1396 2581 1460 2660 Qui
1482 2582 1540 2644 sub
1562 2582 1736 2644 condicione
1759 2583 1963 2646 manumissus
1990 2595 2036 2647 est
2058 2583 2110 2646 vel
2133 2585 2228 2646 invitis

398 2712 466 2754 των
493 2700 561 2753 τῶν
588 2690 803 2775 κληρονόμων
836 2685 947 2762 διδοὺς
979 2693 1015 2752 ἐκ
1042 2698 1104 2752 τοῦ
1130 2688 1303 2754 πεκουλίου
1331 2688 1489 2751 heredibus
1526 2688 1627 2750 dando
1664 2710 1702 2750 ex
1741 2689 1860 2770 peculio
1897 2711 2038 2752 nummos
2081 2690 2227 2753 liberetur.

399 2793 444 2859 τά
466 2810 565 2879 ιιομμῐ
589 2797 834 2880 ἐλευθεροῦται.
873 2799 899 2859 εί
922 2795 956 2859 δέ
979 2796 1131 2877 γινώσκει
1150 2797 1169 2859 ό
1189 2792 1303 2877 λαβὼν
1330 2795 1410 2876 quod
1432 2796 1458 2857 si
1480 2796 1573 2876 isqui
1592 2797 1708 2877 aooepit
1729 2798 1816 2859 novit
1838 2817 1870 2858 se
1892 2797 1996 2860 invitis
2014 2797 2076 2859 illis
2092 2799 2227 2879 aooipere,

399 2904 443 2978 ὡς
467 2904 621 2966 ἀκόντων
644 2903 755 2967 αὐτῶν
777 2901 946 2986 λαμβάνει,
970 2905 1014 2976 ως
1039 2899 1143 2986 χωρίς
1166 2902 1303 2983 εὐλόγου
1330 2910 1436 2982 utpote
1451 2903 1503 2982 qui
1518 2903 1600 2964 iusta
1619 2922 1713 2964 eausa
1731 2913 1841 2978 eareat,
1865 2905 1943 2965 siout
1967 2904 2081 2984 praedo
2104 2905 2228 2985 possidet

399 3011 511 3085 αἰτίας
552 3007 666 3095 άρπαξ
693 3013 823 3092 νέμεται
855 3008 913 3074 καί
952 3011 1180 3096 ἀφαιροῦνται
1220 3008 1299 3090 παρ’
1331 3018 1362 3070 et
1384 3008 1563 3071 auferuntur
1585 3008 1661 3093 [res]
1685 3009 1724 3072 ab
1744 3030 1787 3071 eo.
2111 3011 2146 3073 fr.
2164 3013 2228 3073 110.

399 3118 514 3181 αὐτοῦ.
1176 3116 1211 3178 fr.
1230 3117 1302 3177 110.

464 3241 685 3322 Ἐληγάτευσα
703 3239 763 3305 δύο
781 3241 870 3305 τισίν
893 3238 1008 3325 νἰγρδν,
1032 3238 1088 3304 ίνα
1107 3239 1187 3303 δέκα
1205 3253 1303 3322 νομμ’
1396 3239 1514 3320 Legavi
1540 3240 1659 3303 duobus
1686 3241 1867 3322 quibusdam
1898 3242 2036 3317 fundum,
2068 3253 2106 3305 ut
2136 3243 2228 3306 deoem

400 3352 444 3423 είς
471 3346 532 3426 τὴν
554 3349 669 3435 ταφήν
690 3370 755 3430 μου
778 3347 1029 3426 δαπανήσωσιν·
1053 3348 1093 3410 οὐ
1120 3348 1302 3431 πληροῦται
1332 3367 1439 3408 aureos
1461 3348 1494 3408 in
1515 3348 1608 3409 lunus
1631 3368 1732 3409 meum
1754 3348 1944 3430 impendant:
1968 3369 2030 3411 non
2053 3350 2229 3430 adimpletur

400 3452 491 3519 κατὰ
513 3456 725 3542 άκρίβειανή
749 3452 884 3542 αἵρεσις,
909 3454 1116 3542 φιλαγάθως
1135 3452 1169 3517 δέ
1193 3450 1304 3527 διδοὺς
1332 3453 1435 3515 stricto
1461 3454 1526 3515 iure
1553 3454 1700 3529 oondioio;
1727 3454 1888 3535 benignius
1916 3464 2017 3518 autem
2045 3457 2072 3517 is
2102 3458 2153 3537 qui
2183 3457 2230 3517 dat

401 3559 445 3636 είς
468 3558 512 3625 τά
530 3566 624 3626 πέντε
639 3575 737 3644 νομμῐ
758 3562 918 3647 λαμβάνει
935 3557 975 3624 τό
994 3557 1094 3642 ήμισυ
1112 3570 1173 3624 τοῦ
1187 3562 1303 3644 άγροῦ.
1332 3563 1465 3642 quinque
1492 3580 1599 3623 aureos
1627 3561 1738 3642 accipit
1763 3562 1921 3623 dimidium
1944 3562 2039 3623 frmdi
2086 3564 2165 3625 idem
2190 3572 2230 3623 est

400 3666 441 3732 τό
473 3670 557 3732 αὐτό
589 3673 660 3732 ἐστι
691 3667 749 3734 καλ
781 3666 836 3732 ὅτε
868 3665 975 3752 άγρδν
1012 3667 1203 3748 ληγατεύσω
1241 3665 1304 3732 ὑπὸ
1333 3670 1424 3730 etiam
1447 3689 1516 3730 eum
1540 3666 1658 3729 duobus
1680 3667 1809 3729 fimdum
1831 3667 1974 3748 legavero
2002 3670 2059 3731 sub
2091 3670 2229 3732 condicio

402 3773 543 3860 αἵρεσιν,
566 3773 640 3854 τήν·
663 3773 721 3840 sos
743 3785 945 3861 παρασγωσι
970 3774 1050 3838 δέκα
1072 3775 1271 3857 νομίσματα.
1334 3795 1416 3836 uem:
1441 3774 1467 3835 si
1489 3772 1683 3855 praebuerint
1705 3773 1809 3836 decem
1833 3794 1948 3838 aureos.
2030 3776 2066 3838 fr.
2087 3780 2157 3838 112.
2173 3783 2188 3853 5
2204 3779 2228 3837 2.

360 3976 376 4020 Δ
1099 3883 1135 3945 fr.
1155 3885 1226 3944 112.
1244 3890 1260 3959 §
1278 3886 1306 3945 2.

224 4014 260 4069 B.
271 4012 305 4078 ς’.
325 3993 383 4069 ino
473 4004 520 4070 Τό
547 4012 751 4071 ἐνιαυσιαῖον
776 4006 923 4087 ληγάτον
954 4010 988 4069 ἐν
1020 4014 1090 4080 τοῖς
1121 4008 1308 4089 προοιμίοις
1400 4004 1547 4066 Annuum
1570 4003 1704 4084 legatum
1727 4006 1812 4067 initio
1835 4006 1947 4086 singuli
1962 4008 2143 4088 cuiusquam
2165 4007 2229 4069 anni
2251 4009 2291 4062 tt·
2304 4003 2340 4058 <ll

271 4086 293 4158 l·
308 4103 338 4158 θ’·
402 4116 548 4179 ἑκάστου
571 4119 725 4177 ἐνιαυτοῦ
746 4116 975 4200 καταφέρεται
997 4111 1055 4176 καί
1078 4114 1278 4177 άπαιτεῑται.
1334 4111 1415 4173 cedit
1436 4120 1467 4172 et
1487 4112 1608 4192 petitur.
2000 4136 2024 4179 ο.
2046 4118 2072 4175 1.
2091 4113 2125 4176 0.
2142 4119 2169 4188 0,
2185 4116 2229 4176 59.
2274 4080 2311 4130 ts.

1045 4241 1070 4282 o.
1089 4223 1116 4281 1.
1131 4220 1165 4283 G.
1181 4220 1239 4296 VI,
1255 4224 1306 4284 53.

244 4489 280 4543 n.
294 4464 377 4553 tea?
652 4485 771 4540 τιτιιο(
791 4486 827 4553 κ’,
847 4485 980 4540 elutior
998 4485 1063 4539 ιιω
1539 4481 1912 4551 TITULUSXX,LIBR1
1931 4484 2026 4540 xnrv
2251 4482 2344 4609 toppo

226 4558 306 4652 Ml
317 4561 339 4632 l
352 4575 385 4649 β
433 4616 525 4673 ποίοις
543 4612 653 4683 ήμέραις
671 4610 702 4665 τὸ
720 4612 836 4686 ληγάτον
853 4608 869 4678 ἦ
888 4610 919 4664 τὸ
937 4609 1176 4680 φιδεικόμμισσον’
1195 4610 1279 4683 ἀργεῖ.
1392 4607 1494 4679 quibus
1511 4605 1610 4663 diebus
1628 4608 1752 4678 legatum
1771 4608 1816 4664 vel
1834 4607 2077 4665 fideieommissum
2098 4612 2177 4666 cedit

332 4756 368 4809 α’,
477 4735 627 4837 Tollo—ry}
642 4740 811 4825 όρφανικῇ
830 4736 1083 4816 ληγατευθέντα
1097 4732 1181 4816 μετὰ
1196 4735 1307 4798 θάνα-
1401 4734 1458 4808 Ea,
1474 4755 1553 4815 quae
1568 4736 1599 4796 in
1615 4735 1759 4817 pupillari
1777 4734 1983 4819 [testamento]
2000 4737 2149 4816 legantur,
2166 4746 2229 4818 post

405 4866 465 4909 τον
480 4852 541 4908 τοῦ
555 4866 618 4927 πρς
634 4850 806 4926 προχωρεῖ
815 4840 872 4905 καὶ
892 4843 1015 4922 ζῶντος
1030 4845 1078 4905 έτι
1093 4851 1156 4905 τοῦ
1171 4841 1307 4927 άνήβου.
1335 4850 1461 4903 mortem
1483 4842 1579 4922 patris
1601 4843 1719 4916 cedunt,
1742 4842 1814 4905 vivo
1837 4843 1938 4905 adhue
1960 4844 2087 4925 pupillo.

949 4949 984 5010 fr.
1003 4953 1030 5010 1.
1046 4949 1086 5010 Ι).
1102 4949 1261 5023 XXXVI,
1279 4953 1306 5011 2.
1986 4951 2021 5013 fr.
2041 4955 2067 5011 1.
2084 4951 2124 5013 D.
2141 4954 2190 5026 36,
2206 4952 2229 5011 2.

334 5094 367 5158 4,
477 5074 523 5140 Τό
552 5074 657 5158 χωρίς
693 5076 849 5158 αἱρέσεως
880 5073 1026 5154 ληγάτον
1058 5073 1309 5161 ἀφαιρούμενον
1401 5073 1552 5151 Legatum
1575 5094 1684 5153 purum
1708 5074 1765 5134 sub
1788 5073 1964 5134 condicione
1980 5074 2155 5156 ademptum
2169 5094 2230 5135 oon·

407 5180 468 5248 ίιπό
507 5179 635 5269 αἵρεσιν
673 5181 840 5262 αίρετικόν
878 5184 975 5243 ἐστιν.
1036 5184 1063 5243 sl
1101 5180 1135 5243 δέ
1171 5181 1307 5263 έξωθεν,
1335 5179 1482 5241 dieiouale
1509 5190 1562 5240 est.
1608 5180 1634 5240 si
1661 5200 1733 5241 vero
1764 5180 1960 5254 extrinsecus,
1988 5202 2050 5241 non
2079 5202 2118 5243 ex
2148 5190 2229 5242 teste

406 5291 467 5353 οὐκ
489 5294 525 5353 ἐκ
556 5300 615 5366 τῆς
647 5288 816 5365 διαθήκης
844 5290 907 5365 έγει
936 5285 996 5363 τήν
1023 5285 1215 5371 ὑπέρθεσιν,
1244 5285 1309 5350 κάν
1337 5295 1437 5347 mento
1459 5285 1553 5347 habet
1574 5305 1698 5360 moram,
1721 5287 1862 5366 quamvis
1885 5296 1976 5348 antea
1990 5287 2138 5350 moriatur
2158 5288 2229 5366 lega·

406 5397 637 5483 προαποθάνῃ
677 5397 695 5458 ό
733 5394 948 5478 ληγατάριος,
992 5390 1308 5477 παραπέμπεσθαι.3
1335 5393 1442 5467 tarius,
1466 5393 1681 5454 transmittitur
1703 5392 1756 5476 [ad
1780 5392 1925 5474 heredes}
1964 5396 2077 5456 namsi
2100 5394 2229 5474 legavero

406 5501 464 5567 ἐάν
486 5501 552 5587 γὰρ
575 5500 767 5584 ληγατείσω
796 5522 850 5563 σοι
878 5509 1091 5583 προικιμαῐον
1117 5497 1224 5582 άγρδν
1251 5498 1307 5564 καὶ
1336 5500 1391 5561 tibi
1410 5498 1543 5560 dotalem
1565 5500 1693 5561 fundum
1717 5511 1747 5562 et
1769 5500 1856 5561 uxori
1875 5521 1960 5562 meae
1974 5522 2030 5581 pro
2046 5502 2117 5563 dote
2132 5519 2229 5562 aureos

408 5614 448 5694 τῇ
484 5611 618 5689 γυναικί
646 5631 711 5691 μου
743 5606 818 5672 άντλ
856 5618 914 5684 τῆς
951 5604 1088 5690 προικός
1126 5621 1224 5689 νομμ’
1251 5605 1307 5671 καί
1337 5606 1410 5690 [tot]
1434 5616 1466 5667 et
1488 5605 1646 5668 dubitante
1673 5627 1710 5668 ea
1738 5626 1778 5667 an
1801 5606 1910 5669 debeat
1932 5608 2075 5689 aoeipere,
2103 5606 2229 5669 moriaris

481 5912 490 5944 ¹
509 5910 539 5965 sb
556 5910 704 5984 πρόσωπον
723 5910 782 5965 eod.
891 5908 902 5941 ¹
920 5925 1018 5964 -ss-
1037 5908 1096 5963 eod.
1199 5906 1245 5961 Ἰ.
1264 5908 1310 5963 vel

409 6019 510 6069 -ετοι,
527 6001 573 6056 vel
591 6001 713 6055 -ίοθω
