<?xml version="1.0" encoding="UTF-8"?>
<!DOCTYPE html PUBLIC "-//W3C//DTD XHTML 1.0 Transitional//EN"
    "http://www.w3.org/TR/xhtml1/DTD/xhtml1-transitional.dtd">
<html xmlns="http://www.w3.org/1999/xhtml" xml:lang="en" lang="en">
 <head>
  <title>
</title>
<meta http-equiv="Content-Type" content="text/html;charset=utf-8" />
  <meta name='ocr-system' content='tesseract 3.04.00' />
  <meta name='ocr-capabilities' content='ocr_page ocr_carea ocr_par ocr_line ocrx_word'/>
</head>
<body>
  <div class='ocr_page' id='page_1' title='image "./supplementumedi00linggoog_0516.png"; bbox 0 0 4842 7018; ppageno 0'>
   <div class='ocr_carea' id='block_1_1' title="bbox 672 432 2027 543">
    <p class='ocr_par' dir='ltr' id='par_1_1' title="bbox 672 432 2027 543">
     <span class='ocr_line' id='line_1_1' title="bbox 672 432 2027 543; baseline 0.003 -5"><span class='ocrx_word' id='word_1_1' title='bbox 672 432 675 439; x_wconf 72' lang='grc'><em>’</em></span> <span class='ocrx_word' id='word_1_2' title='bbox 773 460 926 541; x_wconf 77' lang='lat' dir='ltr'><strong>trena</strong></span> <span class='ocrx_word' id='word_1_3' title='bbox 948 461 1068 538; x_wconf 81' lang='lat' dir='ltr'><strong>tvm.</strong></span> <span class='ocrx_word' id='word_1_4' title='bbox 1112 462 1200 539; x_wconf 81' lang='grc'><strong>111.</strong></span> <span class='ocrx_word' id='word_1_5' title='bbox 1223 462 1298 541; x_wconf 75' lang='lat' dir='ltr'><strong>xx.</strong></span> <span class='ocrx_word' id='word_1_6' title='bbox 1321 462 1448 540; x_wconf 78' lang='lat' dir='ltr'><strong>xxm</strong></span> <span class='ocrx_word' id='word_1_7' title='bbox 1969 471 2027 543; x_wconf 80' lang='grc' dir='ltr'><strong>ιω</strong></span> 
     </span>
    </p>
   </div>
   <div class='ocr_carea' id='block_1_2' title="bbox 13 638 2125 2775">
    <p class='ocr_par' dir='ltr' id='par_1_2' title="bbox 13 638 2125 2775">
     <span class='ocr_line' id='line_1_2' title="bbox 13 638 2029 739; baseline 0.002 -23"><span class='ocrx_word' id='word_1_8' title='bbox 13 638 164 719; x_wconf 52' lang='grc' dir='ltr'><strong>ι’7111101</strong></span> <span class='ocrx_word' id='word_1_9' title='bbox 267 652 307 721; x_wconf 79' lang='grc' dir='ltr'><strong>Εἰ</strong></span> <span class='ocrx_word' id='word_1_10' title='bbox 330 653 562 739; x_wconf 82' lang='grc' dir='ltr'><strong><em>μετακοιτάσει</em></strong></span> <span class='ocrx_word' id='word_1_11' title='bbox 586 657 605 720; x_wconf 87' lang='grc' dir='ltr'>ὁ</span> <span class='ocrx_word' id='word_1_12' title='bbox 629 654 792 737; x_wconf 87' lang='grc' dir='ltr'><strong><em>ποταμὸς,</em></strong></span> <span class='ocrx_word' id='word_1_13' title='bbox 816 654 902 720; x_wconf 86' lang='grc' dir='ltr'><strong><em>ὅθεν</em></strong></span> <span class='ocrx_word' id='word_1_14' title='bbox 929 652 1037 735; x_wconf 81' lang='grc' dir='ltr'><strong><em>εἷλκες,</em></strong></span> <span class='ocrx_word' id='word_1_15' title='bbox 1063 651 1117 719; x_wconf 78' lang='lat' dir='ltr'><strong>odi</strong></span> <span class='ocrx_word' id='word_1_16' title='bbox 1197 656 1229 718; x_wconf 85' lang='lat' dir='ltr'><strong>Si</strong></span> <span class='ocrx_word' id='word_1_17' title='bbox 1251 658 1407 720; x_wconf 88' lang='lat' dir='ltr'><strong>recesserit</strong></span> <span class='ocrx_word' id='word_1_18' title='bbox 1428 656 1548 729; x_wconf 86' lang='lat' dir='ltr'><strong>flumen,</strong></span> <span class='ocrx_word' id='word_1_19' title='bbox 1571 657 1652 718; x_wconf 91' lang='lat' dir='ltr'><strong>unde</strong></span> <span class='ocrx_word' id='word_1_20' title='bbox 1672 678 1785 739; x_wconf 88' lang='lat' dir='ltr'><strong>aquam</strong></span> <span class='ocrx_word' id='word_1_21' title='bbox 1804 658 1946 734; x_wconf 76' lang='lat' dir='ltr'><strong>ducebas,</strong></span> <span class='ocrx_word' id='word_1_22' title='bbox 1971 681 2029 720; x_wconf 88' lang='lat' dir='ltr'><strong>non</strong></span> 
     </span>
     <span class='ocr_line' id='line_1_3' title="bbox 13 740 2031 873; baseline -0.001 -43"><span class='ocrx_word' id='word_1_23' title='bbox 13 740 29 777; x_wconf 49' lang='grc' dir='ltr'>Ε</span> <span class='ocrx_word' id='word_1_24' title='bbox 201 765 341 830; x_wconf 89' lang='grc' dir='ltr'><strong><em>δύνασαι</em></strong></span> <span class='ocrx_word' id='word_1_25' title='bbox 367 764 571 829; x_wconf 77' lang='grc' dir='ltr'><strong><em>ἀκολουθεῖν</em></strong></span> <span class='ocrx_word' id='word_1_26' title='bbox 586 765 691 846; x_wconf 80' lang='grc' dir='ltr'><strong><em>αὐτῷ·</em></strong></span> <span class='ocrx_word' id='word_1_27' title='bbox 715 764 806 828; x_wconf 89' lang='grc' dir='ltr'><strong><em>ἐνθα</em></strong></span> <span class='ocrx_word' id='word_1_28' title='bbox 823 760 890 846; x_wconf 75' lang='grc' dir='ltr'><strong>γὰρ</strong></span> <span class='ocrx_word' id='word_1_29' title='bbox 909 772 968 827; x_wconf 88' lang='grc' dir='ltr'><strong>νῦν</strong></span> <span class='ocrx_word' id='word_1_30' title='bbox 985 773 1100 843; x_wconf 88' lang='grc' dir='ltr'><strong><em>κεῖται,</em></strong></span> <span class='ocrx_word' id='word_1_31' title='bbox 1114 744 1117 873; x_wconf 55' lang='grc' dir='ltr'><strong><em>β</em></strong></span> <span class='ocrx_word' id='word_1_32' title='bbox 1129 774 1215 844; x_wconf 86' lang='lat' dir='ltr'><strong>potes</strong></span> <span class='ocrx_word' id='word_1_33' title='bbox 1230 764 1263 825; x_wconf 90' lang='lat' dir='ltr'><strong>id</strong></span> <span class='ocrx_word' id='word_1_34' title='bbox 1278 764 1434 844; x_wconf 80' lang='lat' dir='ltr'><strong>subsequi3</strong></span> <span class='ocrx_word' id='word_1_35' title='bbox 1457 763 1509 825; x_wconf 90' lang='lat' dir='ltr'><strong>ubi</strong></span> <span class='ocrx_word' id='word_1_36' title='bbox 1525 765 1605 825; x_wconf 87' lang='lat' dir='ltr'><strong>enim</strong></span> <span class='ocrx_word' id='word_1_37' title='bbox 1620 785 1701 826; x_wconf 90' lang='lat' dir='ltr'><strong>nunc</strong></span> <span class='ocrx_word' id='word_1_38' title='bbox 1716 772 1770 838; x_wconf 87' lang='lat' dir='ltr'><strong>est,</strong></span> <span class='ocrx_word' id='word_1_39' title='bbox 1794 768 1931 846; x_wconf 87' lang='lat' dir='ltr'><strong>quamvis</strong></span> <span class='ocrx_word' id='word_1_40' title='bbox 1947 788 2031 828; x_wconf 88' lang='lat' dir='ltr'><strong>meus</strong></span> 
     </span>
     <span class='ocr_line' id='line_1_4' title="bbox 198 869 2031 1011; baseline 0 -76"><span class='ocrx_word' id='word_1_41' title='bbox 198 870 263 935; x_wconf 88' lang='grc' dir='ltr'><strong>κάν</strong></span> <span class='ocrx_word' id='word_1_42' title='bbox 277 872 352 954; x_wconf 90' lang='grc' dir='ltr'><strong><em>ἐμός</em></strong></span> <span class='ocrx_word' id='word_1_43' title='bbox 366 877 456 934; x_wconf 85' lang='grc' dir='ltr'><strong><em>ἐστιν</em></strong></span> <span class='ocrx_word' id='word_1_44' title='bbox 471 872 612 950; x_wconf 88' lang='grc' dir='ltr'><strong><em>δτόπος,</em></strong></span> <span class='ocrx_word' id='word_1_45' title='bbox 628 872 688 935; x_wconf 84' lang='grc' dir='ltr'><strong>οὐκ</strong></span> <span class='ocrx_word' id='word_1_46' title='bbox 701 872 843 948; x_wconf 79' lang='grc' dir='ltr'><strong><em>ἐπετέθη</em></strong></span> <span class='ocrx_word' id='word_1_47' title='bbox 858 871 997 935; x_wconf 88' lang='grc' dir='ltr'><strong><em>δουλεῖα.</em></strong></span> <span class='ocrx_word' id='word_1_48' title='bbox 1025 870 1101 935; x_wconf 82' lang='grc' dir='ltr'><strong>είδέ</strong></span> <span class='ocrx_word' id='word_1_49' title='bbox 1114 886 1116 1011; x_wconf 55' lang='grc' dir='ltr'><strong><em>φ</em></strong></span> <span class='ocrx_word' id='word_1_50' title='bbox 1129 869 1170 932; x_wconf 88' lang='lat' dir='ltr'><strong>sit</strong></span> <span class='ocrx_word' id='word_1_51' title='bbox 1191 869 1284 945; x_wconf 87' lang='lat' dir='ltr'><strong>locus,</strong></span> <span class='ocrx_word' id='word_1_52' title='bbox 1307 891 1368 932; x_wconf 91' lang='lat' dir='ltr'><strong>non</strong></span> <span class='ocrx_word' id='word_1_53' title='bbox 1391 880 1438 932; x_wconf 88' lang='lat' dir='ltr'><strong>cst</strong></span> <span class='ocrx_word' id='word_1_54' title='bbox 1452 871 1594 952; x_wconf 86' lang='lat' dir='ltr'><strong>imposita</strong></span> <span class='ocrx_word' id='word_1_55' title='bbox 1609 872 1747 933; x_wconf 86' lang='lat' dir='ltr'><strong>servitus.</strong></span> <span class='ocrx_word' id='word_1_56' title='bbox 1785 873 1901 935; x_wconf 85' lang='lat' dir='ltr'><strong>sivero</strong></span> <span class='ocrx_word' id='word_1_57' title='bbox 1917 873 2031 936; x_wconf 84' lang='lat' dir='ltr'><strong>alluvio</strong></span> 
     </span>
     <span class='ocr_line' id='line_1_5' title="bbox 199 975 2030 1061; baseline -0.001 -19"><span class='ocrx_word' id='word_1_58' title='bbox 199 979 391 1060; x_wconf 76' lang='grc' dir='ltr'><strong><em>πρόσχωοις</em></strong></span> <span class='ocrx_word' id='word_1_59' title='bbox 406 979 618 1061; x_wconf 70' lang='grc' dir='ltr'><strong><em>προστιθείη,</em></strong></span> <span class='ocrx_word' id='word_1_60' title='bbox 636 978 776 1042; x_wconf 87' lang='grc' dir='ltr'><strong><em>δύνασαι</em></strong></span> <span class='ocrx_word' id='word_1_61' title='bbox 793 978 1009 1041; x_wconf 88' lang='grc' dir='ltr'><strong><em>ἀκολουθεῖν·</em></strong></span> <span class='ocrx_word' id='word_1_62' title='bbox 1026 975 1101 1051; x_wconf 83' lang='grc' dir='ltr'><strong><em>ὅλος</em></strong></span> <span class='ocrx_word' id='word_1_63' title='bbox 1129 978 1300 1052; x_wconf 76' lang='lat' dir='ltr'><strong>accesserit,</strong></span> <span class='ocrx_word' id='word_1_64' title='bbox 1322 986 1409 1058; x_wconf 89' lang='lat' dir='ltr'><strong>potes</strong></span> <span class='ocrx_word' id='word_1_65' title='bbox 1424 977 1580 1058; x_wconf 81' lang='lat' dir='ltr'><strong>subsequi3</strong></span> <span class='ocrx_word' id='word_1_66' title='bbox 1603 987 1684 1039; x_wconf 89' lang='lat' dir='ltr'><strong>totus</strong></span> <span class='ocrx_word' id='word_1_67' title='bbox 1700 980 1780 1039; x_wconf 88' lang='lat' dir='ltr'><strong>enim</strong></span> <span class='ocrx_word' id='word_1_68' title='bbox 1797 978 1882 1041; x_wconf 90' lang='lat' dir='ltr'><strong>locus</strong></span> <span class='ocrx_word' id='word_1_69' title='bbox 1898 980 2030 1042; x_wconf 88' lang='lat' dir='ltr'><strong>fluminis</strong></span> 
     </span>
     <span class='ocr_line' id='line_1_6' title="bbox 198 1083 2031 1169; baseline 0.001 -21"><span class='ocrx_word' id='word_1_70' title='bbox 198 1083 264 1166; x_wconf 82' lang='grc' dir='ltr'><strong>γὰρ</strong></span> <span class='ocrx_word' id='word_1_71' title='bbox 281 1087 300 1148; x_wconf 88' lang='lat' dir='ltr'><strong>d</strong></span> <span class='ocrx_word' id='word_1_72' title='bbox 316 1086 418 1159; x_wconf 84' lang='grc' dir='ltr'><strong><em>τόπος</em></strong></span> <span class='ocrx_word' id='word_1_73' title='bbox 434 1094 496 1149; x_wconf 91' lang='grc' dir='ltr'><strong><em>τοῦ</em></strong></span> <span class='ocrx_word' id='word_1_74' title='bbox 510 1094 663 1166; x_wconf 77' lang='grc' dir='ltr'><strong><em>ποταμοῦ</em></strong></span> <span class='ocrx_word' id='word_1_75' title='bbox 677 1083 833 1148; x_wconf 83' lang='grc' dir='ltr'><strong><em>δουλεύει·</em></strong></span> <span class='ocrx_word' id='word_1_76' title='bbox 850 1090 877 1148; x_wconf 84' lang='grc' dir='ltr'><strong>εί</strong></span> <span class='ocrx_word' id='word_1_77' title='bbox 893 1085 927 1149; x_wconf 85' lang='grc' dir='ltr'><strong><em>δέ</em></strong></span> <span class='ocrx_word' id='word_1_78' title='bbox 942 1088 1086 1169; x_wconf 87' lang='grc' dir='ltr'><strong><em>ἀπορρεῖ</em></strong></span> <span class='ocrx_word' id='word_1_79' title='bbox 1091 1084 1100 1122; x_wconf 87' lang='lat'>¹</span> <span class='ocrx_word' id='word_1_80' title='bbox 1129 1084 1234 1146; x_wconf 86' lang='lat' dir='ltr'><strong>servit:</strong></span> <span class='ocrx_word' id='word_1_81' title='bbox 1266 1084 1292 1146; x_wconf 92' lang='lat' dir='ltr'><strong>si</strong></span> <span class='ocrx_word' id='word_1_82' title='bbox 1323 1105 1396 1146; x_wconf 82' lang='lat' dir='ltr'><strong>vero</strong></span> <span class='ocrx_word' id='word_1_83' title='bbox 1423 1084 1613 1147; x_wconf 90' lang='lat' dir='ltr'><strong>circumfluat</strong></span> <span class='ocrx_word' id='word_1_84' title='bbox 1639 1094 1755 1146; x_wconf 88' lang='lat' dir='ltr'><strong>mutato</strong></span> <span class='ocrx_word' id='word_1_85' title='bbox 1783 1086 1883 1162; x_wconf 88' lang='lat' dir='ltr'><strong>alveo,</strong></span> <span class='ocrx_word' id='word_1_86' title='bbox 1916 1087 2031 1149; x_wconf 90' lang='lat' dir='ltr'><strong>medius</strong></span> 
     </span>
     <span class='ocr_line' id='line_1_7' title="bbox 198 1189 1707 1274; baseline 0 -20"><span class='ocrx_word' id='word_1_87' title='bbox 198 1191 380 1274; x_wconf 74' lang='grc' dir='ltr'><strong><em>ἐναλλάξας</em></strong></span> <span class='ocrx_word' id='word_1_88' title='bbox 407 1189 468 1268; x_wconf 77' lang='grc' dir='ltr'><strong><em>τὴν</em></strong></span> <span class='ocrx_word' id='word_1_89' title='bbox 489 1192 614 1273; x_wconf 87' lang='grc' dir='ltr'><strong><em>κοίτην,</em></strong></span> <span class='ocrx_word' id='word_1_90' title='bbox 648 1194 666 1254; x_wconf 87' lang='lat' dir='ltr'><strong>d</strong></span> <span class='ocrx_word' id='word_1_91' title='bbox 694 1195 793 1274; x_wconf 81' lang='grc' dir='ltr'><strong><em>μέσος</em></strong></span> <span class='ocrx_word' id='word_1_92' title='bbox 819 1193 922 1267; x_wconf 81' lang='grc' dir='ltr'><strong><em>τόπος</em></strong></span> <span class='ocrx_word' id='word_1_93' title='bbox 950 1191 1101 1272; x_wconf 80' lang='grc' dir='ltr'><strong><em>δουλεύει,</em></strong></span> <span class='ocrx_word' id='word_1_94' title='bbox 1128 1192 1213 1253; x_wconf 84' lang='grc' dir='ltr'><strong><em>Ιοοαε</em></strong></span> <span class='ocrx_word' id='word_1_95' title='bbox 1240 1193 1345 1265; x_wconf 83' lang='lat' dir='ltr'><strong>servit,</strong></span> <span class='ocrx_word' id='word_1_96' title='bbox 1372 1191 1428 1252; x_wconf 90' lang='lat' dir='ltr'><strong>sed</strong></span> <span class='ocrx_word' id='word_1_97' title='bbox 1454 1192 1543 1272; x_wconf 89' lang='lat' dir='ltr'><strong>periit</strong></span> <span class='ocrx_word' id='word_1_98' title='bbox 1570 1193 1707 1256; x_wconf 89' lang='lat' dir='ltr'><strong>servitus.</strong></span> 
     </span>
     <span class='ocr_line' id='line_1_8' title="bbox 198 1298 2030 1384; baseline 0.001 -22"><span class='ocrx_word' id='word_1_99' title='bbox 198 1298 271 1362; x_wconf 84' lang='grc' dir='ltr'><strong><em>ἀλλ’</em></strong></span> <span class='ocrx_word' id='word_1_100' title='bbox 297 1298 439 1384; x_wconf 85' lang='grc' dir='ltr'><strong><em>ἐφθοίρη</em></strong></span> <span class='ocrx_word' id='word_1_101' title='bbox 463 1300 482 1374; x_wconf 79' lang='grc' dir='ltr'><em>ἡ</em></span> <span class='ocrx_word' id='word_1_102' title='bbox 506 1298 709 1362; x_wconf 75' lang='grc' dir='ltr'><strong><em>δουλεῖαι-</em></strong></span> <span class='ocrx_word' id='word_1_103' title='bbox 747 1300 782 1361; x_wconf 84' lang='lat' dir='ltr'><strong>fr.</strong></span> <span class='ocrx_word' id='word_1_104' title='bbox 800 1305 828 1362; x_wconf 90' lang='lat'><strong>3.</strong></span> <span class='ocrx_word' id='word_1_105' title='bbox 845 1306 861 1377; x_wconf 99' lang='lat'>5</span> <span class='ocrx_word' id='word_1_106' title='bbox 880 1302 908 1362; x_wconf 90' lang='grc'><strong>2.</strong></span> <span class='ocrx_word' id='word_1_107' title='bbox 924 1301 964 1362; x_wconf 94' lang='lat' dir='ltr'><strong>D.</strong></span> <span class='ocrx_word' id='word_1_108' title='bbox 981 1303 1032 1375; x_wconf 87' lang='lat'><strong>43,</strong></span> <span class='ocrx_word' id='word_1_109' title='bbox 1049 1303 1100 1362; x_wconf 97' lang='grc'><strong>20.</strong></span> <span class='ocrx_word' id='word_1_110' title='bbox 1663 1299 1698 1361; x_wconf 86' lang='lat' dir='ltr'><strong>fr.</strong></span> <span class='ocrx_word' id='word_1_111' title='bbox 1716 1303 1743 1361; x_wconf 85' lang='lat'><strong>3.</strong></span> <span class='ocrx_word' id='word_1_112' title='bbox 1766 1305 1782 1377; x_wconf 88' lang='lat'>5</span> <span class='ocrx_word' id='word_1_113' title='bbox 1800 1304 1829 1361; x_wconf 84' lang='lat'><strong>2.</strong></span> <span class='ocrx_word' id='word_1_114' title='bbox 1850 1300 1889 1362; x_wconf 92' lang='lat' dir='ltr'><strong>D.</strong></span> <span class='ocrx_word' id='word_1_115' title='bbox 1906 1305 1962 1376; x_wconf 80' lang='lat'><strong>43,</strong></span> <span class='ocrx_word' id='word_1_116' title='bbox 1979 1304 2030 1364; x_wconf 93' lang='grc'><strong>20.</strong></span> 
     </span>
     <span class='ocr_line' id='line_1_9' title="bbox 265 1401 2030 1489; baseline 0.001 -22"><span class='ocrx_word' id='word_1_117' title='bbox 265 1405 306 1467; x_wconf 83' lang='lat' dir='ltr'><strong>EI</strong></span> <span class='ocrx_word' id='word_1_118' title='bbox 328 1402 390 1478; x_wconf 86' lang='grc' dir='ltr'><strong>τάς</strong></span> <span class='ocrx_word' id='word_1_119' title='bbox 413 1403 504 1489; x_wconf 86' lang='grc' dir='ltr'><strong><em>ὥρας</em></strong></span> <span class='ocrx_word' id='word_1_120' title='bbox 527 1411 560 1468; x_wconf 87' lang='grc' dir='ltr'><strong>έν</strong></span> <span class='ocrx_word' id='word_1_121' title='bbox 583 1401 636 1480; x_wconf 82' lang='grc' dir='ltr'><strong>αίς</strong></span> <span class='ocrx_word' id='word_1_122' title='bbox 659 1404 718 1469; x_wconf 88' lang='grc' dir='ltr'><strong>δύο</strong></span> <span class='ocrx_word' id='word_1_123' title='bbox 737 1406 887 1469; x_wconf 86' lang='grc' dir='ltr'><strong><em>ἕλκουσιν</em></strong></span> <span class='ocrx_word' id='word_1_124' title='bbox 903 1402 992 1489; x_wconf 86' lang='grc' dir='ltr'><strong><em>ύδωρ</em></strong></span> <span class='ocrx_word' id='word_1_125' title='bbox 1011 1403 1101 1470; x_wconf 87' lang='grc' dir='ltr'><strong>κατά</strong></span> <span class='ocrx_word' id='word_1_126' title='bbox 1195 1404 1228 1466; x_wconf 79' lang='lat' dir='ltr'><strong>si</strong></span> <span class='ocrx_word' id='word_1_127' title='bbox 1250 1405 1349 1480; x_wconf 86' lang='lat' dir='ltr'><strong>horas,</strong></span> <span class='ocrx_word' id='word_1_128' title='bbox 1373 1406 1529 1487; x_wconf 89' lang='lat' dir='ltr'><strong>inquibus</strong></span> <span class='ocrx_word' id='word_1_129' title='bbox 1544 1426 1653 1486; x_wconf 82' lang='lat' dir='ltr'><strong>aquam</strong></span> <span class='ocrx_word' id='word_1_130' title='bbox 1676 1407 1792 1469; x_wconf 92' lang='lat' dir='ltr'><strong>ducunt</strong></span> <span class='ocrx_word' id='word_1_131' title='bbox 1809 1408 1878 1481; x_wconf 90' lang='lat' dir='ltr'><strong>duc,</strong></span> <span class='ocrx_word' id='word_1_132' title='bbox 1901 1408 2030 1471; x_wconf 85' lang='lat' dir='ltr'><strong>invicem</strong></span> 
     </span>
     <span class='ocr_line' id='line_1_10' title="bbox 198 1511 2125 1598; baseline 0.002 -24"><span class='ocrx_word' id='word_1_133' title='bbox 198 1511 379 1598; x_wconf 76' lang='grc' dir='ltr'><strong><em>σύμφωνον</em></strong></span> <span class='ocrx_word' id='word_1_134' title='bbox 409 1512 659 1593; x_wconf 78' lang='grc' dir='ltr'><strong><em>ἐναλλάξουσιυ,</em></strong></span> <span class='ocrx_word' id='word_1_135' title='bbox 691 1511 796 1586; x_wconf 79' lang='grc' dir='ltr'><strong><em>οὐδεὶς</em></strong></span> <span class='ocrx_word' id='word_1_136' title='bbox 827 1513 939 1576; x_wconf 76' lang='grc' dir='ltr'><strong><em>αὐτῶν</em></strong></span> <span class='ocrx_word' id='word_1_137' title='bbox 966 1513 1099 1577; x_wconf 87' lang='grc' dir='ltr'><strong><em>ἀπόλλει</em></strong></span> <span class='ocrx_word' id='word_1_138' title='bbox 1128 1531 1180 1591; x_wconf 87' lang='lat' dir='ltr'><strong>per</strong></span> <span class='ocrx_word' id='word_1_139' title='bbox 1211 1520 1399 1573; x_wconf 86' lang='lat' dir='ltr'><strong>contractum</strong></span> <span class='ocrx_word' id='word_1_140' title='bbox 1431 1514 1682 1593; x_wconf 83' lang='lat' dir='ltr'><strong>permutaverint,</strong></span> <span class='ocrx_word' id='word_1_141' title='bbox 1714 1523 1819 1576; x_wconf 87' lang='lat' dir='ltr'><strong>neuter</strong></span> <span class='ocrx_word' id='word_1_142' title='bbox 1849 1534 1951 1577; x_wconf 88' lang='lat' dir='ltr'><strong>eorum</strong></span> <span class='ocrx_word' id='word_1_143' title='bbox 1984 1517 2031 1577; x_wconf 89' lang='lat' dir='ltr'><strong>ius</strong></span> <span class='ocrx_word' id='word_1_144' title='bbox 2119 1568 2125 1583; x_wconf 79' lang='grc'><strong><em>,</em></strong></span> 
     </span>
     <span class='ocr_line' id='line_1_11' title="bbox 198 1615 2030 1699; baseline 0.003 -20"><span class='ocrx_word' id='word_1_145' title='bbox 198 1615 238 1680; x_wconf 87' lang='grc' dir='ltr'><strong><em>τὸ</em></strong></span> <span class='ocrx_word' id='word_1_146' title='bbox 263 1616 394 1681; x_wconf 89' lang='grc' dir='ltr'><strong><em>δίκαιον</em></strong></span> <span class='ocrx_word' id='word_1_147' title='bbox 415 1629 474 1695; x_wconf 76' lang='grc' dir='ltr'><strong><em>τῆς</em></strong></span> <span class='ocrx_word' id='word_1_148' title='bbox 497 1618 666 1692; x_wconf 77' lang='grc' dir='ltr'><strong><em>ἑλκύσεωςι</em></strong></span> <span class='ocrx_word' id='word_1_149' title='bbox 685 1655 724 1665; x_wconf 95' lang='grc'><strong>-</strong></span> <span class='ocrx_word' id='word_1_150' title='bbox 938 1621 974 1682; x_wconf 86' lang='lat' dir='ltr'><strong>fr.</strong></span> <span class='ocrx_word' id='word_1_151' title='bbox 991 1624 1020 1682; x_wconf 85' lang='lat'><strong>5.</strong></span> <span class='ocrx_word' id='word_1_152' title='bbox 1037 1628 1053 1698; x_wconf 95' lang='lat'>5</span> <span class='ocrx_word' id='word_1_153' title='bbox 1073 1625 1099 1682; x_wconf 87' lang='lat'><strong>1.</strong></span> <span class='ocrx_word' id='word_1_154' title='bbox 1128 1617 1258 1679; x_wconf 86' lang='lat' dir='ltr'><strong>ducendi</strong></span> <span class='ocrx_word' id='word_1_155' title='bbox 1281 1620 1400 1681; x_wconf 89' lang='lat' dir='ltr'><strong>amittit</strong></span> <span class='ocrx_word' id='word_1_156' title='bbox 1869 1622 1905 1683; x_wconf 79' lang='lat' dir='ltr'><strong>fr.</strong></span> <span class='ocrx_word' id='word_1_157' title='bbox 1922 1627 1950 1684; x_wconf 83' lang='lat'><strong>5.</strong></span> <span class='ocrx_word' id='word_1_158' title='bbox 1968 1629 1984 1699; x_wconf 87' lang='lat'>5</span> <span class='ocrx_word' id='word_1_159' title='bbox 2004 1627 2030 1684; x_wconf 92' lang='lat'><strong>1.</strong></span> 
     </span>
     <span class='ocr_line' id='line_1_12' title="bbox 128 1722 2030 1812; baseline 0.002 -25"><span class='ocrx_word' id='word_1_160' title='bbox 128 1732 161 1795; x_wconf 61' lang='grc'><strong>4.</strong></span> <span class='ocrx_word' id='word_1_161' title='bbox 270 1722 317 1788; x_wconf 74' lang='lat' dir='ltr'><strong>Tb</strong></span> <span class='ocrx_word' id='word_1_162' title='bbox 333 1722 473 1809; x_wconf 85' lang='grc' dir='ltr'><strong><em>θερινὸν</em></strong></span> <span class='ocrx_word' id='word_1_163' title='bbox 488 1723 577 1809; x_wconf 85' lang='grc' dir='ltr'><strong><em>ύδωρ</em></strong></span> <span class='ocrx_word' id='word_1_164' title='bbox 594 1725 613 1802; x_wconf 82' lang='lat' dir='ltr'><strong>i&gt;</strong></span> <span class='ocrx_word' id='word_1_165' title='bbox 630 1722 686 1789; x_wconf 90' lang='grc' dir='ltr'><strong>διά</strong></span> <span class='ocrx_word' id='word_1_166' title='bbox 702 1723 762 1803; x_wconf 81' lang='grc' dir='ltr'><strong><em>τὴν</em></strong></span> <span class='ocrx_word' id='word_1_167' title='bbox 778 1724 881 1812; x_wconf 91' lang='grc' dir='ltr'><strong><em>φύσιν</em></strong></span> <span class='ocrx_word' id='word_1_168' title='bbox 900 1735 961 1790; x_wconf 90' lang='grc' dir='ltr'><strong><em>τοῦ</em></strong></span> <span class='ocrx_word' id='word_1_169' title='bbox 978 1723 1100 1801; x_wconf 87' lang='grc' dir='ltr'><strong><em>ύδατος</em></strong></span> <span class='ocrx_word' id='word_1_170' title='bbox 1193 1725 1287 1806; x_wconf 87' lang='lat' dir='ltr'><strong>Aqua</strong></span> <span class='ocrx_word' id='word_1_171' title='bbox 1302 1726 1420 1788; x_wconf 67' lang='lat' dir='ltr'><strong>metire</strong></span> <span class='ocrx_word' id='word_1_172' title='bbox 1437 1727 1486 1789; x_wconf 81' lang='lat' dir='ltr'><strong>vel</strong></span> <span class='ocrx_word' id='word_1_173' title='bbox 1508 1728 1672 1789; x_wconf 91' lang='lat' dir='ltr'><strong>secundum</strong></span> <span class='ocrx_word' id='word_1_174' title='bbox 1696 1738 1837 1790; x_wconf 87' lang='lat' dir='ltr'><strong>naturam</strong></span> <span class='ocrx_word' id='word_1_175' title='bbox 1860 1749 1959 1809; x_wconf 85' lang='lat' dir='ltr'><strong>aquae</strong></span> <span class='ocrx_word' id='word_1_176' title='bbox 1981 1731 2030 1793; x_wconf 83' lang='lat' dir='ltr'><strong>vel</strong></span> 
     </span>
     <span class='ocr_line' id='line_1_13' title="bbox 198 1829 2030 1916; baseline 0.003 -24"><span class='ocrx_word' id='word_1_177' title='bbox 198 1831 217 1907; x_wconf 70' lang='lat' dir='ltr'><strong>b</strong></span> <span class='ocrx_word' id='word_1_178' title='bbox 241 1829 297 1893; x_wconf 88' lang='grc' dir='ltr'><strong>διά</strong></span> <span class='ocrx_word' id='word_1_179' title='bbox 320 1830 381 1908; x_wconf 77' lang='grc' dir='ltr'><strong><em>την</em></strong></span> <span class='ocrx_word' id='word_1_180' title='bbox 400 1833 635 1915; x_wconf 80' lang='grc' dir='ltr'><strong><em>χρησιμότητα</em></strong></span> <span class='ocrx_word' id='word_1_181' title='bbox 658 1842 724 1895; x_wconf 79' lang='grc' dir='ltr'><strong><em>τῶν</em></strong></span> <span class='ocrx_word' id='word_1_182' title='bbox 742 1834 855 1896; x_wconf 89' lang='grc' dir='ltr'><strong><em>τόπων</em></strong></span> <span class='ocrx_word' id='word_1_183' title='bbox 869 1835 959 1897; x_wconf 88' lang='grc' dir='ltr'><strong><em>ἕνθα</em></strong></span> <span class='ocrx_word' id='word_1_184' title='bbox 974 1834 1099 1898; x_wconf 90' lang='grc' dir='ltr'><strong><em>ἕλκεται</em></strong></span> <span class='ocrx_word' id='word_1_185' title='bbox 1128 1833 1292 1893; x_wconf 89' lang='lat' dir='ltr'><strong>secundum</strong></span> <span class='ocrx_word' id='word_1_186' title='bbox 1308 1832 1469 1896; x_wconf 73' lang='lat' dir='ltr'><strong>utilitatem</strong></span> <span class='ocrx_word' id='word_1_187' title='bbox 1485 1833 1629 1910; x_wconf 89' lang='lat' dir='ltr'><strong>locorum,</strong></span> <span class='ocrx_word' id='word_1_188' title='bbox 1645 1835 1685 1896; x_wconf 92' lang='lat' dir='ltr'><strong>ad</strong></span> <span class='ocrx_word' id='word_1_189' title='bbox 1695 1856 1773 1916; x_wconf 85' lang='lat' dir='ltr'><strong>quae</strong></span> <span class='ocrx_word' id='word_1_190' title='bbox 1783 1836 1912 1910; x_wconf 84' lang='lat' dir='ltr'><strong>ducitur,</strong></span> <span class='ocrx_word' id='word_1_191' title='bbox 1927 1836 2030 1898; x_wconf 89' lang='lat' dir='ltr'><strong>distin·</strong></span> 
     </span>
     <span class='ocr_line' id='line_1_14' title="bbox 198 1936 2030 2025; baseline 0.002 -24"><span class='ocrx_word' id='word_1_192' title='bbox 198 1938 411 2019; x_wconf 89' lang='grc' dir='ltr'><strong><em>διακρίνεται,</em></strong></span> <span class='ocrx_word' id='word_1_193' title='bbox 429 1936 515 2002; x_wconf 84' lang='grc' dir='ltr'><strong><em>ὅθεν</em></strong></span> <span class='ocrx_word' id='word_1_194' title='bbox 530 1942 557 2001; x_wconf 87' lang='grc' dir='ltr'><strong>εί</strong></span> <span class='ocrx_word' id='word_1_195' title='bbox 573 1937 677 2024; x_wconf 92' lang='grc' dir='ltr'><strong><em>φύσιν</em></strong></span> <span class='ocrx_word' id='word_1_196' title='bbox 692 1942 755 2017; x_wconf 78' lang='grc' dir='ltr'><strong><em>έχει</em></strong></span> <span class='ocrx_word' id='word_1_197' title='bbox 772 1943 806 2002; x_wconf 89' lang='grc' dir='ltr'><strong>ἐν</strong></span> <span class='ocrx_word' id='word_1_198' title='bbox 823 1940 915 2025; x_wconf 91' lang='grc' dir='ltr'><strong><em>θέρει</em></strong></span> <span class='ocrx_word' id='word_1_199' title='bbox 926 1941 1097 2015; x_wconf 87' lang='grc' dir='ltr'><strong><em>ἕλκεσθαι,</em></strong></span> <span class='ocrx_word' id='word_1_200' title='bbox 1127 1939 1242 2018; x_wconf 69' lang='lat' dir='ltr'><strong>guitum</strong></span> <span class='ocrx_word' id='word_1_201' title='bbox 1265 1960 1358 2021; x_wconf 82' lang='lat' dir='ltr'><strong>quere</strong></span> <span class='ocrx_word' id='word_1_202' title='bbox 1380 1941 1405 2002; x_wconf 88' lang='lat' dir='ltr'><strong>si</strong></span> <span class='ocrx_word' id='word_1_203' title='bbox 1428 1951 1538 2003; x_wconf 87' lang='lat' dir='ltr'><strong>natura</strong></span> <span class='ocrx_word' id='word_1_204' title='bbox 1555 1943 1619 2004; x_wconf 89' lang='lat' dir='ltr'><strong>eius</strong></span> <span class='ocrx_word' id='word_1_205' title='bbox 1636 1943 1683 2018; x_wconf 87' lang='lat' dir='ltr'><strong>sit,</strong></span> <span class='ocrx_word' id='word_1_206' title='bbox 1707 1953 1741 2004; x_wconf 90' lang='lat' dir='ltr'><strong>ut</strong></span> <span class='ocrx_word' id='word_1_207' title='bbox 1759 1951 1875 2005; x_wconf 75' lang='lat' dir='ltr'><strong>aestate</strong></span> <span class='ocrx_word' id='word_1_208' title='bbox 1894 1943 2030 2016; x_wconf 86' lang='lat' dir='ltr'><strong>ducatur,</strong></span> 
     </span>
     <span class='ocr_line' id='line_1_15' title="bbox 196 2041 2030 2132; baseline 0.002 -24"><span class='ocrx_word' id='word_1_209' title='bbox 196 2041 261 2108; x_wconf 87' lang='grc' dir='ltr'><strong>κάν</strong></span> <span class='ocrx_word' id='word_1_210' title='bbox 284 2048 317 2106; x_wconf 86' lang='grc' dir='ltr'><strong>ἐν</strong></span> <span class='ocrx_word' id='word_1_211' title='bbox 337 2050 472 2126; x_wconf 78' lang='grc' dir='ltr'><strong><em>χειμῶνι</em></strong></span> <span class='ocrx_word' id='word_1_212' title='bbox 496 2047 682 2132; x_wconf 81' lang='grc' dir='ltr'><strong><em>ἐπιζητηθῇ</em></strong></span> <span class='ocrx_word' id='word_1_213' title='bbox 708 2042 764 2109; x_wconf 88' lang='grc' dir='ltr'><strong>διά</strong></span> <span class='ocrx_word' id='word_1_214' title='bbox 787 2044 847 2123; x_wconf 72' lang='grc' dir='ltr'><strong><em>τὴν</em></strong></span> <span class='ocrx_word' id='word_1_215' title='bbox 866 2049 1100 2130; x_wconf 79' lang='grc' dir='ltr'><strong><em>χρησιμότητα</em></strong></span> <span class='ocrx_word' id='word_1_216' title='bbox 1128 2047 1268 2125; x_wconf 86' lang='lat' dir='ltr'><strong>quamvis</strong></span> <span class='ocrx_word' id='word_1_217' title='bbox 1283 2056 1314 2109; x_wconf 90' lang='lat' dir='ltr'><strong>et</strong></span> <span class='ocrx_word' id='word_1_218' title='bbox 1328 2047 1424 2110; x_wconf 74' lang='lat' dir='ltr'><strong>hIeme</strong></span> <span class='ocrx_word' id='word_1_219' title='bbox 1438 2058 1630 2128; x_wconf 82' lang='lat' dir='ltr'><strong>quaereretur</strong></span> <span class='ocrx_word' id='word_1_220' title='bbox 1644 2060 1767 2131; x_wconf 87' lang='lat' dir='ltr'><strong>propter</strong></span> <span class='ocrx_word' id='word_1_221' title='bbox 1775 2050 1935 2112; x_wconf 87' lang='lat' dir='ltr'><strong>utilitatem</strong></span> <span class='ocrx_word' id='word_1_222' title='bbox 1952 2051 2030 2113; x_wconf 89' lang='lat' dir='ltr'><strong>loco·</strong></span> 
     </span>
     <span class='ocr_line' id='line_1_16' title="bbox 197 2151 2030 2239; baseline 0.002 -25"><span class='ocrx_word' id='word_1_223' title='bbox 197 2161 265 2214; x_wconf 81' lang='grc' dir='ltr'><strong><em>τῶν</em></strong></span> <span class='ocrx_word' id='word_1_224' title='bbox 287 2153 408 2232; x_wconf 88' lang='grc' dir='ltr'><strong><em>τόπων,</em></strong></span> <span class='ocrx_word' id='word_1_225' title='bbox 432 2152 523 2215; x_wconf 90' lang='grc' dir='ltr'><strong><em>ἐνθα</em></strong></span> <span class='ocrx_word' id='word_1_226' title='bbox 544 2151 670 2216; x_wconf 88' lang='grc' dir='ltr'><strong><em>ἕλκεται</em></strong></span> <span class='ocrx_word' id='word_1_227' title='bbox 701 2152 914 2236; x_wconf 80' lang='grc' dir='ltr'><strong><em>διακρίνεται.</em></strong></span> <span class='ocrx_word' id='word_1_228' title='bbox 960 2152 1046 2218; x_wconf 76' lang='grc' dir='ltr'><strong><em>ὅθεν</em></strong></span> <span class='ocrx_word' id='word_1_229' title='bbox 1074 2161 1099 2219; x_wconf 78' lang='grc' dir='ltr'><strong>εί</strong></span> <span class='ocrx_word' id='word_1_230' title='bbox 1127 2174 1203 2227; x_wconf 92' lang='lat' dir='ltr'><strong>rum,</strong></span> <span class='ocrx_word' id='word_1_231' title='bbox 1230 2155 1263 2214; x_wconf 93' lang='lat' dir='ltr'><strong>in</strong></span> <span class='ocrx_word' id='word_1_232' title='bbox 1285 2174 1363 2233; x_wconf 88' lang='lat' dir='ltr'><strong>quae</strong></span> <span class='ocrx_word' id='word_1_233' title='bbox 1384 2154 1513 2228; x_wconf 81' lang='lat' dir='ltr'><strong>ducitur,</strong></span> <span class='ocrx_word' id='word_1_234' title='bbox 1538 2155 1682 2239; x_wconf 83' lang='lat' dir='ltr'><strong>[aestiva]</strong></span> <span class='ocrx_word' id='word_1_235' title='bbox 1706 2156 1908 2218; x_wconf 87' lang='lat' dir='ltr'><strong>existimatur:</strong></span> <span class='ocrx_word' id='word_1_236' title='bbox 1937 2178 2030 2237; x_wconf 89' lang='lat' dir='ltr'><strong>quare</strong></span> 
     </span>
     <span class='ocr_line' id='line_1_17' title="bbox 198 2257 2030 2343; baseline 0.002 -22"><span class='ocrx_word' id='word_1_237' title='bbox 198 2257 302 2343; x_wconf 87' lang='grc' dir='ltr'><strong><em>φύσιν</em></strong></span> <span class='ocrx_word' id='word_1_238' title='bbox 323 2261 387 2336; x_wconf 73' lang='grc' dir='ltr'><strong><em>ἕχει</em></strong></span> <span class='ocrx_word' id='word_1_239' title='bbox 411 2263 445 2321; x_wconf 87' lang='grc' dir='ltr'><strong>ἐν</strong></span> <span class='ocrx_word' id='word_1_240' title='bbox 467 2258 562 2342; x_wconf 88' lang='grc' dir='ltr'><strong><em>θέρει</em></strong></span> <span class='ocrx_word' id='word_1_241' title='bbox 585 2258 759 2337; x_wconf 88' lang='grc' dir='ltr'><strong><em>ἕλκεσθαι,</em></strong></span> <span class='ocrx_word' id='word_1_242' title='bbox 782 2258 848 2323; x_wconf 87' lang='grc' dir='ltr'><strong>κάν</strong></span> <span class='ocrx_word' id='word_1_243' title='bbox 870 2265 904 2324; x_wconf 86' lang='grc' dir='ltr'><strong>ἐν</strong></span> <span class='ocrx_word' id='word_1_244' title='bbox 922 2260 1021 2325; x_wconf 77' lang='grc' dir='ltr'><strong><em>παντί</em></strong></span> <span class='ocrx_word' id='word_1_245' title='bbox 1038 2266 1098 2325; x_wconf 84' lang='grc' dir='ltr'><strong><em>ἕτει</em></strong></span> <span class='ocrx_word' id='word_1_246' title='bbox 1127 2260 1153 2320; x_wconf 91' lang='lat' dir='ltr'><strong>si</strong></span> <span class='ocrx_word' id='word_1_247' title='bbox 1173 2269 1284 2321; x_wconf 88' lang='lat' dir='ltr'><strong>natura</strong></span> <span class='ocrx_word' id='word_1_248' title='bbox 1304 2261 1369 2322; x_wconf 88' lang='lat' dir='ltr'><strong>eius</strong></span> <span class='ocrx_word' id='word_1_249' title='bbox 1387 2262 1435 2335; x_wconf 79' lang='lat' dir='ltr'><strong>sit,</strong></span> <span class='ocrx_word' id='word_1_250' title='bbox 1458 2271 1493 2323; x_wconf 92' lang='lat' dir='ltr'><strong>ut</strong></span> <span class='ocrx_word' id='word_1_251' title='bbox 1511 2271 1626 2324; x_wconf 79' lang='lat' dir='ltr'><strong>aestate</strong></span> <span class='ocrx_word' id='word_1_252' title='bbox 1645 2262 1782 2336; x_wconf 87' lang='lat' dir='ltr'><strong>ducatur,</strong></span> <span class='ocrx_word' id='word_1_253' title='bbox 1804 2264 1944 2343; x_wconf 87' lang='lat' dir='ltr'><strong>quamvis</strong></span> <span class='ocrx_word' id='word_1_254' title='bbox 1966 2272 2030 2325; x_wconf 90' lang='lat' dir='ltr'><strong>toto</strong></span> 
     </span>
     <span class='ocr_line' id='line_1_18' title="bbox 196 2364 2030 2453; baseline 0.002 -25"><span class='ocrx_word' id='word_1_255' title='bbox 196 2366 391 2450; x_wconf 82' lang='grc' dir='ltr'><strong><em>ἐπιζητηθῇ,</em></strong></span> <span class='ocrx_word' id='word_1_256' title='bbox 416 2364 633 2448; x_wconf 81' lang='grc' dir='ltr'><strong><em>διακρίνεται·</em></strong></span> <span class='ocrx_word' id='word_1_257' title='bbox 658 2364 761 2453; x_wconf 85' lang='grc' dir='ltr'><strong><em>ὥςπερ</em></strong></span> <span class='ocrx_word' id='word_1_258' title='bbox 788 2404 827 2414; x_wconf 94' lang='grc'>-</span> <span class='ocrx_word' id='word_1_259' title='bbox 853 2405 894 2413; x_wconf 99' lang='grc'>-</span> <span class='ocrx_word' id='word_1_260' title='bbox 914 2405 957 2417; x_wconf 90' lang='lat'>-</span> <span class='ocrx_word' id='word_1_261' title='bbox 976 2406 1019 2416; x_wconf 92' lang='lat'>—</span> <span class='ocrx_word' id='word_1_262' title='bbox 1043 2366 1101 2433; x_wconf 84' lang='grc' dir='ltr'><strong><em>ἐίιν</em></strong></span> <span class='ocrx_word' id='word_1_263' title='bbox 1128 2386 1208 2429; x_wconf 89' lang='lat' dir='ltr'><strong>anno</strong></span> <span class='ocrx_word' id='word_1_264' title='bbox 1224 2378 1424 2447; x_wconf 87' lang='lat' dir='ltr'><strong>quaereretur,</strong></span> <span class='ocrx_word' id='word_1_265' title='bbox 1442 2369 1583 2450; x_wconf 86' lang='lat' dir='ltr'><strong>[aestiva]</strong></span> <span class='ocrx_word' id='word_1_266' title='bbox 1600 2370 1791 2432; x_wconf 72' lang='lat' dir='ltr'><strong>exiadmatur</strong></span> <span class='ocrx_word' id='word_1_267' title='bbox 1949 2371 1984 2431; x_wconf 85' lang='lat' dir='ltr'><strong>fr.</strong></span> <span class='ocrx_word' id='word_1_268' title='bbox 2001 2375 2030 2433; x_wconf 85' lang='lat'><strong>6.</strong></span> 
     </span>
     <span class='ocr_line' id='line_1_19' title="bbox 196 2472 1099 2561; baseline 0.003 -27"><span class='ocrx_word' id='word_1_269' title='bbox 196 2476 244 2553; x_wconf 80' lang='grc' dir='ltr'><strong><em>τῷ</em></strong></span> <span class='ocrx_word' id='word_1_270' title='bbox 268 2472 395 2535; x_wconf 88' lang='grc' dir='ltr'><strong><em>ἕλκοντι</em></strong></span> <span class='ocrx_word' id='word_1_271' title='bbox 420 2476 454 2535; x_wconf 85' lang='grc' dir='ltr'><strong>ἐν</strong></span> <span class='ocrx_word' id='word_1_272' title='bbox 477 2472 570 2553; x_wconf 79' lang='grc' dir='ltr'><strong><em>θέρει</em></strong></span> <span class='ocrx_word' id='word_1_273' title='bbox 593 2474 683 2554; x_wconf 86' lang='grc' dir='ltr'><strong><em>μόνῳ</em></strong></span> <span class='ocrx_word' id='word_1_274' title='bbox 703 2473 899 2561; x_wconf 82' lang='grc' dir='ltr'><strong><em>χρησιμεύη;</em></strong></span> <span class='ocrx_word' id='word_1_275' title='bbox 916 2511 958 2521; x_wconf 96' lang='grc'><strong>-</strong></span> <span class='ocrx_word' id='word_1_276' title='bbox 1019 2476 1054 2537; x_wconf 84' lang='lat' dir='ltr'><strong>fr.</strong></span> <span class='ocrx_word' id='word_1_277' title='bbox 1072 2480 1099 2539; x_wconf 84' lang='grc'><strong>6.</strong></span> 
     </span>
     <span class='ocr_line' id='line_1_20' title="bbox 15 2577 2030 2664; baseline 0.002 -22"><span class='ocrx_word' id='word_1_278' title='bbox 15 2592 32 2611; x_wconf 77' lang='grc'><strong>’·</strong></span> <span class='ocrx_word' id='word_1_279' title='bbox 144 2585 160 2637; x_wconf 83' lang='grc'><strong>’.</strong></span> <span class='ocrx_word' id='word_1_280' title='bbox 260 2577 293 2643; x_wconf 86' lang='grc' dir='ltr'><em>Ὁ</em></span> <span class='ocrx_word' id='word_1_281' title='bbox 315 2582 400 2656; x_wconf 82' lang='grc' dir='ltr'><strong><em>έχων</em></strong></span> <span class='ocrx_word' id='word_1_282' title='bbox 423 2579 554 2642; x_wconf 89' lang='grc' dir='ltr'><strong><em>δίκαιον</em></strong></span> <span class='ocrx_word' id='word_1_283' title='bbox 576 2578 787 2664; x_wconf 78' lang='grc' dir='ltr'><strong><em>ύὸραγωγίου</em></strong></span> <span class='ocrx_word' id='word_1_284' title='bbox 806 2578 892 2644; x_wconf 83' lang='grc' dir='ltr'><strong><em>ὅθεν</em></strong></span> <span class='ocrx_word' id='word_1_285' title='bbox 909 2581 998 2645; x_wconf 82' lang='grc' dir='ltr'><strong><em>θέλει</em></strong></span> <span class='ocrx_word' id='word_1_286' title='bbox 1016 2592 1102 2645; x_wconf 86' lang='grc' dir='ltr'><strong><em>ποιεῖ</em></strong></span> <span class='ocrx_word' id='word_1_287' title='bbox 1194 2581 1257 2658; x_wconf 72' lang='lat' dir='ltr'><strong>Qui</strong></span> <span class='ocrx_word' id='word_1_288' title='bbox 1279 2582 1327 2643; x_wconf 92' lang='lat' dir='ltr'><strong>ius</strong></span> <span class='ocrx_word' id='word_1_289' title='bbox 1350 2601 1461 2661; x_wconf 86' lang='lat' dir='ltr'><strong>aquam</strong></span> <span class='ocrx_word' id='word_1_290' title='bbox 1484 2582 1614 2646; x_wconf 90' lang='lat' dir='ltr'><strong>ducendi</strong></span> <span class='ocrx_word' id='word_1_291' title='bbox 1635 2582 1729 2645; x_wconf 90' lang='lat' dir='ltr'><strong>habet</strong></span> <span class='ocrx_word' id='word_1_292' title='bbox 1748 2584 1828 2645; x_wconf 89' lang='lat' dir='ltr'><strong>unde</strong></span> <span class='ocrx_word' id='word_1_293' title='bbox 1842 2584 1908 2646; x_wconf 87' lang='lat' dir='ltr'><strong>vult</strong></span> <span class='ocrx_word' id='word_1_294' title='bbox 1930 2584 2030 2646; x_wconf 84' lang='lat' dir='ltr'><strong>rivum</strong></span> 
     </span>
     <span class='ocr_line' id='line_1_21' title="bbox 195 2681 2029 2775; baseline 0.002 -26"><span class='ocrx_word' id='word_1_295' title='bbox 195 2681 257 2749; x_wconf 82' lang='grc' dir='ltr'><strong><em>τόν</em></strong></span> <span class='ocrx_word' id='word_1_296' title='bbox 266 2683 408 2767; x_wconf 74' lang='grc' dir='ltr'><strong><em>ἀγωγὸν,</em></strong></span> <span class='ocrx_word' id='word_1_297' title='bbox 419 2682 499 2758; x_wconf 86' lang='grc' dir='ltr'><strong><em>ὥςτε</em></strong></span> <span class='ocrx_word' id='word_1_298' title='bbox 512 2685 555 2767; x_wconf 81' lang='grc' dir='ltr'><strong>μὴ</strong></span> <span class='ocrx_word' id='word_1_299' title='bbox 569 2690 817 2775; x_wconf 82' lang='grc' dir='ltr'><strong><em>καταστρέφειν</em></strong></span> <span class='ocrx_word' id='word_1_300' title='bbox 826 2689 941 2751; x_wconf 81' lang='grc' dir='ltr'><strong><em>αὐτόνι</em></strong></span> <span class='ocrx_word' id='word_1_301' title='bbox 958 2726 1001 2735; x_wconf 93' lang='lat'>-</span> <span class='ocrx_word' id='word_1_302' title='bbox 1028 2689 1099 2752; x_wconf 85' lang='lat' dir='ltr'><strong>fr.8.</strong></span> <span class='ocrx_word' id='word_1_303' title='bbox 1127 2686 1209 2761; x_wconf 84' lang='lat' dir='ltr'><strong>facit,</strong></span> <span class='ocrx_word' id='word_1_304' title='bbox 1232 2687 1303 2748; x_wconf 92' lang='lat' dir='ltr'><strong>dum</strong></span> <span class='ocrx_word' id='word_1_305' title='bbox 1328 2709 1366 2750; x_wconf 90' lang='lat' dir='ltr'><strong>ne</strong></span> <span class='ocrx_word' id='word_1_306' title='bbox 1390 2688 1640 2773; x_wconf 81' lang='lat' dir='ltr'><strong>[aquaeductum]</strong></span> <span class='ocrx_word' id='word_1_307' title='bbox 1664 2691 1849 2753; x_wconf 81' lang='lat' dir='ltr'><strong>intervertat</strong></span> <span class='ocrx_word' id='word_1_308' title='bbox 1949 2691 1983 2752; x_wconf 78' lang='lat' dir='ltr'><strong>fr.</strong></span> <span class='ocrx_word' id='word_1_309' title='bbox 2002 2695 2029 2753; x_wconf 92' lang='lat'><strong>8.</strong></span> 
     </span>
    </p>
   </div>
   <div class='ocr_carea' id='block_1_3' title="bbox 434 2968 1844 3186">
    <p class='ocr_par' dir='ltr' id='par_1_3' title="bbox 434 2968 1844 3186">
     <span class='ocr_line' id='line_1_22' title="bbox 434 2968 1844 3041; baseline 0.003 -19"><span class='ocrx_word' id='word_1_310' title='bbox 434 2968 554 3023; x_wconf 81' lang='grc' dir='ltr'>ΤΙΤΛΟ(</span> <span class='ocrx_word' id='word_1_311' title='bbox 575 2971 634 3039; x_wconf 88' lang='grc' dir='ltr'><strong>ΚΓ’,</strong></span> <span class='ocrx_word' id='word_1_312' title='bbox 655 2971 786 3025; x_wconf 88' lang='grc' dir='ltr'><strong>ΒΙΒΛΙΟΥ</strong></span> <span class='ocrx_word' id='word_1_313' title='bbox 806 2972 865 3024; x_wconf 92' lang='grc' dir='ltr'><strong>ΝΗ’</strong></span> <span class='ocrx_word' id='word_1_314' title='bbox 1312 2968 1479 3027; x_wconf 84' lang='lat' dir='ltr'><strong>TITULUS</strong></span> <span class='ocrx_word' id='word_1_315' title='bbox 1497 2970 1607 3041; x_wconf 90' lang='lat' dir='ltr'><strong>XXIII,</strong></span> <span class='ocrx_word' id='word_1_316' title='bbox 1625 2972 1731 3027; x_wconf 87' lang='lat' dir='ltr'><strong>LIBRI</strong></span> <span class='ocrx_word' id='word_1_317' title='bbox 1749 2973 1844 3029; x_wconf 87' lang='lat' dir='ltr'><strong>LVIII</strong></span> 
     </span>
     <span class='ocr_line' id='line_1_23' title="bbox 523 3111 1673 3186; baseline 0.003 -20"><span class='ocrx_word' id='word_1_318' title='bbox 523 3112 554 3167; x_wconf 84' lang='grc' dir='ltr'><strong><em>τὸ</em></strong></span> <span class='ocrx_word' id='word_1_319' title='bbox 572 3111 617 3185; x_wconf 83' lang='grc' dir='ltr'><strong>βίᾳ</strong></span> <span class='ocrx_word' id='word_1_320' title='bbox 637 3111 653 3181; x_wconf 74' lang='grc' dir='ltr'><strong><em>ἣ</em></strong></span> <span class='ocrx_word' id='word_1_321' title='bbox 671 3114 772 3186; x_wconf 80' lang='grc' dir='ltr'><strong><em>λάθρα.</em></strong></span> <span class='ocrx_word' id='word_1_322' title='bbox 1481 3116 1509 3171; x_wconf 85' lang='lat' dir='ltr'><strong>vi</strong></span> <span class='ocrx_word' id='word_1_323' title='bbox 1528 3122 1576 3170; x_wconf 92' lang='lat' dir='ltr'><strong>aut</strong></span> <span class='ocrx_word' id='word_1_324' title='bbox 1593 3114 1673 3170; x_wconf 84' lang='lat' dir='ltr'><strong>clam.</strong></span> 
     </span>
    </p>
   </div>
   <div class='ocr_carea' id='block_1_4' title="bbox 22 3252 2126 5583">
    <p class='ocr_par' dir='ltr' id='par_1_4' title="bbox 194 3252 2063 3984">
     <span class='ocr_line' id='line_1_24' title="bbox 262 3252 2030 3345; baseline 0.006 -29"><span class='ocrx_word' id='word_1_325' title='bbox 262 3252 332 3317; x_wconf 89' lang='grc' dir='ltr'><strong>Βία</strong></span> <span class='ocrx_word' id='word_1_326' title='bbox 354 3253 425 3318; x_wconf 75' lang='grc' dir='ltr'><strong><em>ἐστὶ</em></strong></span> <span class='ocrx_word' id='word_1_327' title='bbox 447 3253 487 3319; x_wconf 81' lang='grc' dir='ltr'><strong><em>τὸ</em></strong></span> <span class='ocrx_word' id='word_1_328' title='bbox 516 3256 646 3342; x_wconf 78' lang='grc' dir='ltr'><strong><em>πρᾶξαί</em></strong></span> <span class='ocrx_word' id='word_1_329' title='bbox 670 3281 701 3320; x_wconf 94' lang='grc' dir='ltr'><strong>τι</strong></span> <span class='ocrx_word' id='word_1_330' title='bbox 726 3259 876 3321; x_wconf 86' lang='grc' dir='ltr'><strong><em>ἐναντίον</em></strong></span> <span class='ocrx_word' id='word_1_331' title='bbox 899 3252 999 3342; x_wconf 84' lang='grc' dir='ltr'><strong><em>ούπερ</em></strong></span> <span class='ocrx_word' id='word_1_332' title='bbox 1024 3264 1099 3323; x_wconf 87' lang='grc' dir='ltr'><strong><em>ἐκω-</em></strong></span> <span class='ocrx_word' id='word_1_333' title='bbox 1194 3258 1251 3319; x_wconf 91' lang='lat' dir='ltr'><strong>Vis</strong></span> <span class='ocrx_word' id='word_1_334' title='bbox 1274 3268 1329 3332; x_wconf 86' lang='lat' dir='ltr'><strong>est,</strong></span> <span class='ocrx_word' id='word_1_335' title='bbox 1352 3279 1420 3321; x_wconf 91' lang='lat' dir='ltr'><strong>cum</strong></span> <span class='ocrx_word' id='word_1_336' title='bbox 1444 3260 1511 3341; x_wconf 88' lang='lat' dir='ltr'><strong>quia</strong></span> <span class='ocrx_word' id='word_1_337' title='bbox 1533 3259 1627 3322; x_wconf 85' lang='lat' dir='ltr'><strong>faciet</strong></span> <span class='ocrx_word' id='word_1_338' title='bbox 1649 3260 1765 3342; x_wconf 87' lang='lat' dir='ltr'><strong>aliquid</strong></span> <span class='ocrx_word' id='word_1_339' title='bbox 1782 3272 1890 3323; x_wconf 86' lang='lat' dir='ltr'><strong>contra</strong></span> <span class='ocrx_word' id='word_1_340' title='bbox 1904 3264 1935 3325; x_wconf 93' lang='lat' dir='ltr'><strong>id</strong></span> <span class='ocrx_word' id='word_1_341' title='bbox 1951 3266 2030 3345; x_wconf 93' lang='lat' dir='ltr'><strong>quod</strong></span> 
     </span>
     <span class='ocr_line' id='line_1_25' title="bbox 194 3359 2031 3451; baseline 0.004 -28"><span class='ocrx_word' id='word_1_342' title='bbox 194 3360 298 3440; x_wconf 86' lang='grc' dir='ltr'><strong><em>λύετε,</em></strong></span> <span class='ocrx_word' id='word_1_343' title='bbox 322 3359 387 3424; x_wconf 83' lang='grc' dir='ltr'><strong>κάν</strong></span> <span class='ocrx_word' id='word_1_344' title='bbox 409 3371 529 3448; x_wconf 83' lang='grc' dir='ltr'><strong><em>μικροῦ</em></strong></span> <span class='ocrx_word' id='word_1_345' title='bbox 551 3363 655 3427; x_wconf 90' lang='grc' dir='ltr'><strong><em>λίθου</em></strong></span> <span class='ocrx_word' id='word_1_346' title='bbox 677 3363 761 3450; x_wconf 86' lang='grc' dir='ltr'><strong><em>βολῇ</em></strong></span> <span class='ocrx_word' id='word_1_347' title='bbox 783 3366 925 3451; x_wconf 83' lang='grc' dir='ltr'><strong><em>κωλυθῇ</em></strong></span> <span class='ocrx_word' id='word_1_348' title='bbox 945 3364 1009 3429; x_wconf 85' lang='grc' dir='ltr'><strong>κάν</strong></span> <span class='ocrx_word' id='word_1_349' title='bbox 1032 3365 1098 3430; x_wconf 83' lang='grc' dir='ltr'><strong>ἀπὸ</strong></span> <span class='ocrx_word' id='word_1_350' title='bbox 1127 3365 1155 3424; x_wconf 89' lang='lat' dir='ltr'><strong>ei</strong></span> <span class='ocrx_word' id='word_1_351' title='bbox 1176 3364 1361 3445; x_wconf 90' lang='lat' dir='ltr'><strong>prohibitum</strong></span> <span class='ocrx_word' id='word_1_352' title='bbox 1377 3376 1432 3440; x_wconf 88' lang='lat' dir='ltr'><strong>est,</strong></span> <span class='ocrx_word' id='word_1_353' title='bbox 1455 3368 1595 3446; x_wconf 87' lang='lat' dir='ltr'><strong>quamvis</strong></span> <span class='ocrx_word' id='word_1_354' title='bbox 1618 3367 1717 3448; x_wconf 85' lang='lat' dir='ltr'><strong>lapilli</strong></span> <span class='ocrx_word' id='word_1_355' title='bbox 1731 3368 1813 3430; x_wconf 84' lang='lat' dir='ltr'><strong>iactu</strong></span> <span class='ocrx_word' id='word_1_356' title='bbox 1835 3370 2031 3450; x_wconf 86' lang='lat' dir='ltr'><strong>prohibeatur</strong></span> 
     </span>
     <span class='ocr_line' id='line_1_26' title="bbox 195 3467 2031 3560; baseline 0.004 -29"><span class='ocrx_word' id='word_1_357' title='bbox 195 3468 438 3551; x_wconf 87' lang='grc' dir='ltr'><strong><em>διαμαρτυρίας</em></strong></span> <span class='ocrx_word' id='word_1_358' title='bbox 470 3467 526 3532; x_wconf 78' lang='grc' dir='ltr'><strong>καὶ</strong></span> <span class='ocrx_word' id='word_1_359' title='bbox 557 3471 699 3556; x_wconf 81' lang='grc' dir='ltr'><strong><em>ἐπιμείνη</em></strong></span> <span class='ocrx_word' id='word_1_360' title='bbox 731 3483 835 3534; x_wconf 82' lang='grc' dir='ltr'><strong><em>ποιων</em></strong></span> <span class='ocrx_word' id='word_1_361' title='bbox 861 3468 926 3534; x_wconf 81' lang='grc' dir='ltr'><strong>κάν</strong></span> <span class='ocrx_word' id='word_1_362' title='bbox 957 3472 1100 3560; x_wconf 83' lang='grc' dir='ltr'><strong><em>ὀφείλων</em></strong></span> <span class='ocrx_word' id='word_1_363' title='bbox 1126 3470 1176 3532; x_wconf 88' lang='lat' dir='ltr'><strong>vel</strong></span> <span class='ocrx_word' id='word_1_364' title='bbox 1207 3472 1346 3552; x_wconf 87' lang='lat' dir='ltr'><strong>quamvis</strong></span> <span class='ocrx_word' id='word_1_365' title='bbox 1378 3474 1539 3535; x_wconf 80' lang='lat' dir='ltr'><strong>testatione</strong></span> <span class='ocrx_word' id='word_1_366' title='bbox 1571 3475 1609 3554; x_wconf 89' lang='lat' dir='ltr'><strong>[ei</strong></span> <span class='ocrx_word' id='word_1_367' title='bbox 1643 3475 1683 3536; x_wconf 89' lang='lat' dir='ltr'><strong>sit</strong></span> <span class='ocrx_word' id='word_1_368' title='bbox 1709 3475 1908 3559; x_wconf 87' lang='lat' dir='ltr'><strong>prohibitum]</strong></span> <span class='ocrx_word' id='word_1_369' title='bbox 1941 3488 1972 3539; x_wconf 90' lang='lat' dir='ltr'><strong>et</strong></span> <span class='ocrx_word' id='word_1_370' title='bbox 1998 3478 2031 3538; x_wconf 91' lang='lat' dir='ltr'><strong>in</strong></span> 
     </span>
     <span class='ocr_line' id='line_1_27' title="bbox 194 3576 2063 3660; baseline 0.004 -22"><span class='ocrx_word' id='word_1_371' title='bbox 194 3576 389 3651; x_wconf 78' lang='grc' dir='ltr'><strong><em>κωλυθῆναι</em></strong></span> <span class='ocrx_word' id='word_1_372' title='bbox 414 3577 647 3656; x_wconf 78' lang='grc' dir='ltr'><strong><em>ἐμηχανήσατό</em></strong></span> <span class='ocrx_word' id='word_1_373' title='bbox 671 3599 748 3641; x_wconf 90' lang='grc' dir='ltr'><strong><em>τινα</em></strong></span> <span class='ocrx_word' id='word_1_374' title='bbox 765 3576 808 3658; x_wconf 79' lang='grc' dir='ltr'><strong>μὴ</strong></span> <span class='ocrx_word' id='word_1_375' title='bbox 824 3578 1035 3655; x_wconf 79' lang='grc' dir='ltr'><strong><em>κωλυθῆναι·</em></strong></span> <span class='ocrx_word' id='word_1_376' title='bbox 1059 3576 1098 3643; x_wconf 89' lang='grc' dir='ltr'><strong><em>τὸ</em></strong></span> <span class='ocrx_word' id='word_1_377' title='bbox 1126 3577 1265 3640; x_wconf 86' lang='lat' dir='ltr'><strong>faciendo</strong></span> <span class='ocrx_word' id='word_1_378' title='bbox 1279 3589 1458 3659; x_wconf 87' lang='lat' dir='ltr'><strong>perseveret,</strong></span> <span class='ocrx_word' id='word_1_379' title='bbox 1482 3588 1514 3641; x_wconf 90' lang='lat' dir='ltr'><strong>et</strong></span> <span class='ocrx_word' id='word_1_380' title='bbox 1528 3581 1553 3642; x_wconf 87' lang='lat' dir='ltr'><strong>ai</strong></span> <span class='ocrx_word' id='word_1_381' title='bbox 1568 3580 1643 3660; x_wconf 87' lang='lat' dir='ltr'><strong>quis,</strong></span> <span class='ocrx_word' id='word_1_382' title='bbox 1660 3601 1730 3643; x_wconf 87' lang='lat' dir='ltr'><strong>curn</strong></span> <span class='ocrx_word' id='word_1_383' title='bbox 1744 3581 1776 3642; x_wconf 92' lang='lat' dir='ltr'><strong>in</strong></span> <span class='ocrx_word' id='word_1_384' title='bbox 1791 3602 1829 3644; x_wconf 89' lang='lat' dir='ltr'><strong>ea</strong></span> <span class='ocrx_word' id='word_1_385' title='bbox 1843 3592 1923 3644; x_wconf 87' lang='lat' dir='ltr'><strong>esset</strong></span> <span class='ocrx_word' id='word_1_386' title='bbox 1937 3603 2030 3645; x_wconf 84' lang='lat' dir='ltr'><strong>causa</strong></span> <span class='ocrx_word' id='word_1_387' title='bbox 2060 3576 2063 3582; x_wconf 73' lang='grc'><strong>’</strong></span> 
     </span>
     <span class='ocr_line' id='line_1_28' title="bbox 195 3668 2030 3769; baseline 0.004 -25"><span class='ocrx_word' id='word_1_388' title='bbox 195 3679 278 3745; x_wconf 78' lang='grc' dir='ltr'><strong><em>αὐτὸ</em></strong></span> <span class='ocrx_word' id='word_1_389' title='bbox 301 3679 366 3745; x_wconf 83' lang='grc' dir='ltr'><strong>κάν</strong></span> <span class='ocrx_word' id='word_1_390' title='bbox 388 3680 553 3755; x_wconf 73' lang='grc' dir='ltr'><strong><em>κωλυθεὶς</em></strong></span> <span class='ocrx_word' id='word_1_391' title='bbox 572 3682 734 3763; x_wconf 79' lang='grc' dir='ltr'><strong><em>ἐνδέδωκε,</em></strong></span> <span class='ocrx_word' id='word_1_392' title='bbox 757 3681 841 3764; x_wconf 80' lang='grc' dir='ltr'><strong><em>μετα</em></strong></span> <span class='ocrx_word' id='word_1_393' title='bbox 859 3685 988 3748; x_wconf 84' lang='grc' dir='ltr'><strong><em>τούτων</em></strong></span> <span class='ocrx_word' id='word_1_394' title='bbox 1006 3685 1040 3748; x_wconf 83' lang='grc' dir='ltr'><strong><em>δέ</em></strong></span> <span class='ocrx_word' id='word_1_395' title='bbox 1056 3684 1100 3750; x_wconf 93' lang='grc' dir='ltr'><strong><em>τά</em></strong></span> <span class='ocrx_word' id='word_1_396' title='bbox 1127 3692 1162 3745; x_wconf 90' lang='lat' dir='ltr'><strong>ut</strong></span> <span class='ocrx_word' id='word_1_397' title='bbox 1182 3684 1399 3765; x_wconf 88' lang='lat' dir='ltr'><strong>prohiberetur,</strong></span> <span class='ocrx_word' id='word_1_398' title='bbox 1423 3687 1573 3766; x_wconf 88' lang='lat' dir='ltr'><strong>quaedam</strong></span> <span class='ocrx_word' id='word_1_399' title='bbox 1592 3668 1714 3750; x_wconf 83' lang='lat' dir='ltr'><strong>molitus</strong></span> <span class='ocrx_word' id='word_1_400' title='bbox 1737 3688 1836 3750; x_wconf 91' lang='lat' dir='ltr'><strong>sitne</strong></span> <span class='ocrx_word' id='word_1_401' title='bbox 1859 3688 2030 3769; x_wconf 85' lang='lat' dir='ltr'><strong>prohibere·</strong></span> 
     </span>
     <span class='ocr_line' id='line_1_29' title="bbox 194 3786 2030 3874; baseline 0.003 -23"><span class='ocrx_word' id='word_1_402' title='bbox 194 3786 283 3853; x_wconf 87' lang='grc' dir='ltr'><strong>αύτά</strong></span> <span class='ocrx_word' id='word_1_403' title='bbox 298 3797 386 3852; x_wconf 86' lang='grc' dir='ltr'><strong><em>ποιεῖ</em></strong></span> <span class='ocrx_word' id='word_1_404' title='bbox 400 3788 443 3870; x_wconf 75' lang='grc' dir='ltr'><strong>μὴ</strong></span> <span class='ocrx_word' id='word_1_405' title='bbox 463 3788 650 3871; x_wconf 75' lang='grc' dir='ltr'><strong><em>ἐπιτραπεὶς</em></strong></span> <span class='ocrx_word' id='word_1_406' title='bbox 666 3789 746 3874; x_wconf 84' lang='grc' dir='ltr'><strong><em>παρ’</em></strong></span> <span class='ocrx_word' id='word_1_407' title='bbox 764 3795 843 3868; x_wconf 83' lang='grc' dir='ltr'><strong><em>ἐμοῦ</em></strong></span> <span class='ocrx_word' id='word_1_408' title='bbox 857 3790 877 3868; x_wconf 73' lang='lat' dir='ltr'><strong>i&gt;</strong></span> <span class='ocrx_word' id='word_1_409' title='bbox 892 3790 982 3856; x_wconf 86' lang='grc' dir='ltr'><strong>κατά</strong></span> <span class='ocrx_word' id='word_1_410' title='bbox 997 3792 1100 3869; x_wconf 86' lang='grc' dir='ltr'><strong><em>ἀλλην</em></strong></span> <span class='ocrx_word' id='word_1_411' title='bbox 1127 3800 1188 3852; x_wconf 90' lang='lat' dir='ltr'><strong>tur:</strong></span> <span class='ocrx_word' id='word_1_412' title='bbox 1216 3791 1296 3853; x_wconf 89' lang='lat' dir='ltr'><strong>idem</strong></span> <span class='ocrx_word' id='word_1_413' title='bbox 1324 3802 1355 3854; x_wconf 91' lang='lat' dir='ltr'><strong>et</strong></span> <span class='ocrx_word' id='word_1_414' title='bbox 1381 3793 1407 3854; x_wconf 87' lang='grc' dir='ltr'><strong>εἰ</strong></span> <span class='ocrx_word' id='word_1_415' title='bbox 1433 3794 1500 3874; x_wconf 88' lang='lat' dir='ltr'><strong>quis</strong></span> <span class='ocrx_word' id='word_1_416' title='bbox 1527 3793 1697 3874; x_wconf 89' lang='lat' dir='ltr'><strong>prohibitus</strong></span> <span class='ocrx_word' id='word_1_417' title='bbox 1729 3795 1889 3869; x_wconf 86' lang='lat' dir='ltr'><strong>destiterit,</strong></span> <span class='ocrx_word' id='word_1_418' title='bbox 1921 3796 2030 3858; x_wconf 88' lang='lat' dir='ltr'><strong>deinde</strong></span> 
     </span>
     <span class='ocr_line' id='line_1_30' title="bbox 194 3893 2029 3984; baseline 0.003 -25"><span class='ocrx_word' id='word_1_419' title='bbox 194 3896 330 3976; x_wconf 75' lang='grc' dir='ltr'><strong><em>εὔλογον</em></strong></span> <span class='ocrx_word' id='word_1_420' title='bbox 353 3893 486 3959; x_wconf 54' lang='grc' dir='ltr'><strong><em>αἰτίανὲ</em></strong></span> <span class='ocrx_word' id='word_1_421' title='bbox 508 3895 708 3983; x_wconf 77' lang='grc' dir='ltr'><strong><em>ἀσφαλείας·</em></strong></span> <span class='ocrx_word' id='word_1_422' title='bbox 1126 3896 1229 3959; x_wconf 88' lang='lat' dir='ltr'><strong>eadem</strong></span> <span class='ocrx_word' id='word_1_423' title='bbox 1260 3898 1369 3984; x_wconf 65' lang='lat' dir='ltr'><strong>iecerit</strong></span> <span class='ocrx_word' id='word_1_424' title='bbox 1398 3900 1488 3961; x_wconf 81' lang='lat' dir='ltr'><strong>venia</strong></span> <span class='ocrx_word' id='word_1_425' title='bbox 1519 3921 1580 3962; x_wconf 94' lang='lat' dir='ltr'><strong>non</strong></span> <span class='ocrx_word' id='word_1_426' title='bbox 1612 3911 1738 3982; x_wconf 89' lang='lat' dir='ltr'><strong>optenta</strong></span> <span class='ocrx_word' id='word_1_427' title='bbox 1764 3922 1784 3962; x_wconf 86' lang='lat' dir='ltr'><strong>a</strong></span> <span class='ocrx_word' id='word_1_428' title='bbox 1810 3922 1859 3964; x_wconf 91' lang='lat' dir='ltr'><strong>me</strong></span> <span class='ocrx_word' id='word_1_429' title='bbox 1887 3902 2029 3984; x_wconf 87' lang='lat' dir='ltr'><strong>nullaque</strong></span> 
     </span>
    </p>

    <p class='ocr_par' dir='ltr' id='par_1_5' title="bbox 677 4005 2029 4085">
     <span class='ocr_line' id='line_1_31' title="bbox 677 4005 2029 4085; baseline 0.004 -20"><span class='ocrx_word' id='word_1_430' title='bbox 677 4005 712 4066; x_wconf 82' lang='grc'><strong>11.</strong></span> <span class='ocrx_word' id='word_1_431' title='bbox 731 4007 758 4065; x_wconf 96' lang='grc'><strong>1.</strong></span> <span class='ocrx_word' id='word_1_432' title='bbox 776 4011 792 4082; x_wconf 90' lang='lat'>5</span> <span class='ocrx_word' id='word_1_433' title='bbox 811 4009 905 4068; x_wconf 80' lang='grc'><strong>5-0.</strong></span> <span class='ocrx_word' id='word_1_434' title='bbox 922 4006 961 4067; x_wconf 94' lang='lat' dir='ltr'><strong>D.</strong></span> <span class='ocrx_word' id='word_1_435' title='bbox 978 4010 1030 4081; x_wconf 86' lang='lat'><strong>43,</strong></span> <span class='ocrx_word' id='word_1_436' title='bbox 1048 4011 1098 4069; x_wconf 83' lang='grc'><strong>24.</strong></span> <span class='ocrx_word' id='word_1_437' title='bbox 1126 4005 1208 4067; x_wconf 89' lang='lat' dir='ltr'><strong>iusta</strong></span> <span class='ocrx_word' id='word_1_438' title='bbox 1231 4025 1324 4067; x_wconf 87' lang='lat' dir='ltr'><strong>causa</strong></span> <span class='ocrx_word' id='word_1_439' title='bbox 1346 4006 1521 4081; x_wconf 88' lang='lat' dir='ltr'><strong>accedente;</strong></span> <span class='ocrx_word' id='word_1_440' title='bbox 1606 4008 1642 4071; x_wconf 85' lang='lat' dir='ltr'><strong>fr.</strong></span> <span class='ocrx_word' id='word_1_441' title='bbox 1664 4011 1690 4070; x_wconf 90' lang='lat'><strong>1.</strong></span> <span class='ocrx_word' id='word_1_442' title='bbox 1708 4014 1724 4085; x_wconf 90' lang='lat'>5</span> <span class='ocrx_word' id='word_1_443' title='bbox 1742 4011 1837 4071; x_wconf 88' lang='grc'><strong>5-9.</strong></span> <span class='ocrx_word' id='word_1_444' title='bbox 1852 4009 1892 4072; x_wconf 92' lang='lat' dir='ltr'><strong>D.</strong></span> <span class='ocrx_word' id='word_1_445' title='bbox 1909 4012 1961 4083; x_wconf 84' lang='grc'><strong>43,</strong></span> <span class='ocrx_word' id='word_1_446' title='bbox 1978 4013 2029 4072; x_wconf 85' lang='grc'><strong>24.</strong></span> 
     </span>
    </p>

    <p class='ocr_par' dir='ltr' id='par_1_6' title="bbox 194 4106 2029 4514">
     <span class='ocr_line' id='line_1_32' title="bbox 257 4106 2028 4192; baseline 0.004 -21"><span class='ocrx_word' id='word_1_447' title='bbox 257 4146 298 4156; x_wconf 96' lang='grc'><strong>-</strong></span> <span class='ocrx_word' id='word_1_448' title='bbox 316 4111 359 4182; x_wconf 87' lang='grc' dir='ltr'><strong>ὡς</strong></span> <span class='ocrx_word' id='word_1_449' title='bbox 375 4109 534 4172; x_wconf 81' lang='grc' dir='ltr'><strong><em>ἀσθενῶν</em></strong></span> <span class='ocrx_word' id='word_1_450' title='bbox 553 4106 656 4187; x_wconf 82' lang='grc' dir='ltr'><strong><em>τυχὸν</em></strong></span> <span class='ocrx_word' id='word_1_451' title='bbox 672 4108 691 4186; x_wconf 76' lang='grc' dir='ltr'>ἢ</span> <span class='ocrx_word' id='word_1_452' title='bbox 711 4109 754 4192; x_wconf 74' lang='grc' dir='ltr'><strong>μὴ</strong></span> <span class='ocrx_word' id='word_1_453' title='bbox 772 4111 884 4175; x_wconf 82' lang='grc' dir='ltr'><strong><em>θέλων</em></strong></span> <span class='ocrx_word' id='word_1_454' title='bbox 904 4112 1050 4189; x_wconf 75' lang='grc' dir='ltr'><strong><em>λυπῆσαί</em></strong></span> <span class='ocrx_word' id='word_1_455' title='bbox 1062 4134 1099 4176; x_wconf 93' lang='grc' dir='ltr'><strong>σε</strong></span> <span class='ocrx_word' id='word_1_456' title='bbox 1193 4147 1235 4158; x_wconf 96' lang='grc'><strong>-</strong></span> <span class='ocrx_word' id='word_1_457' title='bbox 1259 4132 1327 4174; x_wconf 92' lang='lat' dir='ltr'><strong>cum</strong></span> <span class='ocrx_word' id='word_1_458' title='bbox 1342 4111 1420 4175; x_wconf 83' lang='lat' dir='ltr'><strong>forte</strong></span> <span class='ocrx_word' id='word_1_459' title='bbox 1434 4113 1569 4176; x_wconf 84' lang='lat' dir='ltr'><strong>infirmus</strong></span> <span class='ocrx_word' id='word_1_460' title='bbox 1584 4135 1679 4176; x_wconf 89' lang='lat' dir='ltr'><strong>essem</strong></span> <span class='ocrx_word' id='word_1_461' title='bbox 1696 4125 1750 4177; x_wconf 90' lang='lat' dir='ltr'><strong>aut</strong></span> <span class='ocrx_word' id='word_1_462' title='bbox 1765 4115 1877 4177; x_wconf 87' lang='lat' dir='ltr'><strong>nollem</strong></span> <span class='ocrx_word' id='word_1_463' title='bbox 1893 4125 1923 4178; x_wconf 90' lang='lat' dir='ltr'><strong>te</strong></span> <span class='ocrx_word' id='word_1_464' title='bbox 1938 4117 2028 4178; x_wconf 84' lang='lat' dir='ltr'><strong>offen·</strong></span> 
     </span>
     <span class='ocr_line' id='line_1_33' title="bbox 194 4213 2029 4304; baseline 0.004 -26"><span class='ocrx_word' id='word_1_465' title='bbox 194 4213 254 4279; x_wconf 88' lang='grc' dir='ltr'><strong><em>τὸν</em></strong></span> <span class='ocrx_word' id='word_1_466' title='bbox 276 4225 542 4297; x_wconf 88' lang='grc' dir='ltr'><strong><em>καινοτομοῦντα</em></strong></span> <span class='ocrx_word' id='word_1_467' title='bbox 565 4216 584 4293; x_wconf 79' lang='lat' dir='ltr'><strong>i&gt;</strong></span> <span class='ocrx_word' id='word_1_468' title='bbox 605 4214 665 4280; x_wconf 87' lang='grc' dir='ltr'><strong><em>τὸν</em></strong></span> <span class='ocrx_word' id='word_1_469' title='bbox 688 4217 1016 4304; x_wconf 78' lang='grc' dir='ltr'><strong><em>ἀντιλαμβανόμενον</em></strong></span> <span class='ocrx_word' id='word_1_470' title='bbox 1036 4240 1099 4282; x_wconf 91' lang='grc' dir='ltr'><strong>σου</strong></span> <span class='ocrx_word' id='word_1_471' title='bbox 1127 4218 1197 4280; x_wconf 90' lang='lat' dir='ltr'><strong>dere</strong></span> <span class='ocrx_word' id='word_1_472' title='bbox 1219 4218 1268 4280; x_wconf 83' lang='lat' dir='ltr'><strong>vel</strong></span> <span class='ocrx_word' id='word_1_473' title='bbox 1283 4239 1361 4294; x_wconf 92' lang='lat' dir='ltr'><strong>eum,</strong></span> <span class='ocrx_word' id='word_1_474' title='bbox 1385 4220 1437 4301; x_wconf 92' lang='lat' dir='ltr'><strong>qui</strong></span> <span class='ocrx_word' id='word_1_475' title='bbox 1452 4240 1507 4300; x_wconf 90' lang='lat' dir='ltr'><strong>pro</strong></span> <span class='ocrx_word' id='word_1_476' title='bbox 1522 4230 1552 4282; x_wconf 86' lang='lat' dir='ltr'><strong>te</strong></span> <span class='ocrx_word' id='word_1_477' title='bbox 1566 4220 1666 4282; x_wconf 90' lang='lat' dir='ltr'><strong>locum</strong></span> <span class='ocrx_word' id='word_1_478' title='bbox 1685 4222 1816 4296; x_wconf 81' lang='lat' dir='ltr'><strong>tenebat,</strong></span> <span class='ocrx_word' id='word_1_479' title='bbox 1840 4233 1871 4285; x_wconf 88' lang='lat' dir='ltr'><strong>te</strong></span> <span class='ocrx_word' id='word_1_480' title='bbox 1886 4244 1947 4285; x_wconf 91' lang='lat' dir='ltr'><strong>non</strong></span> <span class='ocrx_word' id='word_1_481' title='bbox 1962 4245 2029 4304; x_wconf 87' lang='lat' dir='ltr'><strong>pro·</strong></span> 
     </span>
     <span class='ocr_line' id='line_1_34' title="bbox 194 4321 2029 4408; baseline 0.005 -24"><span class='ocrx_word' id='word_1_482' title='bbox 194 4321 237 4403; x_wconf 78' lang='grc' dir='ltr'><strong>μὴ</strong></span> <span class='ocrx_word' id='word_1_483' title='bbox 252 4322 391 4385; x_wconf 90' lang='grc' dir='ltr'><strong><em>κωλύσω</em></strong></span> <span class='ocrx_word' id='word_1_484' title='bbox 408 4343 445 4386; x_wconf 88' lang='grc' dir='ltr'><strong>σε</strong></span> <span class='ocrx_word' id='word_1_485' title='bbox 460 4321 480 4399; x_wconf 76' lang='grc' dir='ltr'>ἢ</span> <span class='ocrx_word' id='word_1_486' title='bbox 496 4325 540 4396; x_wconf 78' lang='grc' dir='ltr'><strong>ὡς</strong></span> <span class='ocrx_word' id='word_1_487' title='bbox 555 4322 725 4408; x_wconf 79' lang='grc' dir='ltr'><strong><em>φοβηθεὶς</em></strong></span> <span class='ocrx_word' id='word_1_488' title='bbox 741 4321 855 4399; x_wconf 89' lang='grc' dir='ltr'><strong><em>όπλοις</em></strong></span> <span class='ocrx_word' id='word_1_489' title='bbox 871 4324 950 4403; x_wconf 85' lang='grc' dir='ltr'><strong><em>δίχα</em></strong></span> <span class='ocrx_word' id='word_1_490' title='bbox 965 4326 1023 4407; x_wconf 69' lang='grc' dir='ltr'><strong>μὲν</strong></span> <span class='ocrx_word' id='word_1_491' title='bbox 1038 4335 1098 4390; x_wconf 89' lang='grc' dir='ltr'><strong><em>τοῦ</em></strong></span> <span class='ocrx_word' id='word_1_492' title='bbox 1126 4324 1258 4399; x_wconf 78' lang='lat' dir='ltr'><strong>hibuero,</strong></span> <span class='ocrx_word' id='word_1_493' title='bbox 1282 4325 1332 4388; x_wconf 86' lang='lat' dir='ltr'><strong>vel</strong></span> <span class='ocrx_word' id='word_1_494' title='bbox 1351 4334 1496 4407; x_wconf 89' lang='lat' dir='ltr'><strong>tanquam</strong></span> <span class='ocrx_word' id='word_1_495' title='bbox 1512 4328 1603 4390; x_wconf 82' lang='lat' dir='ltr'><strong>armis</strong></span> <span class='ocrx_word' id='word_1_496' title='bbox 1624 4328 1744 4390; x_wconf 89' lang='lat' dir='ltr'><strong>territus</strong></span> <span class='ocrx_word' id='word_1_497' title='bbox 1760 4330 1824 4391; x_wconf 93' lang='lat' dir='ltr'><strong>sine</strong></span> <span class='ocrx_word' id='word_1_498' title='bbox 1840 4330 1910 4391; x_wconf 93' lang='lat' dir='ltr'><strong>dolo</strong></span> <span class='ocrx_word' id='word_1_499' title='bbox 1928 4340 2029 4393; x_wconf 89' lang='lat' dir='ltr'><strong>tamen</strong></span> 
     </span>
     <span class='ocr_line' id='line_1_35' title="bbox 195 4429 2028 4514; baseline 0.003 -22"><span class='ocrx_word' id='word_1_500' title='bbox 195 4429 296 4492; x_wconf 87' lang='grc' dir='ltr'><strong><em>δόλου</em></strong></span> <span class='ocrx_word' id='word_1_501' title='bbox 312 4438 376 4492; x_wconf 89' lang='grc' dir='ltr'><strong>σοῦ</strong></span> <span class='ocrx_word' id='word_1_502' title='bbox 390 4438 452 4493; x_wconf 91' lang='grc' dir='ltr'><strong><em>τοῦ</em></strong></span> <span class='ocrx_word' id='word_1_503' title='bbox 466 4439 760 4511; x_wconf 79' lang='grc' dir='ltr'><strong><em>καινοτομοῦντοςι</em></strong></span> <span class='ocrx_word' id='word_1_504' title='bbox 778 4468 819 4478; x_wconf 92' lang='lat'><em>-</em></span> <span class='ocrx_word' id='word_1_505' title='bbox 844 4432 880 4494; x_wconf 89' lang='lat' dir='ltr'><strong>fr.</strong></span> <span class='ocrx_word' id='word_1_506' title='bbox 899 4436 926 4493; x_wconf 88' lang='lat'><strong>1.</strong></span> <span class='ocrx_word' id='word_1_507' title='bbox 944 4439 960 4509; x_wconf 92' lang='lat'>5</span> <span class='ocrx_word' id='word_1_508' title='bbox 980 4434 1029 4496; x_wconf 86' lang='lat'><strong>10.</strong></span> <span class='ocrx_word' id='word_1_509' title='bbox 1048 4437 1097 4495; x_wconf 87' lang='lat'><strong>11.</strong></span> <span class='ocrx_word' id='word_1_510' title='bbox 1126 4432 1190 4494; x_wconf 91' lang='lat' dir='ltr'><strong>eius</strong></span> <span class='ocrx_word' id='word_1_511' title='bbox 1213 4433 1264 4513; x_wconf 92' lang='lat' dir='ltr'><strong>qui</strong></span> <span class='ocrx_word' id='word_1_512' title='bbox 1287 4452 1363 4512; x_wconf 85' lang='lat' dir='ltr'><strong>opus</strong></span> <span class='ocrx_word' id='word_1_513' title='bbox 1385 4453 1497 4494; x_wconf 84' lang='lat' dir='ltr'><strong>novum</strong></span> <span class='ocrx_word' id='word_1_514' title='bbox 1520 4432 1599 4495; x_wconf 87' lang='lat' dir='ltr'><strong>fecit</strong></span> <span class='ocrx_word' id='word_1_515' title='bbox 1778 4436 1813 4497; x_wconf 82' lang='lat' dir='ltr'><strong>fr.</strong></span> <span class='ocrx_word' id='word_1_516' title='bbox 1832 4440 1859 4498; x_wconf 94' lang='lat'><strong>1.</strong></span> <span class='ocrx_word' id='word_1_517' title='bbox 1876 4443 1892 4514; x_wconf 99' lang='lat'>5</span> <span class='ocrx_word' id='word_1_518' title='bbox 1912 4440 1961 4499; x_wconf 93' lang='grc'><strong>10.</strong></span> <span class='ocrx_word' id='word_1_519' title='bbox 1980 4441 2028 4498; x_wconf 92' lang='grc'><strong>11.</strong></span> 
     </span>
    </p>

    <p class='ocr_par' dir='ltr' id='par_1_7' title="bbox 22 4533 2029 4727">
     <span class='ocr_line' id='line_1_36' title="bbox 22 4533 2028 4621; baseline 0.003 -22"><span class='ocrx_word' id='word_1_520' title='bbox 22 4578 56 4620; x_wconf 62' lang='lat' dir='ltr'><strong>:et</strong></span> <span class='ocrx_word' id='word_1_521' title='bbox 123 4538 156 4611; x_wconf 80' lang='grc' dir='ltr'><strong>β.</strong></span> <span class='ocrx_word' id='word_1_522' title='bbox 264 4534 346 4600; x_wconf 75' lang='grc' dir='ltr'><strong>011δέ</strong></span> <span class='ocrx_word' id='word_1_523' title='bbox 382 4533 448 4618; x_wconf 74' lang='grc' dir='ltr'><strong>γάρ</strong></span> <span class='ocrx_word' id='word_1_524' title='bbox 487 4536 595 4618; x_wconf 80' lang='grc' dir='ltr'><strong><em>ἕξεστί</em></strong></span> <span class='ocrx_word' id='word_1_525' title='bbox 629 4559 685 4618; x_wconf 93' lang='grc' dir='ltr'><strong>μοι</strong></span> <span class='ocrx_word' id='word_1_526' title='bbox 720 4539 859 4621; x_wconf 86' lang='grc' dir='ltr'><strong><em>χείρονα</em></strong></span> <span class='ocrx_word' id='word_1_527' title='bbox 897 4547 1002 4601; x_wconf 87' lang='grc' dir='ltr'><strong><em>ποιεῖν</em></strong></span> <span class='ocrx_word' id='word_1_528' title='bbox 1038 4538 1098 4617; x_wconf 75' lang='grc' dir='ltr'><strong><em>τὴν</em></strong></span> <span class='ocrx_word' id='word_1_529' title='bbox 1192 4538 1263 4600; x_wconf 83' lang='grc' dir='ltr'><strong>Νοα</strong></span> <span class='ocrx_word' id='word_1_530' title='bbox 1296 4539 1376 4600; x_wconf 87' lang='lat' dir='ltr'><strong>enim</strong></span> <span class='ocrx_word' id='word_1_531' title='bbox 1408 4540 1478 4601; x_wconf 90' lang='lat' dir='ltr'><strong>licet</strong></span> <span class='ocrx_word' id='word_1_532' title='bbox 1509 4539 1582 4601; x_wconf 89' lang='lat' dir='ltr'><strong>mihi</strong></span> <span class='ocrx_word' id='word_1_533' title='bbox 1614 4541 1793 4605; x_wconf 82' lang='lat' dir='ltr'><strong>deteriorem</strong></span> <span class='ocrx_word' id='word_1_534' title='bbox 1824 4544 2028 4607; x_wconf 90' lang='lat' dir='ltr'><strong>condicionem</strong></span> 
     </span>
     <span class='ocr_line' id='line_1_37' title="bbox 194 4641 2029 4727; baseline 0.004 -22"><span class='ocrx_word' id='word_1_535' title='bbox 194 4641 322 4725; x_wconf 79' lang='grc' dir='ltr'><strong><em>αἵρεσιν</em></strong></span> <span class='ocrx_word' id='word_1_536' title='bbox 345 4650 406 4705; x_wconf 88' lang='grc' dir='ltr'><strong><em>τοῦ</em></strong></span> <span class='ocrx_word' id='word_1_537' title='bbox 428 4642 527 4723; x_wconf 81' lang='grc' dir='ltr'><strong><em>μηδέν</em></strong></span> <span class='ocrx_word' id='word_1_538' title='bbox 550 4644 815 4726; x_wconf 79' lang='grc' dir='ltr'><strong><em>ἁμαρτάνοντος.</em></strong></span> <span class='ocrx_word' id='word_1_539' title='bbox 1016 4647 1051 4709; x_wconf 85' lang='lat' dir='ltr'><strong>fr.</strong></span> <span class='ocrx_word' id='word_1_540' title='bbox 1069 4652 1097 4708; x_wconf 84' lang='lat'><strong>2.</strong></span> <span class='ocrx_word' id='word_1_541' title='bbox 1127 4645 1225 4707; x_wconf 83' lang='lat' dir='ltr'><strong>facere</strong></span> <span class='ocrx_word' id='word_1_542' title='bbox 1246 4646 1310 4707; x_wconf 89' lang='lat' dir='ltr'><strong>eius</strong></span> <span class='ocrx_word' id='word_1_543' title='bbox 1333 4646 1385 4726; x_wconf 88' lang='lat' dir='ltr'><strong>qui</strong></span> <span class='ocrx_word' id='word_1_544' title='bbox 1408 4646 1483 4707; x_wconf 90' lang='lat' dir='ltr'><strong>nihil</strong></span> <span class='ocrx_word' id='word_1_545' title='bbox 1505 4649 1652 4727; x_wconf 86' lang='lat' dir='ltr'><strong>peccavit</strong></span> <span class='ocrx_word' id='word_1_546' title='bbox 1947 4650 1982 4712; x_wconf 83' lang='lat' dir='ltr'><strong>ir.</strong></span> <span class='ocrx_word' id='word_1_547' title='bbox 2000 4655 2029 4714; x_wconf 93' lang='grc'><strong>2.</strong></span> 
     </span>
    </p>

    <p class='ocr_par' dir='ltr' id='par_1_8' title="bbox 193 4747 2030 5048">
     <span class='ocr_line' id='line_1_38' title="bbox 258 4747 2030 4839; baseline 0.004 -25"><span class='ocrx_word' id='word_1_548' title='bbox 258 4748 291 4814; x_wconf 89' lang='grc' dir='ltr'><em>Ὁ</em></span> <span class='ocrx_word' id='word_1_549' title='bbox 313 4748 469 4832; x_wconf 88' lang='grc' dir='ltr'><strong><em>κρύπτων</em></strong></span> <span class='ocrx_word' id='word_1_550' title='bbox 484 4747 544 4812; x_wconf 83' lang='grc' dir='ltr'><strong><em>τόν</em></strong></span> <span class='ocrx_word' id='word_1_551' title='bbox 560 4749 730 4814; x_wconf 81' lang='grc' dir='ltr'><strong><em>ἀντίδικον</em></strong></span> <span class='ocrx_word' id='word_1_552' title='bbox 744 4750 859 4832; x_wconf 80' lang='grc' dir='ltr'><strong><em>καὶμὴ</em></strong></span> <span class='ocrx_word' id='word_1_553' title='bbox 877 4753 1098 4839; x_wconf 88' lang='grc' dir='ltr'><strong><em>διαμαρτυρό-</em></strong></span> <span class='ocrx_word' id='word_1_554' title='bbox 1193 4752 1256 4828; x_wconf 73' lang='lat' dir='ltr'><strong>Qui</strong></span> <span class='ocrx_word' id='word_1_555' title='bbox 1278 4752 1389 4816; x_wconf 82' lang='lat' dir='ltr'><strong>celavit</strong></span> <span class='ocrx_word' id='word_1_556' title='bbox 1411 4754 1618 4816; x_wconf 85' lang='lat' dir='ltr'><strong>adversarium</strong></span> <span class='ocrx_word' id='word_1_557' title='bbox 1638 4776 1736 4837; x_wconf 85' lang='lat' dir='ltr'><strong>neque</strong></span> <span class='ocrx_word' id='word_1_558' title='bbox 1755 4777 1824 4820; x_wconf 90' lang='lat' dir='ltr'><strong>eum</strong></span> <span class='ocrx_word' id='word_1_559' title='bbox 1839 4758 2030 4821; x_wconf 84' lang='lat' dir='ltr'><strong>denuntiavit</strong></span> 
     </span>
     <span class='ocr_line' id='line_1_39' title="bbox 193 4854 2030 4945; baseline 0.005 -26"><span class='ocrx_word' id='word_1_560' title='bbox 193 4878 288 4938; x_wconf 88' lang='grc' dir='ltr'><strong><em>μενος</em></strong></span> <span class='ocrx_word' id='word_1_561' title='bbox 317 4854 422 4920; x_wconf 80' lang='grc' dir='ltr'><strong><em>αὐτὸν</em></strong></span> <span class='ocrx_word' id='word_1_562' title='bbox 450 4856 555 4920; x_wconf 81' lang='grc' dir='ltr'><strong><em>ταύτό</em></strong></span> <span class='ocrx_word' id='word_1_563' title='bbox 586 4861 654 4920; x_wconf 85' lang='grc' dir='ltr'><strong><em>ἐστι</em></strong></span> <span class='ocrx_word' id='word_1_564' title='bbox 686 4855 751 4921; x_wconf 83' lang='grc' dir='ltr'><strong>κάν</strong></span> <span class='ocrx_word' id='word_1_565' title='bbox 779 4861 903 4944; x_wconf 79' lang='grc' dir='ltr'><strong><em>κατέχῃ</em></strong></span> <span class='ocrx_word' id='word_1_566' title='bbox 926 4856 987 4922; x_wconf 88' lang='grc' dir='ltr'><strong><em>τὸν</em></strong></span> <span class='ocrx_word' id='word_1_567' title='bbox 1009 4862 1098 4944; x_wconf 83' lang='grc' dir='ltr'><strong><em>όφεί-</em></strong></span> <span class='ocrx_word' id='word_1_568' title='bbox 1126 4860 1249 4940; x_wconf 88' lang='lat' dir='ltr'><strong>perinde</strong></span> <span class='ocrx_word' id='word_1_569' title='bbox 1273 4869 1320 4921; x_wconf 89' lang='lat' dir='ltr'><strong>est</strong></span> <span class='ocrx_word' id='word_1_570' title='bbox 1341 4880 1379 4922; x_wconf 88' lang='lat' dir='ltr'><strong>ec</strong></span> <span class='ocrx_word' id='word_1_571' title='bbox 1402 4862 1428 4921; x_wconf 87' lang='lat' dir='ltr'><strong>si</strong></span> <span class='ocrx_word' id='word_1_572' title='bbox 1449 4862 1608 4923; x_wconf 84' lang='lat' dir='ltr'><strong>retinuerit</strong></span> <span class='ocrx_word' id='word_1_573' title='bbox 1628 4883 1706 4938; x_wconf 91' lang='lat' dir='ltr'><strong>eum,</strong></span> <span class='ocrx_word' id='word_1_574' title='bbox 1729 4864 1779 4945; x_wconf 92' lang='lat' dir='ltr'><strong>qui</strong></span> <span class='ocrx_word' id='word_1_575' title='bbox 1802 4864 1830 4926; x_wconf 89' lang='lat' dir='ltr'><strong>ei</strong></span> <span class='ocrx_word' id='word_1_576' title='bbox 1853 4865 2030 4928; x_wconf 89' lang='lat' dir='ltr'><strong>denuntiare</strong></span> 
     </span>
     <span class='ocr_line' id='line_1_40' title="bbox 194 4964 2028 5048; baseline 0.004 -23"><span class='ocrx_word' id='word_1_577' title='bbox 194 4964 297 5027; x_wconf 86' lang='grc' dir='ltr'><strong><em>λοντα</em></strong></span> <span class='ocrx_word' id='word_1_578' title='bbox 320 4964 551 5045; x_wconf 75' lang='grc' dir='ltr'><strong><em>παραγγεῖλαιε</em></strong></span> <span class='ocrx_word' id='word_1_579' title='bbox 569 5002 611 5012; x_wconf 91' lang='grc'>-</span> <span class='ocrx_word' id='word_1_580' title='bbox 890 4966 926 5027; x_wconf 83' lang='lat' dir='ltr'><strong>ir.</strong></span> <span class='ocrx_word' id='word_1_581' title='bbox 944 4972 972 5027; x_wconf 90' lang='lat'><strong>3.</strong></span> <span class='ocrx_word' id='word_1_582' title='bbox 990 4973 1006 5043; x_wconf 86' lang='lat'>5</span> <span class='ocrx_word' id='word_1_583' title='bbox 1025 4970 1052 5028; x_wconf 96' lang='grc'><strong>7.</strong></span> <span class='ocrx_word' id='word_1_584' title='bbox 1069 4971 1097 5028; x_wconf 89' lang='lat'><strong>8.</strong></span> <span class='ocrx_word' id='word_1_585' title='bbox 1127 4966 1287 5028; x_wconf 84' lang='lat' dir='ltr'><strong>debuisset</strong></span> <span class='ocrx_word' id='word_1_586' title='bbox 1819 4970 1855 5033; x_wconf 83' lang='lat' dir='ltr'><strong>ir.</strong></span> <span class='ocrx_word' id='word_1_587' title='bbox 1873 4974 1902 5032; x_wconf 87' lang='lat'><strong>3.</strong></span> <span class='ocrx_word' id='word_1_588' title='bbox 1919 4978 1935 5048; x_wconf 88' lang='lat'>5</span> <span class='ocrx_word' id='word_1_589' title='bbox 1955 4975 1984 5033; x_wconf 84' lang='lat'><strong>7.</strong></span> <span class='ocrx_word' id='word_1_590' title='bbox 2000 4976 2028 5033; x_wconf 87' lang='lat'><strong>8.</strong></span> 
     </span>
    </p>

    <p class='ocr_par' dir='ltr' id='par_1_9' title="bbox 193 5068 2126 5261">
     <span class='ocr_line' id='line_1_41' title="bbox 258 5068 2126 5157; baseline 0.004 -24"><span class='ocrx_word' id='word_1_591' title='bbox 258 5069 290 5133; x_wconf 92' lang='grc' dir='ltr'>Ὁ</span> <span class='ocrx_word' id='word_1_592' title='bbox 322 5068 469 5151; x_wconf 83' lang='grc' dir='ltr'><strong><em>μηνύσας</em></strong></span> <span class='ocrx_word' id='word_1_593' title='bbox 500 5079 604 5134; x_wconf 91' lang='grc' dir='ltr'><strong><em>ποιεῖν</em></strong></span> <span class='ocrx_word' id='word_1_594' title='bbox 634 5073 732 5151; x_wconf 73' lang='grc' dir='ltr'><strong><em>ἔργον</em></strong></span> <span class='ocrx_word' id='word_1_595' title='bbox 760 5069 817 5135; x_wconf 77' lang='grc' dir='ltr'><strong>καὶ</strong></span> <span class='ocrx_word' id='word_1_596' title='bbox 851 5072 1099 5157; x_wconf 75' lang='grc' dir='ltr'><strong><em>παραγγελθείς</em></strong></span> <span class='ocrx_word' id='word_1_597' title='bbox 1170 5072 1233 5150; x_wconf 77' lang='lat' dir='ltr'><strong>Qui</strong></span> <span class='ocrx_word' id='word_1_598' title='bbox 1255 5073 1402 5137; x_wconf 85' lang='lat' dir='ltr'><strong>indicavit</strong></span> <span class='ocrx_word' id='word_1_599' title='bbox 1424 5095 1456 5136; x_wconf 90' lang='grc' dir='ltr'><strong>εε</strong></span> <span class='ocrx_word' id='word_1_600' title='bbox 1479 5096 1555 5156; x_wconf 84' lang='lat' dir='ltr'><strong>opus</strong></span> <span class='ocrx_word' id='word_1_601' title='bbox 1578 5075 1739 5150; x_wconf 87' lang='lat' dir='ltr'><strong>facturum,</strong></span> <span class='ocrx_word' id='word_1_602' title='bbox 1761 5077 1832 5140; x_wconf 87' lang='lat' dir='ltr'><strong>aiei</strong></span> <span class='ocrx_word' id='word_1_603' title='bbox 1855 5078 1895 5139; x_wconf 85' lang='lat' dir='ltr'><strong>sit</strong></span> <span class='ocrx_word' id='word_1_604' title='bbox 1917 5078 2029 5140; x_wconf 90' lang='lat' dir='ltr'><strong>denun-</strong></span> <span class='ocrx_word' id='word_1_605' title='bbox 2124 5110 2126 5114; x_wconf 80' lang='lat'><strong>.</strong></span> 
     </span>
     <span class='ocr_line' id='line_1_42' title="bbox 193 5172 2028 5261; baseline 0.004 -23"><span class='ocrx_word' id='word_1_606' title='bbox 193 5172 251 5239; x_wconf 83' lang='grc' dir='ltr'><strong>καλ</strong></span> <span class='ocrx_word' id='word_1_607' title='bbox 275 5176 416 5253; x_wconf 80' lang='grc' dir='ltr'><strong><em>ποιήσας</em></strong></span> <span class='ocrx_word' id='word_1_608' title='bbox 438 5175 519 5260; x_wconf 91' lang='grc' dir='ltr'><strong><em>βίαν</em></strong></span> <span class='ocrx_word' id='word_1_609' title='bbox 541 5186 637 5241; x_wconf 74' lang='grc' dir='ltr'><strong><em>ποιεῖε</em></strong></span> <span class='ocrx_word' id='word_1_610' title='bbox 654 5214 697 5225; x_wconf 90' lang='grc'>-</span> <span class='ocrx_word' id='word_1_611' title='bbox 936 5178 973 5242; x_wconf 83' lang='lat' dir='ltr'><strong>fr.</strong></span> <span class='ocrx_word' id='word_1_612' title='bbox 990 5184 1018 5242; x_wconf 83' lang='lat'><strong>5.</strong></span> <span class='ocrx_word' id='word_1_613' title='bbox 1036 5187 1051 5256; x_wconf 91' lang='lat'>5</span> <span class='ocrx_word' id='word_1_614' title='bbox 1071 5186 1097 5244; x_wconf 92' lang='grc'><strong>7.</strong></span> <span class='ocrx_word' id='word_1_615' title='bbox 1126 5180 1234 5241; x_wconf 83' lang='lat' dir='ltr'><strong>tiatum</strong></span> <span class='ocrx_word' id='word_1_616' title='bbox 1258 5189 1289 5242; x_wconf 90' lang='lat' dir='ltr'><strong>et</strong></span> <span class='ocrx_word' id='word_1_617' title='bbox 1310 5180 1411 5256; x_wconf 84' lang='lat' dir='ltr'><strong>faciat,</strong></span> <span class='ocrx_word' id='word_1_618' title='bbox 1435 5182 1497 5244; x_wconf 77' lang='lat' dir='ltr'><strong>vitu</strong></span> <span class='ocrx_word' id='word_1_619' title='bbox 1515 5182 1597 5245; x_wconf 83' lang='lat' dir='ltr'><strong>facit</strong></span> <span class='ocrx_word' id='word_1_620' title='bbox 1866 5183 1902 5246; x_wconf 81' lang='lat' dir='ltr'><strong>fr,</strong></span> <span class='ocrx_word' id='word_1_621' title='bbox 1919 5188 1948 5246; x_wconf 92' lang='grc'><strong>5.</strong></span> <span class='ocrx_word' id='word_1_622' title='bbox 1965 5190 1981 5261; x_wconf 90' lang='lat'>5</span> <span class='ocrx_word' id='word_1_623' title='bbox 2001 5189 2028 5247; x_wconf 83' lang='lat'><strong>7.</strong></span> 
     </span>
    </p>

    <p class='ocr_par' dir='ltr' id='par_1_10' title="bbox 13 5279 2028 5583">
     <span class='ocr_line' id='line_1_43' title="bbox 258 5279 2027 5368; baseline 0.004 -22"><span class='ocrx_word' id='word_1_624' title='bbox 258 5281 291 5347; x_wconf 83' lang='lat'><strong>‘0</strong></span> <span class='ocrx_word' id='word_1_625' title='bbox 323 5279 456 5365; x_wconf 82' lang='grc' dir='ltr'><strong><em>καρπὸν</em></strong></span> <span class='ocrx_word' id='word_1_626' title='bbox 487 5285 631 5367; x_wconf 91' lang='grc' dir='ltr'><strong><em>ἐπαίρων</em></strong></span> <span class='ocrx_word' id='word_1_627' title='bbox 668 5285 730 5362; x_wconf 80' lang='grc' dir='ltr'><strong>οὐχ</strong></span> <span class='ocrx_word' id='word_1_628' title='bbox 769 5284 937 5349; x_wconf 81' lang='grc' dir='ltr'><strong><em>ὑπόκειται</em></strong></span> <span class='ocrx_word' id='word_1_629' title='bbox 972 5287 1097 5368; x_wconf 85' lang='grc' dir='ltr'><strong><em>νομίμῳ</em></strong></span> <span class='ocrx_word' id='word_1_630' title='bbox 1192 5287 1254 5364; x_wconf 77' lang='lat' dir='ltr'><strong>Qui</strong></span> <span class='ocrx_word' id='word_1_631' title='bbox 1277 5287 1393 5350; x_wconf 79' lang='lat' dir='ltr'><strong>fructur</strong></span> <span class='ocrx_word' id='word_1_632' title='bbox 1416 5289 1515 5351; x_wconf 81' lang='lat' dir='ltr'><strong>aufert</strong></span> <span class='ocrx_word' id='word_1_633' title='bbox 1530 5311 1589 5352; x_wconf 92' lang='lat' dir='ltr'><strong>non</strong></span> <span class='ocrx_word' id='word_1_634' title='bbox 1607 5289 1754 5352; x_wconf 90' lang='lat' dir='ltr'><strong>subicitur</strong></span> <span class='ocrx_word' id='word_1_635' title='bbox 1775 5290 1845 5352; x_wconf 91' lang='lat' dir='ltr'><strong>huic</strong></span> <span class='ocrx_word' id='word_1_636' title='bbox 1861 5291 2027 5366; x_wconf 89' lang='lat' dir='ltr'><strong>interdicto,</strong></span> 
     </span>
     <span class='ocr_line' id='line_1_44' title="bbox 196 5389 2028 5479; baseline 0.003 -27.364"><span class='ocrx_word' id='word_1_637' title='bbox 196 5389 456 5472; x_wconf 77' lang='grc' dir='ltr'><strong><em>παραγγέλματι,</em></strong></span> <span class='ocrx_word' id='word_1_638' title='bbox 472 5389 558 5455; x_wconf 88' lang='grc' dir='ltr'><strong><em>ἀλλά</em></strong></span> <span class='ocrx_word' id='word_1_639' title='bbox 573 5395 614 5477; x_wconf 83' lang='grc' dir='ltr'><strong><em>τῇ</em></strong></span> <span class='ocrx_word' id='word_1_640' title='bbox 631 5389 703 5474; x_wconf 74' lang='grc' dir='ltr'><strong><em>περὶ</em></strong></span> <span class='ocrx_word' id='word_1_641' title='bbox 713 5392 837 5469; x_wconf 78' lang='grc' dir='ltr'><strong><em>κλοπῆς</em></strong></span> <span class='ocrx_word' id='word_1_642' title='bbox 846 5398 891 5466; x_wconf 81' lang='grc' dir='ltr'><strong>είς</strong></span> <span class='ocrx_word' id='word_1_643' title='bbox 906 5390 945 5457; x_wconf 86' lang='grc' dir='ltr'><strong><em>τὸ</em></strong></span> <span class='ocrx_word' id='word_1_644' title='bbox 962 5392 1098 5457; x_wconf 89' lang='grc' dir='ltr'><strong><em>διπλοῦν</em></strong></span> <span class='ocrx_word' id='word_1_645' title='bbox 1126 5394 1179 5456; x_wconf 90' lang='lat' dir='ltr'><strong>sed</strong></span> <span class='ocrx_word' id='word_1_646' title='bbox 1204 5393 1333 5479; x_wconf 89' lang='lat' dir='ltr'><strong>[potius]</strong></span> <span class='ocrx_word' id='word_1_647' title='bbox 1358 5395 1470 5457; x_wconf 89' lang='lat' dir='ltr'><strong>actioni</strong></span> <span class='ocrx_word' id='word_1_648' title='bbox 1489 5396 1527 5457; x_wconf 91' lang='lat' dir='ltr'><strong>de</strong></span> <span class='ocrx_word' id='word_1_649' title='bbox 1542 5397 1622 5459; x_wconf 83' lang='lat' dir='ltr'><strong>furto</strong></span> <span class='ocrx_word' id='word_1_650' title='bbox 1637 5398 1670 5459; x_wconf 92' lang='lat' dir='ltr'><strong>in</strong></span> <span class='ocrx_word' id='word_1_651' title='bbox 1684 5397 1820 5477; x_wconf 92' lang='lat' dir='ltr'><strong>duplum.</strong></span> <span class='ocrx_word' id='word_1_652' title='bbox 1865 5397 1900 5459; x_wconf 84' lang='lat' dir='ltr'><strong>fr.</strong></span> <span class='ocrx_word' id='word_1_653' title='bbox 1919 5403 1946 5461; x_wconf 91' lang='grc'><strong>7.</strong></span> <span class='ocrx_word' id='word_1_654' title='bbox 1965 5404 1980 5474; x_wconf 86' lang='lat'>5</span> <span class='ocrx_word' id='word_1_655' title='bbox 1999 5404 2028 5459; x_wconf 84' lang='lat'><strong>5.</strong></span> 
     </span>
     <span class='ocr_line' id='line_1_45' title="bbox 196 5493 1097 5583; baseline 0.006 -24.987"><span class='ocrx_word' id='word_1_656' title='bbox 196 5493 404 5583; x_wconf 55' lang='lat' dir='ltr'><strong>&amp;term-³</strong></span> <span class='ocrx_word' id='word_1_657' title='bbox 935 5500 971 5562; x_wconf 77' lang='lat' dir='ltr'><strong>fr.</strong></span> <span class='ocrx_word' id='word_1_658' title='bbox 990 5506 1097 5578; x_wconf 58' lang='lat'><strong>755.</strong></span> 
     </span>
    </p>
   </div>
   <div class='ocr_carea' id='block_1_5' title="bbox 13 4788 55 4849">
    <p class='ocr_par' dir='ltr' id='par_1_11' title="bbox 13 4788 55 4849">
     <span class='ocr_line' id='line_1_46' title="bbox 13 4788 55 4849; baseline 0 -52"><span class='ocrx_word' id='word_1_659' title='bbox 13 4788 55 4849; x_wconf 44' lang='lat' dir='ltr'><strong>w.</strong></span> 
     </span>
    </p>
   </div>
   <div class='ocr_carea' id='block_1_6' title="bbox 16 5744 1098 6087">
    <p class='ocr_par' dir='ltr' id='par_1_12' title="bbox 16 5744 1098 5997">
     <span class='ocr_line' id='line_1_47' title="bbox 16 5744 1098 5819; baseline 0.006 -23"><span class='ocrx_word' id='word_1_660' title='bbox 16 5778 70 5817; x_wconf 58' lang='lat' dir='ltr'><strong>„e</strong></span> <span class='ocrx_word' id='word_1_661' title='bbox 268 5744 417 5819; x_wconf 79' lang='grc' dir='ltr'><strong>ιδειιερρει</strong></span> <span class='ocrx_word' id='word_1_662' title='bbox 436 5746 496 5802; x_wconf 90' lang='lat' dir='ltr'><strong>cod.</strong></span> <span class='ocrx_word' id='word_1_663' title='bbox 586 5745 710 5802; x_wconf 82' lang='lat' dir='ltr'><strong>’Habet</strong></span> <span class='ocrx_word' id='word_1_664' title='bbox 727 5746 793 5819; x_wconf 81' lang='lat' dir='ltr'><strong>Syn.</strong></span> <span class='ocrx_word' id='word_1_665' title='bbox 826 5746 863 5802; x_wconf 76' lang='lat' dir='ltr'><strong>cf.</strong></span> <span class='ocrx_word' id='word_1_666' title='bbox 881 5754 911 5803; x_wconf 88' lang='lat' dir='ltr'><strong>et</strong></span> <span class='ocrx_word' id='word_1_667' title='bbox 928 5746 1014 5802; x_wconf 84' lang='lat' dir='ltr'><strong>schol.</strong></span> <span class='ocrx_word' id='word_1_668' title='bbox 1033 5746 1098 5803; x_wconf 85' lang='lat' dir='ltr'><strong>Bas.</strong></span> 
     </span>
     <span class='ocr_line' id='line_1_48' title="bbox 70 5818 1098 5909; baseline 0.002 -21"><span class='ocrx_word' id='word_1_669' title='bbox 70 5872 74 5909; x_wconf 85' lang='lat'>:</span> <span class='ocrx_word' id='word_1_670' title='bbox 194 5834 545 5907; x_wconf 79' lang='lat' dir='ltr'><strong>[1a,2,r-Hb.leoo.]:</strong></span> <span class='ocrx_word' id='word_1_671' title='bbox 565 5855 590 5892; x_wconf 80' lang='lat' dir='ltr'><strong>v.</strong></span> <span class='ocrx_word' id='word_1_672' title='bbox 605 5837 671 5906; x_wconf 70' lang='grc' dir='ltr'><strong><em>ειη.</em></strong></span> <span class='ocrx_word' id='word_1_673' title='bbox 691 5837 765 5907; x_wconf 84' lang='lat' dir='ltr'><strong>quod</strong></span> <span class='ocrx_word' id='word_1_674' title='bbox 778 5818 960 5907; x_wconf 62' lang='lat' dir='ltr'><strong>sequiturbix</strong></span> <span class='ocrx_word' id='word_1_675' title='bbox 972 5836 1098 5909; x_wconf 70' lang='lat' dir='ltr'><strong>intellegi</strong></span> 
     </span>
     <span class='ocr_line' id='line_1_49' title="bbox 195 5926 1098 5997; baseline 0.002 -20"><span class='ocrx_word' id='word_1_676' title='bbox 195 5930 299 5994; x_wconf 83' lang='lat' dir='ltr'><strong>potest:</strong></span> <span class='ocrx_word' id='word_1_677' title='bbox 319 5931 512 5995; x_wconf 80' lang='lat' dir='ltr'><strong>expectaretur</strong></span> <span class='ocrx_word' id='word_1_678' title='bbox 530 5926 563 5980; x_wconf 84' lang='grc' dir='ltr'><strong>ού</strong></span> <span class='ocrx_word' id='word_1_679' title='bbox 579 5926 632 5997; x_wconf 77' lang='grc' dir='ltr'><strong>μὴν</strong></span> <span class='ocrx_word' id='word_1_680' title='bbox 650 5927 677 5980; x_wconf 83' lang='grc' dir='ltr'><strong>εί</strong></span> <span class='ocrx_word' id='word_1_681' title='bbox 692 5926 736 5982; x_wconf 83' lang='lat' dir='ltr'><strong>vel</strong></span> <span class='ocrx_word' id='word_1_682' title='bbox 754 5927 823 5995; x_wconf 81' lang='lat' dir='ltr'><strong>sim,</strong></span> <span class='ocrx_word' id='word_1_683' title='bbox 842 5932 975 5997; x_wconf 83' lang='lat' dir='ltr'><strong>tanquam</strong></span> <span class='ocrx_word' id='word_1_684' title='bbox 987 5927 1098 5980; x_wconf 89' lang='lat' dir='ltr'><strong>initium</strong></span> 
     </span>
    </p>

    <p class='ocr_par' dir='ltr' id='par_1_13' title="bbox 196 6013 963 6087">
     <span class='ocr_line' id='line_1_50' title="bbox 196 6013 963 6087; baseline -0.001 -18"><span class='ocrx_word' id='word_1_685' title='bbox 196 6016 339 6087; x_wconf 79' lang='lat' dir='ltr'><strong>sequentia</strong></span> <span class='ocrx_word' id='word_1_686' title='bbox 357 6014 394 6084; x_wconf 84' lang='lat'><strong>5¹.</strong></span> <span class='ocrx_word' id='word_1_687' title='bbox 480 6013 544 6071; x_wconf 80' lang='grc' dir='ltr'><strong>ὀί.</strong></span> <span class='ocrx_word' id='word_1_688' title='bbox 564 6015 649 6070; x_wconf 84' lang='lat' dir='ltr'><strong>schol.</strong></span> <span class='ocrx_word' id='word_1_689' title='bbox 668 6016 746 6084; x_wconf 82' lang='grc' dir='ltr'><strong><em>Βεε,</em></strong></span> <span class='ocrx_word' id='word_1_690' title='bbox 765 6016 839 6070; x_wconf 83' lang='grc' dir='ltr'><strong><em>ααδε</em></strong></span> <span class='ocrx_word' id='word_1_691' title='bbox 857 6016 888 6070; x_wconf 72' lang='lat'><strong>1⁴⁸.</strong></span> <span class='ocrx_word' id='word_1_692' title='bbox 907 6015 963 6070; x_wconf 90' lang='lat' dir='ltr'><strong>Hb.</strong></span> 
     </span>
    </p>
   </div>
   <div class='ocr_carea' id='block_1_7' title="bbox 0 0 2426 7012">
    <p class='ocr_par' dir='ltr' id='par_1_14' title="bbox 0 0 2426 7012">
     <span class='ocr_line' id='line_1_51' title="bbox 0 0 2426 7012; baseline 0 0"><span class='ocrx_word' id='word_1_693' title='bbox 0 0 2426 7012; x_wconf 95' lang='lat' dir='ltr'><strong> </strong></span> 
     </span>
    </p>
   </div>
  </div>
 </body>
</html>
