4978 7018
414 497 456 560 48
1027 492 1181 560 LIBER
1202 494 1341 560 XXXV.
1386 497 1475 562 TIT.
1497 494 1556 561 IX.
1579 494 1622 561 X

478 673 517 766 tO⁸
533 674 678 760 γράφων
700 671 777 737 τινα
799 677 843 748 είς
867 672 926 737 δύο
948 677 1029 758 μέρη
1052 674 1110 740 καλ
1138 680 1251 760 ἕτερον
1273 682 1317 751 είς
1411 679 1474 757 Qui
1500 699 1596 739 unum
1623 694 1661 739 ex
1689 677 1807 740 duabus
1834 675 1971 757 partibus
1999 686 2030 738 et
2056 676 2187 740 alterum
2209 694 2249 739 ex

414 789 502 866 τρεῖς
525 781 669 862 οόγκιάς,
694 781 783 845 δοκεῖ
797 778 857 858 τήν
872 781 1096 864 κληρονομίαν
1115 783 1220 845 αὐτοῦ
1235 781 1317 846 διαι-
1345 787 1441 849 tribus
1464 785 1561 847 unciis
1584 785 1759 859 instituerit,
1791 783 1912 847 videtur
1938 783 2138 847 hereditatem
2160 804 2249 845 susm

415 897 483 973 ρεῖν
510 891 554 961 είς
580 890 673 951 ἐννέα
702 889 852 969 οὐγκιάς·
885 889 1043 962 πολλάκις
1069 886 1135 972 γάρ
1164 886 1231 953 άπδ
1259 898 1318 965 τῆς
1344 895 1377 954 in
1403 911 1513 954 novem
1539 893 1644 954 uncias
1671 890 1818 964 dividere;
1850 910 1941 971 saepe
1971 890 2052 952 enim
2079 911 2118 952 ex
2148 892 2250 953 vicina

414 996 562 1076 γείτονος
584 1006 720 1082 γραφῆς
743 993 787 1059 τά
815 998 934 1083 ἀσαφῆ
963 997 1171 1077 σημαίνεται,
1200 998 1244 1070 ὡς
1267 994 1317 1059 eu
1346 1001 1495 1080 scriptura
1525 999 1718 1079 explicantur
1748 999 1884 1073 obscura,
1917 1000 2006 1061 sicuti
2035 1016 2105 1060 cum
2134 997 2251 1058 nummi

415 1101 568 1183 νούμμων
595 1101 873 1183 ληγατενθέντων
900 1098 946 1166 ὧν
973 1100 1013 1167 τὸ
1046 1099 1131 1176 εἶδος
1164 1104 1225 1166 οὐκ
1256 1104 1318 1186 ἐξε-
1345 1105 1493 1186 legantur.
1517 1098 1644 1186 ¹quorum
1668 1105 1782 1186 species
1805 1126 1867 1167 non
1889 1115 1937 1168 est
1957 1107 2101 1167 indicata

415 1208 637 1295 φωνήθηι-
1087 1211 1122 1272 l'r.
1141 1214 1190 1273 78.
1208 1217 1224 1288 8
1244 1212 1260 1272 1
1278 1211 1318 1272 ib.
2065 1212 2101 1273 fr.
2120 1214 2251 1289 7881.

481 1313 555 1380 Ἐνλν
577 1316 703 1401 γράφω
719 1337 756 1379 σε
779 1320 823 1390 είς
845 1313 929 1380 όσον
951 1315 1093 1380 δύνασαι
1111 1313 1201 1380 κατά
1216 1318 1319 1399 νόμον
1414 1318 1448 1381 Si
1474 1319 1632 1381 instituere
1659 1327 1690 1380 te
1718 1339 1757 1380 ex
1785 1338 1820 1380 eo
1843 1319 1923 1401 qnod
1945 1340 2000 1401 per
2021 1320 2120 1400 legem
2143 1338 2251 1399 capere

416 1421 529 1507 λαβεῖν
560 1421 617 1486 καί
650 1426 695 1496 είς
721 1419 760 1485 τὸ
789 1419 905 1488 λοιπὸν
937 1426 1059 1505 πέτρον
1088 1422 1146 1488 καλ
1178 1424 1320 1509 εὑρεθῇς
1346 1434 1433 1507 potes
1464 1434 1496 1488 et
1521 1427 1553 1487 in
1580 1425 1730 1506 reliquum
1756 1425 1882 1487 Petrum
1909 1435 1941 1488 et
1971 1426 2135 1489 inveniaris
2162 1424 2252 1487 solidi

416 1538 478 1595 τοῦ
504 1527 629 1603 παντὸς
657 1527 817 1611 δεκτικὸς,
850 1532 869 1594 ό
902 1534 1021 1614 πέτρος
1053 1531 1128 1594 οὔτε
1160 1534 1320 1604 ένστατος
1348 1553 1455 1614 capax,
1471 1531 1582 1595 Petrus
1591 1553 1688 1613 neque
1703 1533 1859 1594 institutus
1874 1553 1972 1614 neque
1987 1533 2169 1596 substitutus
2186 1531 2252 1604 fiet3

417 1636 492 1700 οὔτε
516 1636 750 1711 ὑποκάταστος
773 1641 881 1702 ἔσται·
909 1641 936 1701 εί
964 1637 999 1701 δέ
1026 1635 1069 1719 μή
1097 1642 1176 1702 εἴπω
1200 1642 1252 1712 είς
1276 1635 1319 1702 τό
1348 1642 1468 1702 sivero
1495 1660 1558 1701 non
1585 1639 1689 1701 dixero
1718 1640 1754 1700 in
1776 1639 1957 1721 reliquum
1984 1661 2023 1701 er
2046 1660 2144 1720 aequo
2166 1638 2252 1701 heres

416 1741 554 1807 λοιπὸν
577 1743 611 1826 ἐξ
635 1746 711 1807 ἴσον
725 1744 990 1829 κληρονομεῑται·
1014 1750 1040 1807 εί
1060 1744 1094 1807 δέ
1108 1744 1209 1826 μηδὲν
1224 1744 1320 1809 δύνα·
1348 1747 1394 1809 lit:
1427 1755 1458 1808 et
1489 1747 1515 1807 si
1544 1746 1620 1807 nihil
1653 1766 1760 1828 capere
1791 1755 1886 1827 potes,
1917 1746 2027 1809 Petrus
2059 1748 2091 1807 in
2121 1745 2253 1807 solidum

418 1872 476 1914 σαι
499 1849 622 1935 λαβεῖν,
647 1851 665 1913 ό
689 1854 807 1935 πέτρος
830 1856 874 1926 είς
897 1849 936 1916 τὸ
959 1861 1028 1914 πᾶν
1050 1852 1250 1936 κληρονομεῖ
1253 1874 1260 1915 :
1278 1889 1319 1898 -
1348 1854 1434 1915 heres
1457 1853 1500 1915 fit.
1930 1852 1966 1913 fr.
1984 1854 2034 1916 78.
2052 1859 2068 1929 ξ
2086 1857 2115 1915 3.
2133 1855 2183 1915 79.
2200 1853 2253 1912 80.

1001 1960 1036 2020 fr.
1055 1961 1185 2035 7853.
1203 1959 1253 2021 79.
1270 1959 1320 2022 80.

330 2076 381 2144 ιη’.
489 2062 535 2128 Osi
558 2063 609 2128 δεῖ
629 2060 689 2127 τδν
710 2062 852 2148 βασιλέα
876 2064 967 2141 δίκης
992 2066 1096 2150 χάριν
1119 2066 1321 2151 γράφεσθαι
1415 2067 1486 2128 Non
1518 2076 1638 2148 oportet
1664 2068 1874 2149 imperatorem
1901 2067 1963 2129 litis
1991 2086 2084 2129 cansa
2111 2065 2253 2128 heredem

417 2171 634 2256 κληρονόμον.
1172 2174 1208 2236 fr.
1225 2176 1265 2236 91
1282 2172 1322 2235 ib.
1350 2172 1489 2236 scribere.
2150 2172 2184 2234 h.
2202 2176 2254 2236 91.

242 2354 401 2439 Β.ειη’.τ’.ζ.
419 2378 422 2383 “
676 2365 796 2420 ΤΙΤΛΟ(
816 2367 846 2433 1’,
865 2366 998 2421 stallos
1016 2369 1070 2422 ufi‘
1313 2368 1317 2377 '
1562 2366 1729 2426 TITULUS
1747 2369 1783 2438 X,
1801 2366 1907 2422 LIBRI
1925 2366 2038 2422 XXXV
2275 2363 2351 2417 λ28.
2363 2367 2410 2415 ts

553 2493 615 2561 περὶ
631 2489 877 2554 δποιιαισσιάσεως
894 2493 1000 2546 τελείων
1017 2496 1062 2545 καί
1081 2491 1193 2564 ἀνήβων.
1476 2493 1510 2548 de
1529 2493 1727 2548 substitutione
1745 2492 1881 2564 puberum
1900 2499 1929 2548 ct
1946 2491 2130 2563 impuberum.

484 2633 518 2699 Ὁ
539 2634 745 2720 κληρονόμος
768 2633 862 2719 παρὰ
885 2643 947 2699 τοῦ
960 2620 1024 2719 {p}
1039 2638 1251 2724 γραφόμενος
1266 2636 1322 2700 καὶ
1395 2637 1496 2699 Heres
1529 2658 1549 2698 a
1579 2648 1666 2719 patre
1696 2639 1828 2719 scriptus
1859 2647 1891 2701 et
1920 2637 2039 2719 pupillo
2072 2636 2257 2699 substitutus

420 2744 469 2822 τῷ
492 2742 633 2828 όρφάνιμ
658 2742 988 2824 ὑποκαθιστάμενος,
1012 2742 1151 2807 δύναται
1177 2741 1324 2817 δεκτικὸς
1352 2754 1453 2824 potest
1475 2764 1574 2824 capax
1596 2764 1670 2819 esse,
1703 2765 1772 2806 cnm
1796 2746 1922 2807 moritur
1948 2743 2092 2825 pupillus,
2115 2744 2257 2824 quamvis

421 2843 502 2911 εἶναι
529 2852 563 2911 έν
586 2851 633 2929 τῷ
656 2849 811 2913 τελευτάν
833 2847 893 2913 τὸν
916 2848 1044 2934 άνηβον
1065 2847 1130 2913 κάν
1151 2848 1195 2932 μή
1218 2846 1259 2927 ήν
1277 2854 1324 2931 τῷ
1352 2871 1412 2913 non
1434 2851 1527 2913 fuerit
1548 2861 1683 2933 tompore
1706 2853 1810 2914 mortis
1833 2853 1938 2933 patris,
1961 2860 1992 2914 et
2013 2860 2127 2913 sonna

420 2958 527 3038 καιρῷ
555 2965 613 3032 τῆς
645 2964 706 3018 τοῦ
731 2942 795 3040 πρε-ς
823 2957 971 3034 τελευτῆς
998 2955 1055 3020 καί
1083 2962 1119 3021 tx
1146 2965 1207 3020 τοῦ
1235 2961 1325 3021 έναν-
1980 2957 2016 3019 fr.
2035 2959 2085 3019 11.
2100 2957 2140 3018 D.
2158 2956 2209 3031 28,
2227 2961 2256 3021 6.

424 3064 512 3126 τιόνε
529 3099 572 3110 -
1050 3064 1085 3126 fr.
1105 3068 1153 3127 11.
1169 3065 1209 3127 D.
1228 3068 1278 3140 28,
1297 3069 1324 3127 6.

485 3167 519 3233 Ὁ
545 3177 607 3232 τοῦ
633 3154 698 3252 νιρς
722 3170 975 3253 κληρονομήσας
1000 3170 1058 3234 καλ
1087 3169 1326 3245 ὑποκαταστάς
1419 3168 1518 3234 Heres
1549 3172 1645 3253 patris
1676 3172 1834 3234 institutus
1866 3182 1896 3234 et
1926 3170 2043 3252 pupillo
2075 3169 2257 3233 substitutus

421 3280 469 3358 τῷ
501 3274 615 3360 άνήβρι
648 3275 782 3363 ἀδελφῷ
814 3275 955 3341 δύναται
988 3279 1233 3363 παραιτεῖσθαι
1266 3277 1326 3356 τήν
1352 3279 1447 3354 fratri,
1469 3288 1568 3360 potest
1590 3280 1686 3359 patris
1708 3278 1907 3341 hereditatem
1929 3277 2090 3358 repudiare
2111 3286 2142 3338 et
2156 3276 2258 3338 fratris

422 3391 484 3447 τοῦ
510 3367 574 3467 τερ-ς
603 3381 660 3447 καί
691 3381 752 3460 τήν
783 3391 845 3448 τοῦ
876 3383 1026 3471 άδελφοῦ
1055 3384 1325 3463 καταδέχεσθαι·
1355 3384 1510 3467 amplecti;
1533 3386 1606 3466 quia
1627 3394 1657 3447 et
1680 3385 1705 3448 si
1727 3394 1943 3447 testamentum
1966 3383 2194 3466 repudiavisset,
2218 3383 2258 3445 ab

422 3489 529 3568 ἐπειδή
562 3488 619 3554 καλ
652 3488 712 3567 τήν
744 3490 915 3569 διαθήκην
951 3496 977 3555 εί
1009 3493 1260 3575 παραιτήσηται
1293 3492 1326 3574 ἐξ
1353 3492 1496 3554 intestato
1526 3491 1614 3554 heres
1645 3493 1710 3554 eius
1742 3492 1826 3554 foret.
1880 3491 1983 3570 legata
2022 3500 2123 3552 autom
2161 3489 2258 3552 solum

423 3597 613 3662 άδιαθέτον
636 3598 742 3661 αὐτοῦ
762 3598 965 3683 κληρονομεῖ.
1004 3595 1049 3662 τά
1072 3598 1107 3662 δὲ
1130 3604 1163 3663 ἐν
1187 3604 1227 3686 τῇ
1250 3599 1327 3663 ὑπο·
1354 3608 1497 3679 praestat,
1521 3619 1601 3680 quae
1616 3599 1758 3661 secundis
1774 3599 1887 3661 tabulis
1902 3598 2008 3659 relicta
2023 3606 2103 3671 sunt,
2127 3596 2260 3658 deducta

422 3705 631 3769 καταστάσει
655 3704 786 3785 ληγάτα
807 3706 895 3786 μόνα
918 3705 1034 3769 δίδωσι
1058 3702 1152 3790 παρὰ
1168 3702 1227 3769 τόν
1243 3704 1327 3793 φαλ-
1354 3705 1486 3779 falcidia,
1510 3726 1580 3779 non,
1608 3706 1729 3768 utheri
1751 3706 1836 3778 solet,
1866 3705 2034 3767 secundum
2057 3704 2259 3784 quantitatem

423 3811 531 3875 κίδιον
569 3812 609 3874 οὐ
645 3808 736 3876 κατὰ
774 3808 813 3875 τὸ
856 3809 980 3886 είωθδς
1023 3810 1106 3896 πρὸς
1144 3809 1183 3876 τό
1222 3808 1328 3875 ποσὸν
1356 3812 1542 3875 substantiae
1563 3814 1659 3894 patris
1682 3813 1736 3874 sed
1757 3812 1875 3894 pupilli.
2155 3811 2191 3872 fr.
2209 3812 2259 3872 12.

425 3929 483 3995 τῆς
506 3919 623 3992 οὐσίας
645 3927 707 3983 τοι]
726 3905 789 4003 πρε-ς
805 3915 891 3983 άλλιλ
906 3928 968 3983 τοῦ
983 3922 1146 4006 ὀρφανοῦ.
1191 3919 1226 3981 fr.
1239 3922 1278 3981 12
1289 3919 1328 3980 ib.

493 4025 534 4089 El
550 4024 584 4088 δέ
600 4029 643 4100 είς
658 4024 886 4110 μακρότερονι
904 4027 1031 4110 χρόνον
1046 4025 1232 4112 σνντεθῇή
1251 4024 1328 4090 ὑπο·
1423 4025 1457 4088 Si
1493 4027 1525 4087 in
1562 4025 1681 4106 longius
1719 4035 1840 4106 tempus
1883 4024 2041 4087 differatur
2078 4022 2260 4099 substitutio,

425 4133 645 4212 κατάστασις,
663 4130 751 4214 ὅμως
766 4136 806 4218 τῷ
822 4130 886 4219 ήβῃ
903 4132 1052 4197 παύεται.
1093 4133 1329 4208 fr.13.D.28,6.
1358 4143 1460 4195 tamen
1481 4134 1641 4214 pubertate
1664 4142 1772 4194 cessat
1984 4132 2021 4193 fr.
2040 4134 2090 4193 13.
2106 4132 2146 4193 D.
2164 4132 2214 4205 28,
2232 4135 2260 4193 8.

490 4240 537 4303 ‘H
554 4238 738 4317 αὐθεντική
765 4238 823 4303 καλ
846 4242 865 4316 ή
893 4237 1060 4327 όρφανική
1088 4241 1149 4323 μία
1175 4238 1245 4303 ἐστὶ
1272 4237 1329 4302 καλ
1423 4239 1596 4321 Principale
1618 4248 1649 4303 et
1670 4239 1821 4321 pupillare
1843 4248 2057 4301 testamentum
2073 4258 2168 4299 unum
2191 4246 2262 4298 sunt

426 4348 525 4432 άρκεῖ
540 4344 600 4425 τήν
619 4345 825 4424 αὐθεντικήν
843 4347 1093 4433 έσφραγίσθαιε
1110 4385 1152 4395 -
1179 4348 1216 4410 fr.
1233 4350 1274 4409 20
1290 4347 1329 4409 ih.
1358 4355 1388 4409 et
1410 4347 1521 4408 sufficit
1542 4346 1708 4428 principale
1730 4347 1882 4425 signatum
1906 4366 1979 4408 esse
2157 4344 2193 4405 fr.
2209 4346 2261 4406 20.

372 4464 389 4518 ’.
490 4451 523 4517 ‘0
539 4451 726 4539 όρφανικδς
741 4453 1022 4528 ὑποκατάστατος
1038 4458 1084 4535 τῷ
1103 4454 1176 4536 stip
1195 4452 1330 4538 ἀδελφῷ
1424 4453 1546 4533 Pupillo
1573 4454 1660 4515 tratri
1687 4474 1741 4515 suo
1770 4453 1951 4515 substitutus
1981 4453 2007 4515 si
2033 4460 2140 4515 contm
2165 4452 2262 4533 patris

426 4555 484 4623 έάν
515 4559 633 4646 κινήσῃ
665 4558 726 4638 τήν
757 4562 950 4624 ἐναντίωσιν
977 4557 1067 4624 κατά
1096 4572 1153 4637 τῆς
1180 4568 1242 4624 τοῦ
1268 4546 1331 4642 π’ρς
1359 4559 1480 4623 tabulas
1502 4562 1722 4640 possessionem
1744 4558 1874 4641 petierit,
1897 4559 1981 4621 cadit
2003 4558 2261 4621 asubstitntn‘one.

428 4665 606 4745 διαθήκης,
622 4668 766 4730 ἐκπίπτει
782 4678 840 4744 τῆς
850 4668 1162 4741 ὑποκαταστάσεως.
1196 4668 1279 4730 fr.22
1290 4668 1331 4730 ib.
2158 4664 2194 4726 fr.
2210 4668 2262 4726 22.

374 4787 391 4840 ’.
492 4770 525 4837 ‘O
554 4781 616 4836 τοῦ
647 4772 931 4838 ὑποκαταστάτον
963 4775 1243 4848 ὑποκατάστατος
1273 4772 1331 4837 καλ
1426 4773 1590 4835 Substituti
1617 4773 1799 4835 substitutus
1827 4773 1918 4835 etiam
1943 4772 2063 4836 heredis
2085 4780 2131 4834 est
2154 4771 2263 4834 substi-

427 4888 489 4945 τοῦ
509 4879 719 4964 κληρονόμον
741 4878 831 4944 ἐστίν
855 4881 1143 4955 ὑποκατάστατος.
1186 4882 1273 4943 snas
1291 4882 1331 4944 ih.
1359 4890 1451 4942 tutus.
2159 4878 2195 4939 fr.
2211 4882 2262 4941 27.

343 5021 359 5053 κ
374 5001 390 5054 ’.
492 4984 567 5051 Ἐάν
589 4991 623 5050 έν
646 4987 859 5069 αἰχμαλωσίᾳ
878 4988 1051 5075 τελευτήσῃ
1071 4990 1089 5051 ό
1106 4973 1171 5073 νειῷ
1188 4991 1332 5073 έρρωται
1426 4987 1459 5049 Si
1486 4987 1518 5047 in
1545 4985 1723 5066 captivitate
1754 4985 1915 5048 decesserit
1940 4994 2028 5066 pater
2049 4986 2134 5049 valet
2160 4985 2200 5047 ab
2226 5006 2262 5047 ec

428 5094 544 5179 ήπαρ’
571 5094 677 5158 αὐτοῦ
690 5098 845 5176 γενομένη
861 5093 1029 5180 όρφανική
1045 5094 1330 5168 ὑποκατάστασις.
1359 5094 1442 5156 facta
1473 5092 1632 5174 pupillaris
1664 5092 1847 5154 substitutio.
1897 5102 1928 5154 et
1955 5093 1980 5154 si
2007 5092 2078 5155 vivo
2105 5102 2192 5174 patre
2219 5128 2261 5138 —

428 5206 455 5266 εί
479 5201 512 5264 δὲ
535 5199 592 5264 καί
616 5202 739 5281 ζῶντος
754 5209 816 5263 τοῦ
834 5186 956 5285 πρς...
980 5200 1082 5279 ἔχετ’
1105 5207 1131 5265 εί
1147 5198 1213 5284 γάρ
1230 5201 1332 5265 τελεο·
1361 5237 1402 5246 -
1427 5237 1469 5246 -
1492 5221 1564 5261 nam
1587 5201 1612 5260 si
1634 5209 1754 5261 mortuo
1777 5208 1864 5280 patre
1886 5198 1966 5260 filius
1988 5199 2084 5279 pubes
2111 5199 2145 5260 in
2167 5200 2260 5280 capti·

429 5318 554 5381 τῶντος
577 5315 638 5371 τοῦ
658 5293 723 5389 ab}
746 5307 872 5393 ἔφηβος
889 5294 945 5383 ‘cm
972 5309 1248 5394 αίχμαλωτισθῇ,
1273 5309 1333 5370 οὐκ
1362 5309 1483 5371 vitatem
1508 5309 1547 5369 sit
1569 5306 1691 5380 ductus,
1720 5326 1781 5367 non
1807 5306 1894 5367 istius
1917 5305 1971 5367 sed
1993 5307 2090 5387 patris
2112 5305 2263 5368 hereditas

429 5414 531 5488 αὐτὸς
547 5414 619 5478 ἀλλ’
633 5416 652 5478 δ
667 5399 734 5499 π-ηρ
754 5414 789 5497 ἐξ
805 5414 996 5479 άδιαθέτον
1010 5415 1275 5499 κληρονομεῖτοιι;
1291 5452 1331 5463 -
1362 5415 1400 5477 ab
1422 5416 1565 5476 intestato
1588 5412 1729 5475 defertur.
2160 5413 2196 5474 fr.
2213 5415 2263 5475 28.

1182 5523 1218 5584 fr.
1236 5526 1277 5584 28
1294 5522 1332 5584 ib.

498 5628 619 5704 Καλῶς
646 5632 665 5707 ή
691 5613 758 5713 [λη-ρ
785 5630 909 5716 γράφει
936 5626 997 5693 τόν
1023 5626 1096 5691 υἱὸν
1126 5628 1334 5713 κληρονόμον
1427 5628 1521 5689 Recte
1543 5636 1642 5687 mater
1664 5626 1769 5689 scribit
1790 5625 1886 5686 filium
1908 5625 2057 5701 heredem,
2085 5647 2154 5688 cum
2178 5634 2264 5707 quat·

431 5732 516 5798 όταν
539 5735 619 5799 δέκα
640 5735 698 5799 καλ
721 5736 897 5821 τεσσάρων
919 5740 1002 5799 έτων
1023 5738 1157 5817 γένηται
1181 5734 1238 5798 καλ
1258 5735 1334 5798 ὑπο·
1361 5734 1526 5796 tuordecim
1545 5754 1693 5795 annorum
1717 5733 1808 5795 fuerit
1822 5742 1854 5794 et
1875 5731 2033 5795 substituit
2047 5734 2074 5795 ei
2089 5734 2146 5795 nisi
2164 5733 2264 5795 factus

430 5842 588 5923 καθιστᾷ
605 5844 695 5925 αὐτῷ
711 5848 738 5907 εί
753 5841 795 5925 μή
806 5847 940 5924 γένηται
949 5844 1163 5928 κληρονόμος.
1196 5843 1231 5905 fr.
1243 5845 1283 5904 33
1294 5842 1333 5904 ib.
1361 5841 1452 5903 fuerit
1474 5840 1569 5902 heres.
2161 5839 2196 5901 ir.
2213 5843 2264 5902 33.

505 6036 514 6071 ¹
533 6037 593 6092 cod.
611 6058 708 6113 μικρ-
783 6038 950 6109 'quaedam
968 6038 1139 6093 exciderunt.
