4680 7114
799 402 1139 472 BASILICORUII
1161 403 1315 471 LIBER
1336 402 1362 471 L
1933 403 1994 465 lto

170 582 418 670 όφροντιστής,
434 586 458 646 ι’
471 588 615 666 χρυσίου
629 586 745 670 λίτρας
759 587 951 663 καταθήσει
967 587 1070 669 έξορι·
1097 587 1236 649 exsilium
1265 587 1410 649 mittatur.
1460 587 1491 648 A
1518 584 1627 647 mllitia
1658 604 1778 665 quoque
1804 591 1996 646 removeatur

170 691 311 772 ζόμενος,
334 690 411 754 aldi
428 695 568 773 οΙιιέτης,
591 694 783 774 μαστίζεται
802 692 859 757 καλ
875 693 1068 778 έξορίζεται.
1097 695 1278 768 haereticus,
1306 693 1390 756 nullo
1412 694 1556 774 rescripto
1579 691 1723 754 adversus
1750 692 1832 753 dicta
1855 690 1994 752 valituro.

170 798 335 863 παυέσθω
364 800 397 863 δέ
424 799 481 865 καλ
510 809 571 864 τοῦ
597 803 805 883 στρατιώτης
832 797 914 865 εἶναι
942 804 961 864 ό
985 803 1069 885 αίρε-
1557 798 1655 878 (Thai
1672 798 1763 860 index
1778 797 1852 861 Ood.
1868 798 1893 873 I,
1910 802 1939 873 5,
1955 800 1996 877 5.)

169 902 269 985 τικδς,
292 906 449 988 μηδεμιᾶς
465 904 558 993 παρά
573 904 618 971 τά
632 906 867 993 διηγορευμένα
880 906 1069 993 κρατούσης

169 1012 411 1099 ἀντιγραφήν·

86 1122 132 1196 ud.
235 1112 362 1195 Μηδεὶς
390 1118 468 1195 τούς
494 1118 728 1207 νεστοριανούς
755 1122 894 1185 καλείτω
915 1143 1069 1206 χριστια-
1163 1123 1261 1184 Nemo
1298 1121 1497 1184 Nestorianos
1535 1119 1669 1201 appellet
1705 1118 1905 1191 Christianos,
1943 1120 1997 1181 sed

168 1222 258 1305 νούς,
282 1225 353 1289 ἀλλ’
379 1225 488 1313 ὥσπερ
505 1230 537 1291 ol
555 1226 704 1310 ἀρειανολ
720 1227 946 1315 πορφυριανολ
961 1228 1070 1310 λέγον·
1097 1228 1186 1291 sicuti
1208 1229 1317 1290 Ariani
1339 1236 1489 1291 vocantur
1503 1226 1713 1308 Porphyriani,
1736 1227 1781 1287 ita
1802 1234 1834 1288 et
1855 1226 1886 1287 hi
1902 1225 1997 1288 Simo·

168 1350 237 1412 ται,
266 1329 353 1396 ούτω
380 1333 437 1398 καί
470 1327 562 1398 οὗτοι
595 1333 788 1416 σιμωνιανολ
815 1337 1069 1400 καλείσθωσαν·
1098 1337 1181 1398 niani
1204 1335 1402 1418 appellentur.
1443 1335 1509 1397 Nec
1526 1336 1686 1415 quisquam
1708 1332 1822 1395 habeat
1840 1342 1893 1395 aut
1915 1333 1998 1412 legat

167 1437 224 1502 καλ
240 1437 283 1520 μή
299 1443 399 1517 έχέτω
415 1441 500 1519 τιςή
521 1444 775 1524 ἀναγινωσκέτω
791 1442 811 1520 l)
826 1447 1069 1530 μεταγραφέτω
1097 1454 1152 1506 aut
1181 1443 1331 1506 describat
1357 1441 1450 1504 libros
1478 1441 1543 1503 eius
1572 1442 1717 1504 adversus
1744 1448 1828 1503 recta
1854 1440 1998 1519 dogmata

169 1543 213 1609 τολ
234 1544 325 1610 κατά
347 1558 415 1610 τῶν
437 1548 558 1631 όρθῶν
581 1547 758 1631 δογμάτων
781 1550 886 1613 αὐτοῦ
901 1552 1068 1633 συγγράμ-
1097 1551 1232 1632 scriptos,
1256 1550 1308 1611 ssd
1330 1549 1468 1631 diligenti
1495 1548 1595 1610 studio
1617 1549 1752 1628 requirat
1778 1558 1810 1610 et
1831 1546 1997 1610 comburat

167 1674 273 1734 ματα,
302 1653 376 1717 ἀλλ’
402 1655 556 1735 ἐπιμελῶς
578 1656 722 1735 ζητήσας
743 1660 878 1720 καιέτοι·
907 1658 1069 1742 φερέσθω
1097 1657 1139 1720 Et
1161 1656 1252 1738 plane
1274 1655 1359 1718 nulla
1381 1656 1447 1717 eius
1470 1657 1580 1718 mentio
1602 1655 1664 1729 fist,
1688 1655 1741 1716 ubi
1755 1655 1793 1717 de
1807 1654 1997 1735 dogmatibus

168 1759 202 1822 dl
225 1760 332 1824 αὐτοῦ
352 1760 432 1842 μηδέ
455 1758 539 1836 ὅλως
560 1764 668 1843 μνήμη
691 1768 725 1827 έν
740 1760 789 1837 οἷς
805 1762 877 1846 περί
893 1762 1070 1844 δογμάτων
1097 1785 1193 1827 sermo
1215 1763 1257 1824 fit
1302 1762 1369 1825 Nec
1395 1762 1554 1844 quisquam
1582 1762 1660 1824 tales
1686 1762 1822 1824 homines
1849 1763 1879 1822 in
1902 1761 1997 1842 qnali-

167 1867 292 1947 γίνεται
316 1867 427 1948 λόγος·
449 1867 529 1950 μηδὲ
553 1869 707 1947 δεχέσθω
730 1892 780 1944 τις
803 1866 881 1944 τούς
897 1871 1069 1945 τοιούτους
1097 1891 1214 1952 cunque
1236 1870 1302 1933 loco
1324 1879 1429 1951 aperto
1452 1877 1506 1931 aut
1527 1869 1606 1932 clam
1622 1870 1775 1950 suscipiat,
1797 1869 1834 1930 iis
1850 1870 1903 1949 qui
1922 1868 1998 1930 haec

168 1978 202 2036 έν
230 1973 412 2056 οίῳδήποτε
439 1976 531 2057 τόπῳ
559 1988 713 2063 φανερῶς
740 1977 759 2055 ή
787 1977 974 2061 λαθραίοις,
1002 1988 1070 2041 τῶν
1096 1979 1276 2058 transgressi
1298 1977 1359 2039 sint
1380 1976 1579 2058 publicandis.
1660 2043 1688 2071 x

168 2078 213 2144 τά
235 2084 387 2163 εἰρημένα
409 2080 691 2167 παραβαινόντων
713 2083 1022 2167 δημοσιευομένων)
1549 2082 1647 2165 (Thai
1663 2082 1756 2143 index
1770 2082 1844 2145 Ood.
1859 2083 1889 2158 1,
1906 2086 1939 2157 5,
1956 2086 1999 2163 6.)

85 2195 132 2267 ιγ·
238 2186 279 2251 Οί
301 2188 577 2271 ἀπολλιναρισταλ
593 2189 636 2271 μή
653 2199 726 2264 ταῖς
741 2191 853 2272 άγίαις
869 2191 901 2253 δ’
918 2192 1069 2266 συνόδοις
1163 2190 1409 2272 Apollinaristae,
1431 2190 1484 2271 qui
1505 2190 1626 2252 decreta
1649 2197 1822 2252 sanctarum
1837 2189 1887 2252 IV
1909 2210 1997 2271 syno-

168 2295 371 2377 πειθόμενοι,
399 2292 456 2359 καλ
481 2292 555 2358 ὅσοι
578 2293 669 2361 κατὰ
691 2308 749 2373 τῆς
772 2299 870 2379 άγίας
893 2303 927 2361 λν
946 2299 1068 2377 χαλκη·
1096 2299 1203 2360 dorum
1231 2318 1291 2359 non
1319 2306 1497 2379 sequuntur,
1525 2305 1555 2358 et
1581 2296 1634 2377 qui
1661 2296 1805 2359 adversm
1833 2296 1997 2359 Chalcedo-

168 2400 239 2464 δόνι
264 2400 407 2465 συνόδου
430 2401 449 2479 ή
471 2402 574 2484 λέγειν
596 2425 628 2466 τι
648 2404 667 2481 l>
684 2404 853 2468 διδάσκειν
867 2404 887 2481 l>
903 2408 1069 2491 συγχράμ-
1097 2424 1220 2467 oensem
1248 2413 1303 2465 sut
1328 2405 1427 2466 dicero
1454 2403 1568 2484 aliquid
1597 2412 1651 2465 ant
1677 2403 1783 2467 docere
1807 2410 1862 2465 sut
1883 2404 1998 2484 scripta

167 2529 260 2589 ματα
290 2510 480 2585 κεκτῆσθαι
513 2510 672 2591 τολμῶσι,
710 2520 784 2586 ταῖς
815 2515 997 2595 εἰρημέναις
1028 2517 1068 2599 τῇ
1096 2512 1208 2575 habere
1230 2511 1352 2587 audent,
1375 2511 1478 2593 poenis
1501 2511 1559 2572 bac
1574 2511 1786 2572 constitutione
1801 2512 1923 2573 statutis
1946 2510 1997 2572 ob

169 2613 322 2701 παρούσῃ
355 2615 503 2700 διατάξει
531 2619 703 2701 τιμωρίαις
732 2617 1069 2703 ύποβαλλέσθωσαν.8
1096 2619 1180 2682 noxii
1202 2618 1285 2681 fiant
1557 2614 1655 2697 (luat
1671 2617 1763 2679 index
1778 2617 1852 2693 (lod,
1868 2618 1893 2693 I,
1910 2622 1939 2693 5,
1957 2622 1996 2697 8.)

83 2727 131 2783 ιδ’.
240 2720 321 2796 Ταῖς
330 2726 575 2805 νενομισμέναις
584 2724 743 2807 αίρετικολ
754 2725 1069 2810 παραδιδόσθωσαν
1163 2726 1321 2789 Haeretici
1343 2725 1485 2805 legitimis
1508 2724 1652 2806 sepulcris
1675 2725 1842 2786 tradantur.

167 2827 324 2916 ταφαῖς*
1558 2830 1657 2912 (Τλιελ.
1673 2831 1763 2894 index
1778 2831 1852 2894 dod
1869 2832 1894 2906 I,
1911 2836 1939 2906 5,
1957 2833 1996 2910 9.)

83 2943 129 2997 ιε’.
231 2935 264 3000 Ὁ
281 2946 457 3017 μανιχαῖος
473 2942 507 3000 έν
522 2938 679 3021 ῥωμαάιῴ
694 2940 786 3020 τόπῳ
802 2940 928 3022 διάγων
943 2941 1069 3027 όφθελς
1163 2939 1362 3003 Manichacus
1393 2940 1426 3001 in
1453 2938 1520 3000 loco
1552 2937 1677 3000 dicionis
1708 2938 1866 3001 Romanae
1893 2939 1996 3019 depre-

167 3041 442 3123 altrorsus-iodea.⁶
1095 3049 1207 3110 hensus
1223 3047 1322 3129 capite
1337 3046 1495 3129 plectatur.
1536 3043 1634 3124 (Thal.
1650 3045 1742 3107 index
1756 3044 1829 3107 (iod.
1845 3045 1871 3119 I,
1888 3045 1917 3119 5,
1936 3045 1997 3127 11.)

78 3156 130 3220 ις’.
236 3147 277 3212 Οί
299 3149 459 3233 αίρετικολ
481 3160 652 3233 μανιχαῖοι
676 3153 734 3235 μέν
756 3156 848 3228 όντες
871 3156 1067 3237 ἀποτεμνέσ-
1162 3154 1328 3229 Haeretici,
1351 3154 1377 3215 si
1398 3154 1519 3235 quidem
1542 3152 1717 3214 Manichaei
1732 3153 1800 3226 siut,
1822 3150 1996 3232 ubicunqne

167 3255 293 3320 θωσαν
324 3253 408 3330 όλως
444 3261 478 3320 ἐν
509 3259 601 3340 τόπῳ
638 3263 809 3347 φανέντες,
842 3263 875 3324 oi
906 3261 941 3325 δέ
973 3262 1066 3326 ἀλλοι
1096 3263 1294 3344 apparuerint
1315 3261 1422 3323 ultimo
1441 3259 1589 3341 supplicio
1609 3258 1792 3321 afficiantur:
1816 3258 1925 3339 reliqui
1945 3259 1996 3340 qui

167 3361 390 3442 ὁποιᾳδήποτε
416 3364 635 3447 κρατούμενοι
663 3368 769 3454 πλάνη
799 3366 843 3449 μή
873 3373 1068 3452 στρατευέσ-
1095 3370 1297 3452 qualicunque
1324 3387 1423 3431 errore
1449 3366 1585 3429 obstricti
1618 3375 1701 3441 sunt,
1733 3386 1830 3449 neque
1859 3375 1995 3447 togatam

167 3469 293 3533 θωσαν
315 3469 335 3546 ή
358 3470 529 3549 πολιτικήν
551 3471 571 3549 ή
594 3473 732 3537 ένοπλον
760 3477 954 3557 στρατείαν,
982 3474 1068 3540 ἀλλά
1095 3497 1192 3559 neque
1230 3484 1380 3539 armatam
1411 3473 1552 3535 militiam
1584 3474 1724 3548 subeant,
1762 3494 1818 3536 nec
1848 3473 1997 3553 dignitate

165 3575 246 3658 μηδὲ
270 3577 489 3660 ἀξιωματικοί
512 3581 730 3659 γενέσθωσαν
752 3580 960 3665 ήταξεῶται,
985 3582 1068 3661 πλήν
1094 3585 1251 3666 μούνοισι
1281 3604 1335 3646 nec
1367 3580 1509 3644 officiales
1541 3582 1617 3643 fiant
1651 3590 1861 3663 praeterquam
1894 3580 1996 3642 cohor·

166 3687 194 3746 εί
215 3682 259 3764 μή
283 3684 429 3759 εὐτελεῖς·
457 3684 566 3767 τούτῳ
593 3685 659 3771 γάρ
682 3687 739 3752 καλ
762 3690 797 3772 ἐξ
819 3691 967 3771 ἀνάγκης
989 3690 1066 3755 ύπο-
1094 3691 1195 3754 εολίιιίι
1222 3690 1294 3753 huic
1320 3690 1400 3752 enim
1427 3690 1511 3751 oneri
1537 3688 1587 3752 vel
1613 3689 1781 3750 necessario
1811 3687 1995 3762 subiaceant,

165 3791 363 3855 κείσθωσαν
377 3795 425 3873 τῷ
439 3790 535 3877 βάρει
547 3796 661 3875 γένους
676 3797 768 3870 όντες
784 3795 951 3860 τοιούτου·
966 3799 1067 3861 κωλυ-
1095 3799 1120 3861 si
1143 3819 1182 3860 ex
1204 3797 1259 3860 tali
1281 3816 1388 3878 genere
1409 3797 1478 3858 sint
1524 3794 1748 3858 Prohibeantur
1774 3797 1865 3857 etiam
1892 3803 1995 3876 patres

166 3899 329 3961 έσθωσαν
357 3897 391 3961 δέ
417 3898 474 3962 καλ
502 3908 565 3964 τού
591 3905 728 3986 πατέρες
755 3903 880 3967 πόλεων
902 3903 922 3980 l)
945 3905 1066 3968 έκδικοι
1095 3907 1253 3968 civitatum
1279 3903 1329 3968 vel
1356 3903 1526 3966 defensores
1553 3903 1619 3964 fieri
1646 3911 1700 3964 aut
1726 3903 1806 3964 inter
1832 3904 1996 3965 advocatos

165 4006 325 4085 γίνεσθαι
348 4006 368 4083 b
391 4014 462 4080 τοῖς
481 4008 677 4093 συνηγόροις
692 4011 924 4088 συντετάχθαι
948 4009 1067 4089 ήόλως
1094 4014 1188 4094 recipi
1216 4020 1270 4074 aut
1296 4011 1417 4073 omnino
1446 4011 1597 4091 suscipere
1620 4010 1743 4091 aliquod
1765 4009 1854 4073 civile
1876 4028 1995 4084 munus,

166 4134 197 4174 τι
221 4115 363 4193 μετιέναι
388 4112 568 4196 πολιτικὸν,
591 4116 712 4190 εἰδότες
736 4119 779 4191 ὡς
803 4123 833 4181 εί
852 4140 942 4192 τινος
958 4139 1067 4201 πειρα-
1096 4121 1201 4182 scituri
1237 4119 1318 4201 qnod
1355 4118 1381 4179 si
1417 4117 1489 4198 quid
1521 4137 1626 4179 eorum
1658 4137 1736 4198 quae
1774 4117 1863 4178 modo
1902 4117 1996 4179 vetita

166 4219 259 4283 θεῖεν
286 4229 354 4282 τῶν
381 4226 721 4306 προαπηγορευμένων
748 4234 858 4301 τυχεῖν
881 4226 955 4290 οὔτε
978 4224 1067 4289 κατά
1095 4236 1174 4301 sunt,
1197 4226 1324 4307 adipisci
1351 4225 1464 4286 fuerint
1490 4225 1601 4299 conati,
1628 4232 1660 4286 et
1687 4224 1802 4286 consilii
1831 4232 1920 4285 erunt
1945 4243 1995 4284 ex·

165 4323 293 4390 σκοπὸν
322 4327 487 4411 πράξουσι
519 4327 576 4393 καλ
609 4331 795 4414 πρόστιμον
825 4332 1065 4408 καταθήσουσι
1094 4343 1193 4417 pertas
1216 4343 1248 4395 et
1261 4333 1327 4394 XX
1345 4332 1430 4393 libris
1450 4332 1517 4393 auri
1535 4332 1776 4394 mulctabuntur:
1800 4332 1923 4411 insuper
1939 4330 2009 4415 his,

163 4433 279 4517 λίτρας
310 4431 357 4497 κ’·
393 4431 477 4519 πρὸς
507 4436 640 4510 τούτοις
675 4449 743 4501 τῶν
779 4440 1067 4526 ἀπογραφομένων
1094 4443 1146 4524 qni
1174 4442 1300 4504 scientes
1327 4440 1540 4519 descripserint
1566 4458 1631 4513 eos,
1658 4437 1752 4500 libras
1778 4437 1863 4499 VIII
1894 4437 1996 4499 comiti

165 4538 287 4615 αύτούς
318 4545 353 4604 ss
384 4541 503 4619 είδήσει
534 4544 819 4630 καταβαλλόντων
854 4546 970 4629 λίτρας
1003 4544 1065 4631 [η’]
1094 4549 1138 4611 rei
1160 4549 1299 4629 privatae
1320 4546 1457 4608 illatoris.
1503 4546 1621 4627 Excipe
1645 4562 1665 4607 a
1686 4546 1774 4607 dictis
1798 4542 1924 4606 Gothos.
1963 4542 1996 4605 Si

164 4648 331 4722 παντελῶς
354 4650 401 4730 τῷ
423 4650 532 4731 κόμιτι
558 4661 625 4714 τῶν
640 4651 822 4735 πριβάτοιν.
855 4653 982 4735 ύπέξελε
1001 4665 1068 4716 τῶν
1094 4664 1235 4737 parentes
1257 4654 1394 4717 diversae
1415 4653 1484 4716 fidei
1502 4663 1533 4715 et
1550 4652 1701 4732 religionis
1720 4653 1788 4725 sint,
1811 4653 1875 4712 eius
1893 4652 1995 4732 potius

164 4757 340 4839 ἀρημένον
369 4752 447 4829 τούς
473 4757 633 4836 γότθους.
684 4762 807 4839 γονέων
834 4759 869 4824 δέ
898 4760 1068 4847 διαφόρου
1094 4762 1235 4826 voluntas
1268 4761 1416 4835 obtineat,
1449 4761 1502 4840 qui
1532 4780 1572 4821 ex
1602 4760 1638 4820 iis
1676 4758 1873 4820 orthodoxam
1904 4758 1995 4819 fidem

164 4862 305 4935 πίστεως
332 4864 440 4926 όντων
465 4862 521 4926 καί
546 4865 733 4947 θρησκείας
760 4866 883 4929 ἐκείνου
909 4869 929 4944 ή
954 4870 1065 4949 γνώμη
1094 4869 1285 4951 praetulerit,
1317 4867 1389 4929 licet
1419 4867 1472 4947 qui
1503 4867 1682 4929 contradicit
1712 4874 1799 4947 pater
1829 4867 1876 4927 sit
1931 4865 1996 4926 Nec

163 4967 289 5049 μαλλον
310 4970 475 5053 κρατείτω
498 4978 560 5033 τοο
581 4969 641 5048 τήν
664 4971 858 5055 όρθόδοξον
880 4974 928 5037 ἐπ’
953 4975 1066 5049 αὐτοῖς
1094 4976 1163 5038 inde
1190 4975 1247 5037 hoc
1274 4994 1363 5054 aegre
1389 4974 1489 5036 ferens
1515 4994 1565 5036 eos
1593 4973 1761 5035 necessario
1789 4973 1871 5036 victu
1898 4974 1997 5053 privet
2106 5014 2107 5017 ι

164 5077 362 5159 αίρουμένου
384 5076 508 5156 πίστιν,
539 5074 603 5140 κάν
626 5082 674 5155 εἴη
697 5077 808 5161 πατήρ
832 5081 850 5141 ό
874 5080 1065 5162 ἀντιλέγων·
1094 5092 1148 5145 aut
1179 5084 1284 5145 ceteris
1315 5081 1490 5143 necessariis
1527 5080 1710 5161 sumptibus,
1747 5080 1799 5142 sed
1831 5089 1862 5141 et
1892 5080 1993 5141 dotem

162 5180 206 5264 μή
225 5182 381 5245 ἐντεῦθεν
400 5181 434 5245 δὲ
450 5184 652 5264 ἀγανακτῶν
667 5197 725 5262 της
741 5188 928 5266 ἀναγκαίας
944 5185 1065 5262 αύτούς
1093 5189 1194 5252 dando
1230 5188 1282 5252 vel
1319 5187 1558 5269 antenuptialem
1595 5187 1787 5249 donationem
1819 5187 1995 5248 orthodoxis

162 5289 318 5372 στερείτω
328 5289 488 5375 τροφήςή
504 5301 572 5353 τῶν
586 5290 696 5355 ἀλλων
712 5295 905 5374 ἀναγκαίων
919 5293 1064 5371 δαπανη·
1092 5317 1142 5359 eos
1164 5298 1298 5378 personis
1321 5294 1456 5376 copulet,
1483 5315 1539 5357 nec
1562 5294 1654 5356 allam
1676 5295 1739 5356 irae
1762 5314 1885 5356 causam
1909 5313 1994 5374 prae

161 5395 289 5477 μάτων,
323 5392 409 5460 ἀλλά
440 5396 497 5461 καλ
530 5407 654 5482 προῖκα
681 5396 834 5477 διδοὺςή
863 5399 927 5487 πρὸ
955 5403 1065 5483 γάμου
1092 5413 1187 5466 texat
1233 5402 1322 5465 Haec
1353 5410 1455 5463 autem
1488 5421 1579 5463 curae
1612 5404 1675 5464 sint
1705 5401 1931 5481 magistratibus
1962 5403 1993 5462 in

162 5499 290 5586 δωρεάν
317 5502 523 5587 όρθοδόξοις
551 5501 673 5580 αὐτοὺς
700 5509 910 5588 συνοικιζέτω
936 5511 1064 5593 προσώ·
1092 5511 1167 5573 urbe
1188 5518 1219 5572 et
1240 5511 1272 5571 in
1295 5509 1465 5590 provinciis,
1488 5517 1519 5572 et
1536 5509 1685 5590 episcopis
1707 5507 1879 5589 ubicunque
1901 5517 1993 5569 terra

161 5629 248 5689 ποις,
276 5609 437 5691 μηδεμίαν
464 5613 580 5695 έτέραν
608 5614 709 5697 ὀργῆς
735 5614 811 5677 κατ’
842 5615 954 5678 αύτῶν
986 5637 1064 5699 προ·
1091 5636 1167 5692 rum,
1190 5618 1243 5698 qui
1265 5616 1303 5677 de
1325 5636 1424 5697 poena
1445 5615 1485 5678 ob
1507 5615 1777 5697 transgressionem
1799 5616 1831 5676 in
1854 5615 1993 5695 eos,an

268 5768 277 5800 ¹
296 5768 375 5823 Pina
396 5786 424 5839 p.
443 5774 504 5824 502.
523 5774 583 5825 clu.
603 5776 663 5826 602.
700 5772 775 5827 Bals.
799 5775 837 5829 ad
860 5774 941 5829 Nom.
960 5773 1032 5845 XII,
1051 5779 1076 5828 2.
1184 5773 1292 5829 ’Pitra
1309 5792 1336 5844 p.
1356 5778 1416 5829 502.
1436 5778 1496 5828 602.
1516 5778 1576 5828 005.
1617 5774 1692 5830 Bals.
1715 5777 1754 5829 πό
1774 5775 1856 5829 Nom.
1880 5773 1950 5841 XII,
1970 5778 1994 5826 3.

266 5855 278 5888 ⁸
295 5856 374 5911 Ριιη
385 5857 435 5913 ιι
471 5858 579 5915 naal.
593 5860 610 5915 1.
624 5865 649 5915 ε.
663 5866 687 5916 c.
723 5861 811 5916 elasa
829 5862 866 5930 A,
885 5866 910 5917 n.
1016 5860 1126 5918 ‘rim
1142 5882 1169 5934 p.
1183 5867 1242 5918 eoa.
1280 5862 1360 5917 ιιωε
1380 5863 1416 5918 ω
1428 5861 1492 5917 aas.
1506 5862 1568 5934 nx,
1582 5868 1624 5918 ει.
1660 5863 1734 5920 εισι
1747 5865 1785 5919 ω
1797 5864 1878 5918 σοι.
1891 5861 1995 5930 x11,2.

266 5945 363 6016 ‘aaa
384 5947 425 6015 M,
444 5952 469 6015 a,
490 5953 513 6003 1.
550 5949 629 6005 maa
646 5967 674 6021 p.
687 5955 748 6006 cos.
784 5951 858 6006 aaa
877 5953 916 6007 aa
934 5952 1016 6006 nen.
1034 5952 1102 6021 xn,
1121 5957 1146 6023 a,
1167 5957 1208 6006 ιε.
1244 5953 1330 6007 elasa
1350 5952 1386 6020 A,
1406 5957 1430 6006 2.
