4978 7018
614 498 768 566 LIBER
789 499 944 566 XXXIV.
982 499 1071 566 ΤΙΤ.
1095 499 1120 566 Ι.
1143 499 1187 566 Π.
1205 540 1245 550 -
1261 498 1415 565 LIBER
1436 498 1574 566 XXXV.
1612 499 1701 566 TIT.
1724 498 1768 566 Π.
2064 502 2103 566 41

339 679 373 747 ‘0
395 680 607 763 ἀγορασθελς
630 679 724 766 παρά
746 694 814 747 τῶν
836 682 998 765 πολεμίων
1021 683 1061 746 οὑ
1084 681 1179 747 δὺνα-
1273 682 1337 760 Qui
1364 683 1403 745 ab
1430 682 1568 745 hostibus
1594 691 1714 763 emptus
1741 690 1787 745 est
1812 702 1874 745 non
1901 692 2001 764 potest
2026 683 2109 747 relic·

276 810 332 852 ται
349 788 408 866 τὴν
423 789 716 876 καταλειφθεῖσαν
731 791 822 871 αὑτῷ
841 789 1180 877 φιδεικομμισσαριάν
1208 800 1271 851 tam
1303 789 1361 852 sibi
1387 788 1695 852 fideicommissariam
1722 790 1891 853 libertatem
1914 800 2023 872 petere,
2051 791 2110 852 nisi

276 895 471 981 ἐλευθερίαν
493 896 640 977 ἐκδικεῖν,
672 900 698 960 εἰ
722 895 765 979 μὴ
791 896 947 982 πληρώσῃ
971 893 1031 959 τδν
1054 897 1179 981 ἀγορα-
1207 897 1335 977 emptori
1358 897 1432 959 setis
1454 896 1567 959 iecerit
1902 897 1938 959 fr.
1956 899 2039 973 lue
2059 901 2108 960 14.

279 1001 369 1078 ωηο.
926 1004 962 1065 e.
981 1006 1029 1064 12.
1048 1009 1064 1080 ς
1083 1005 1124 1064 14
1139 1003 1179 1065 sb.

195 1116 238 1170 ι’.
346 1106 387 1174 Οἱ
411 1108 492 1190 μεθ’
523 1106 634 1173 ὅπλων
664 1110 866 1185 ἡττηθέντες
896 1108 954 1173 καλ
986 1118 1056 1183 τοῖς
1088 1110 1179 1174 πολε·
1273 1110 1337 1188 Qui
1360 1130 1429 1172 oum
1452 1111 1544 1173 ermis
1565 1111 1639 1173 victl
1661 1119 1734 1172 sunt
1755 1119 1786 1173 et
1811 1109 1949 1173 hostibus
1972 1122 2037 1173 sese
2060 1109 2110 1173 da·

275 1216 363 1297 μίοις
394 1212 532 1290 έαυτοὺς
563 1215 779 1291 ἐκδεδωκότας
811 1218 872 1281 οὑκ
904 1220 1016 1294 έχουσι
1049 1216 1180 1282 δίκαιον
1207 1215 1350 1278 diderunt
1371 1218 1418 1279 ius
1440 1218 1617 1299 postliminii
1639 1234 1700 1279 non
1722 1218 1845 1281 habent
2004 1217 2041 1279 fr.
2059 1220 2109 1279 17.

277 1320 522 1410 ὑποστροφῆς.ι
1029 1324 1064 1386 fr.
1083 1324 1179 1388 1711).

198 1438 238 1491 ι’.
340 1427 373 1493 Ὁ
399 1427 442 1512 μὴ
471 1429 693 1516 ὑποστρέφων
720 1431 814 1494 δοκεῖ
835 1430 990 1495 τελευτῶν
1016 1431 1107 1513 ἐξότε
1134 1431 1180 1494 ll·
1274 1428 1337 1506 Qui
1367 1451 1429 1493 non
1460 1431 1538 1494 redit
1564 1430 1726 1493 decessisse
1753 1430 1937 1511 intellegitur
1967 1450 2003 1492 eo
2035 1440 2110 1492 tem-

275 1535 428 1623 ληφθη.’
1029 1538 1064 1600 fr.
1083 1540 1123 1600 18
1140 1538 1178 1601 ib.
1206 1556 1288 1617 pore,
1311 1554 1372 1618 quo
1394 1548 1502 1619 captus
1527 1547 1581 1600 est.
2006 1537 2041 1599 ir.
2059 1540 2109 1601 18.

345 1640 385 1707 Οί
421 1640 488 1707 ἀπὸ
527 1653 693 1728 πειρατῶν
729 1642 788 1707 καὶ
825 1644 957 1731 λῃστῶν
991 1645 1180 1732 ληφθέντες
1272 1644 1304 1706 A
1326 1645 1433 1726 piratis
1456 1655 1488 1707 et
1509 1644 1678 1708 latronibus
1701 1646 1784 1727 capti
1806 1644 1893 1707 liberi
1915 1652 2047 1707 manent

275 1747 445 1834 ἐλεύθεροι
468 1753 631 1832 μένουσιν.
946 1752 983 1814 fr.
1001 1755 1051 1815 19.
1069 1758 1085 1830 5
1104 1755 1121 1814 2
1138 1751 1178 1814 lb.
1923 1751 1959 1815 fr.
1977 1755 2026 1815 19.
2043 1757 2060 1828 0
2081 1755 2109 1814 2.

342 1853 516 1920 Ἀπόλλυσι
540 1855 601 1934 τὴν
623 1856 792 1922 πολιτείαν
814 1858 834 1921 ό
857 1854 935 1932 τοὺς
958 1854 1058 1942 δρους
1078 1859 1179 1935 αὑτης
1272 1857 1399 1920 Amittit
1430 1859 1583 1921 civitatem
1615 1859 1668 1938 qui
1699 1859 1763 1920 eius
1796 1857 1906 1921 finibus
1934 1859 2053 1922 excedit
2080 1867 2111 1920 et

275 1959 370 2045 ἐξιὼν
391 1961 449 2027 καλ
473 1963 699 2050 ἀναλαμβάνει
724 1962 764 2029 τδ
788 1963 919 2028 δίκαιον
941 1975 999 2042 της
1014 1965 1179 2048 ὑποστρο-
1207 1965 1356 2046 reciperat
1377 1965 1425 2027 ius
1447 1965 1625 2046 postliminii
1647 1966 1699 2045 qui
1720 1966 1752 2027 in
1773 1964 1848 2028 {ines
1866 1966 1929 2028 elus
1944 1965 2112 2045 ingreditur

276 2078 342 2156 φης
370 2071 388 2132 ό
412 2074 457 2144 είς
479 2066 557 2145 τυὺς
584 2068 684 2156 ὑρους
707 2072 810 2148 αὐτῆς
833 2069 985 2148 είσιιὺνὺ
1014 2071 1180 2146 πολιτείας
1206 2072 1257 2135 vel
1279 2072 1358 2133 alius
1380 2073 1512 2136 ciuitatis
1536 2073 1699 2134 amicitiam
1723 2073 1936 2136 societatemve
1954 2071 2111 2134 nobiscum

275 2177 376 2252 ἀλλης
400 2176 518 2262 φιλίαν
541 2175 560 2253 ὑ
583 2178 734 2264 ἑταιρίαν
757 2176 896 2256 ἐχούσης
920 2174 1003 2263 πρὸς
1026 2180 1119 2260 ημᾶς.
1206 2178 1355 2241 habentis.
1923 2179 1959 2242 fr.
1977 2182 2027 2241 19.
2044 2184 2061 2254 ς
2081 2182 2110 2241 3.

948 2286 984 2348 fr.
1002 2289 1052 2348 19.
1070 2292 1086 2363 §
1104 2291 1123 2349 3
1140 2285 1179 2347 ib.

338 2387 372 2453 ‘0
394 2390 580 2471 αὐτόμολος
603 2388 779 2477 ἐλεύθερος
801 2392 886 2477 ἀνήρ
910 2391 1019 2456 τεκαὶ
1042 2390 1123 2473 γυνη
1140 2390 1179 2457 τδ
1272 2388 1446 2473 Transfuga
1466 2392 1551 2466 liber,
1577 2394 1625 2455 vir
1647 2413 1700 2454 seu
1722 2392 1837 2467 mulier,
1864 2394 1911 2455 ins
1933 2393 2111 2474 postliminii

276 2496 408 2560 δίκαιον
430 2507 489 2573 της
511 2497 729 2586 ὑποστροφῆς
752 2499 814 2562 οὑκ
835 2500 909 2575 έχει·
955 2495 1016 2563 τὸν
1031 2498 1065 2564 δὲ
1081 2500 1179 2563 αὑτό·
1207 2500 1391 2562 nonhabet
1437 2499 1627 2579 transfugam
1646 2520 1718 2561 vero
1741 2518 1846 2563 servus
1870 2536 1910 2546 -
1935 2536 1977 2546 —
2001 2535 2043 2546 —
2067 2536 2110 2547 -

274 2605 378 2686 μολον
401 2604 520 2668 δοῦλον
547 2641 872 2653 -----
906 2605 1178 2689 έλευθερωθηναι
1207 2641 1780 2654 ---------
1818 2608 1939 2671 eveniat
1965 2607 2110 2683 condicio,

275 2712 460 2795 όρισθεῖσα
482 2712 603 2799 ἐξέλθῃ
626 2714 646 2789 ἡ
669 2711 804 2795 αἵρεσις,
829 2713 904 2776 οὔτε
927 2709 1028 2787 αὑτὸς
1051 2716 1115 2790 ἔχει
1138 2710 1179 2777 τδ
1206 2732 1305 2793 neque
1326 2712 1392 2793 ipse
1414 2713 1462 2774 ius
1484 2713 1662 2795 postliminii
1683 2713 1784 2787 hebet,
1812 2734 1910 2795 neque
1932 2713 2018 2776 heres
2041 2734 2110 2777 eum

276 2817 410 2882 δίκαιον
448 2828 506 2895 της
542 2818 773 2906 ὑποστροφῆς,
812 2820 887 2884 οὔτε
925 2822 944 2882 ό
975 2819 1180 2903 κληρονόμος
1206 2819 1382 2881 redeuntem
1405 2821 1523 2901 accipit.
1856 2819 1892 2883 fr.
1910 2823 1959 2883 19.
1978 2826 1994 2897 0
2011 2823 2111 2883 4-6·

276 2921 380 2989 αὑτὸν
402 2924 662 3012 ὑποστρέφοντα
683 2924 853 3012 λαμβάνει.
906 2927 942 2988 ll.
955 2930 1128 3003 19.§4-6
1139 2927 1179 2991 lb.

348 3028 432 3106 Ίοὺς
470 3032 736 3119 ἀναληφθέντος
774 3030 868 3118 παρά
904 3042 973 3096 τῶν
1017 3033 1179 3116 πολεμίων
1272 3034 1397 3096 Fundos
1421 3033 1460 3095 ab
1483 3033 1620 3097 hostibus
1642 3042 1749 3116 captos
1765 3035 1927 3097 anteriores
1942 3036 2111 3116 reciperent

276 3135 401 3223 ἀγροὺς
429 3140 462 3202 οί
489 3139 603 3223 πρῴην
631 3139 906 3225 ἀναλαμβάνουσι
935 3139 1107 3204 δεσπόται·
1140 3141 1180 3204 οὑ
1207 3140 1331 3213 domini;
1355 3160 1416 3202 non
1439 3143 1518 3203 enim
1541 3142 1606 3204 loco
1629 3141 1762 3222 praedae
1783 3151 1861 3215 sunt,
1884 3158 1981 3223 neque
1995 3142 2110 3223 publici

276 3242 342 3330 γὰρ
372 3250 406 3309 ἐν
432 3246 524 3329 τάξει
552 3245 696 3331 πραίδας
724 3245 818 3327 είσλν,
846 3247 923 3311 οὔτε
950 3247 1103 3328 δημόσιοι
1130 3248 1177 3328 μί·
1205 3246 1296 3321 fiunt;
1319 3268 1391 3308 nam
1413 3247 1500 3309 fiendi
1523 3248 1656 3310 bostium
1679 3249 1762 3330 capti
1784 3248 1899 3329 publici
1920 3249 2006 3310 liunt.

275 3372 405 3416 νονται·
444 3355 477 3416 οἱ
517 3350 584 3438 γάρ
627 3364 694 3416 τῶν
732 3353 893 3435 πολεμίων
933 3353 1177 3440 λαμβανόμενοι
1926 3354 2063 3432 uret
2082 3358 2110 3418 1.

275 3458 426 3539 γίνονται
449 3457 617 3541 δημόσιοιε
634 3457 697 3507 -³
946 3460 982 3524 ir.
1000 3464 1050 3525 20.
1068 3467 1084 3539 ξ
1104 3464 1120 3523 1
1137 3463 1177 3525 ib.

339 3564 372 3630 Ὁ
397 3563 490 3650 παρὰ
513 3576 583 3640 τοῖς
611 3567 776 3648 πολεμιόις
802 3566 860 3631 καὶ
884 3566 1092 3655 συλληφθεὶς
1121 3567 1177 3632 καί
1272 3564 1367 3648 Apud
1389 3568 1492 3630 hostes
1515 3576 1678 3650 conceptus
1693 3578 1843 3650 natusque
1865 3577 1896 3631 et
1918 3585 1988 3631 cum
2003 3580 2110 3650 paren-

276 3671 410 3749 τεχθείς
425 3671 482 3737 καί
498 3670 659 3754 μετὰτῶν
674 3677 797 3753 γονέων
813 3675 1031 3761 ὑποστρέψας
1046 3672 1178 3758 ὑπεξυὺ·
1206 3674 1287 3736 tibus
1310 3675 1429 3737 rediens
1451 3677 1483 3736 in
1505 3684 1655 3756 potestate
1676 3676 1772 3756 patris
1795 3685 1849 3738 est
1887 3677 2001 3738 sivero
2022 3684 2110 3756 patre

276 3781 348 3853 σιός
371 3784 441 3843 έστι
464 3783 511 3861 τῷ
533 3766 602 3866 πρῖ
641 3786 667 3843 εί
691 3780 725 3844 δὲ
740 3789 803 3845 τοῦ
825 3767 888 3867 τερ-ς
911 3787 944 3845 έν
967 3782 1180 3863 αἰχμαλωσίᾳ
1205 3783 1237 3842 in
1265 3782 1442 3862 captivitate
1474 3792 1593 3844 mortuo
1619 3802 1689 3845 cum
1717 3791 1813 3844 matre
1838 3782 1970 3856 redierit,
2001 3788 2108 3863 utpote

276 3886 533 3963 τελευτήσαντος
555 3883 638 3969 μετά
656 3898 715 3964 τῆς
736 3874 799 3972 μην-ς
815 3889 1018 3975 ὑποστρέφει
1042 3891 1086 3963 ὡς
1102 3890 1180 3955 ἀνευ
1207 3889 1260 3969 qui
1282 3888 1346 3950 sine
1369 3889 1478 3951 marito
1500 3898 1677 3970 procreatus
1700 3899 1760 3963 est,
1783 3890 1904 3970 spurina
1927 3890 1991 3951 erit

277 3990 401 4079 ἀνδρὸς
424 3992 559 4071 τεχθεὶς
583 3994 742 4080 σποὺριος
765 3999 869 4059 ἔσται.
1029 3996 1065 4059 ir.
1082 4000 1122 4059 25
1139 3997 1179 4060 ib.
2003 3996 2039 4057 fr.
2057 3998 2108 4059 25.

101 4186 136 4241 Β,
149 4184 182 4254 ,ς
202 4150 260 4241 τά
526 4171 646 4226 sirloc
666 4171 705 4239 ε’,
724 4171 857 4226 aleator
874 4173 932 4226 Λα
1409 4170 1578 4229 mutuus
1596 4172 1639 4241 11,
1657 4171 1763 4227 nunu
1781 4170 1909 4227 xxxiv
2127 4175 2143 4230 ι.
2157 4174 2266 4299 φῦραι.

149 4276 209 4330 ον’.
277 4275 1178 4353 περλτῶνὺποστρεφόντωνόπδαλημαλωσίυςῆκολόῃοραζομόνων.
1247 4279 1282 4334 de
1300 4278 1483 4334 redeuntibus
1501 4295 1535 4335 ex
1553 4279 1717 4349 captivitate
1734 4295 1785 4334 seu
1803 4281 1886 4334 etium
1905 4277 2064 4348 redemptis.

342 4401 418 4466 Ἐάν
444 4424 495 4477 τις
523 4402 590 4469 άπδ
617 4415 685 4468 τῶν
708 4405 869 4484 πολεμίων
892 4405 1111 4485 ἀπεσπάσθη,
1140 4405 1180 4468 οὑ
1273 4406 1396 4488 Siquis
1419 4407 1459 4469 eb
1481 4406 1619 4468 hostibus
1635 4406 1770 4481 avulsus,
1793 4426 1855 4468 non
1871 4405 2045 4486 redemptus
2061 4404 2109 4479 sit,

276 4506 340 4590 μὴν
363 4509 605 4594 ἀπημοράσθη,
629 4510 804 4593 ἐλεύθερος
827 4515 934 4576 ἔσται·
958 4516 985 4575 εί
1007 4513 1042 4577 δέ
1063 4511 1179 4586 δοῦλος
1206 4513 1283 4576 liber
1304 4514 1374 4586 erit;
1406 4514 1453 4576 sin
1480 4522 1582 4575 autem
1610 4533 1716 4575 servus
1743 4512 1850 4587 fuerat,
1877 4510 1999 4573 domino
2026 4511 2110 4572 resti·

277 4610 325 4694 ὑν,
350 4620 398 4697 τῷ
422 4616 565 4703 δεσπότῃ
589 4617 846 4695 ἀποδοθήσεται
870 4629 1085 4704 παραχρῆμα.
1207 4630 1309 4682 tuetur
1332 4622 1444 4683 statim.
1849 4639 1874 4681 c.
1893 4621 1943 4679 12.
1960 4617 1994 4679 0.
2011 4621 2040 4680 8.
2057 4618 2108 4679 50.

922 4747 947 4789 c.
966 4729 1015 4789 12.
1032 4727 1065 4790 G.
1083 4729 1111 4801 8,
1128 4728 1179 4789 50.

99 4917 175 4981 B.;².
193 4901 261 4992 {27¹
521 4900 641 4955 ΤΙΤΛΟ(
661 4900 703 4969 Β’,
723 4900 856 4956 ΒΙΒΛΙΟΥ
870 4896 941 4956 “ΛΕ’*
1418 4900 1584 4959 TITULUS
1602 4902 1640 4970 11,
1660 4901 1766 4957 LIBRI
1784 4900 1896 4957 xxxv
2126 4895 2142 4950 l.
2157 4899 2181 4949 6.
2201 4898 2219 4948 ε,
2233 4900 2267 4949 23

105 4990 254 5044 &Wlffl-
295 5009 357 5079 περὶ
375 5003 509 5075 διαθήκης
525 5011 571 5061 καὶ
588 5011 658 5077 ποίῳ
677 5006 767 5081 τρόπῳ
786 5009 818 5061 αι’
833 5005 964 5075 διαθῆκαι
982 5011 1161 5063 συνίστανται.
1300 5009 1335 5064 de
1353 5014 1521 5064 testamento
1540 5015 1570 5064 et
1587 5009 1725 5080 quomodo
1743 5014 1911 5064 testamenta
1927 5005 2004 5062 fiant
2126 4968 2261 5021 ‘mmm'

342 5129 416 5195 Ἐάν
439 5134 472 5195 ol
492 5133 658 5218 μάρτυρες
679 5130 723 5215 μη
747 5134 795 5198 ἐπ’
821 5136 921 5221 ὄψεσι
945 5143 1007 5199 τοῦ
1030 5134 1179 5198 διατιθε-
1272 5136 1306 5199 si
1336 5144 1428 5197 testes
1459 5156 1521 5198 non
1551 5136 1583 5197 in
1615 5144 1777 5216 conspeetu
1807 5135 1959 5197 testatoris
1990 5121 2121 5213 signent*

275 5241 374 5320 μένου
389 5241 606 5326 σφραγίσωσι
623 5238 683 5317 τὴν
699 5239 880 5321 διαθήκην,
904 5243 1074 5324 ἄχρηστός
1089 5245 1180 5305 ἐστιν
1206 5252 1429 5317 testamentum,
1452 5242 1558 5304 inutile
1580 5252 1634 5316 eet,
1657 5243 1715 5303 nisi
1737 5241 1814 5304 forte
1836 5242 2027 5322 privilegium
2042 5260 2107 5320 spe·

349 5415 418 5469 ¹Ex
436 5414 503 5486 Syn.
522 5416 554 5471 F.
567 5416 604 5471 Η.
677 5416 747 5471 ’Ex
765 5416 832 5488 Syn.
851 5417 882 5472 F.
896 5417 932 5471 H.
1004 5417 1178 5490 ‘bebSyn

345 5503 428 5559 ‘Est
450 5506 537 5575 igitur
554 5506 596 5560 tit.
616 5510 632 5559 2
651 5504 715 5560 libri
733 5506 854 5573 XXXV,
877 5511 909 5561 ut
927 5522 961 5562 ex
984 5509 1084 5562 ceteris
1102 5511 1178 5563 testi-

275 5594 377 5648 moniis
405 5596 473 5648 satis
500 5594 597 5666 liquet.
635 5593 678 5651 cf.
708 5601 737 5649 et
760 5611 816 5664 eoa,
843 5596 892 5666 qui
920 5602 1053 5650 secuntur
1074 5597 1178 5651 titulos.

275 5681 364 5738 Index
377 5681 460 5738 Coisl.
474 5682 568 5738 docet:
587 5680 621 5755 βι.
635 5680 667 5736 λδ
671 5683 679 5706 ’
692 5686 745 5738 τῶν
757 5682 842 5755 βασιλ,
856 5686 910 5753 ibat
923 5685 1026 5746 τίτλους
1036 5681 1070 5756 β’.
1095 5685 1179 5740 Vide·

275 5776 321 5826 tur
338 5776 433 5828 tamen
451 5772 549 5827 titulus
571 5772 608 5826 1²·
629 5772 694 5828 libri
713 5772 830 5829 XXXV¹
848 5791 900 5845 per
922 5791 1041 5830 errorem
1061 5777 1178 5829 omissus
1274 5764 1278 5775 '

276 5858 377 5930 fuisse3
395 5878 460 5915 nem
479 5861 581 5916 indicis
599 5860 746 5916 &amulum
759 5863 835 5934 quod
849 5870 976 5919 servetur
993 5862 1040 5917 iol.
1054 5868 1098 5917 89¹
1110 5865 1178 5917 setis

276 5951 400 6005 ostendit
417 5951 495 6005 illum
508 5967 619 6022 quoque
637 5952 667 6004 in
685 5951 739 6005 bae
751 5952 935 6008 Basilieorum
953 5955 1115 6007 recensione
1135 5967 1193 6045 ex·i

277 6045 401 6109 cerptum
420 6057 491 6095 esse.
1190 6048 1194 6087 ¹

337 6137 404 6179 auu.
429 6138 454 6179 r.
465 6137 517 6179 m
