4842 7018
823 469 978 537 LIBER
999 469 1123 535 XLIII.
1168 470 1258 536 TIT.
1281 470 1437 537 IV-VI
2001 476 2042 539 67

208 666 276 719 τών
298 655 452 737 ληγοίτων
473 653 531 718 καί
554 666 612 731 τῆς
635 659 812 739 ἐπιτροπῆς
834 654 1033 739 ἐπερώτησις
1054 649 1111 716 καὶ
1140 652 1297 734 stipulatio
1329 660 1360 714 et
1386 654 1424 716 de
1451 653 1641 717 fideiussione
1669 664 1699 716 et
1728 655 1766 717 de
1788 655 1900 717 damno
1923 655 2044 729 infecto,

209 765 228 840 ὴ
256 761 330 847 περὶ
358 766 474 844 ἐγγυῆς
500 759 557 826 καί
585 764 604 839 ή
633 760 705 848 περὶ
732 760 912 843 μελλούσης
940 761 1065 841 ζημίας,
1092 759 1112 837 b
1141 770 1195 822 aut
1209 780 1426 835 communes,
1442 762 1529 823 sicuti
1544 761 1582 823 de
1597 762 1629 822 in
1644 762 1754 824 iudicio
1770 763 1912 825 sistendo.
1936 762 2044 826 Omnis

207 868 338 935 κοιναί
364 872 408 944 ώς
432 866 482 933 ἐπὶ
508 876 570 932 τοῦ
594 879 807 954 παραστῆναι
832 868 1049 954 δικαστηρίριε
1070 904 1111 914 -
1141 877 1242 929 autem
1265 867 1420 948 stipulatio
1442 878 1659 949 μεταπίπτειν
1682 890 1770 931 suam
1792 870 1971 933 cautionelis
1989 880 2045 946 est,

208 977 315 1041 Πᾶσα
343 976 377 1039 δέ
404 978 603 1060 ἐπερώτησις
633 974 709 1039 κατ’
744 976 868 1040 οίιιειάν
900 974 1004 1063 φύσιν
1034 996 1113 1037 xoeo-
1140 974 1283 1055 quoniam
1305 975 1499 1037 securitatem
1520 977 1609 1056 parit

209 1084 361 1149 τιοναλία
383 1082 453 1147 ἐστὶ
477 1079 534 1147 διὰ
556 1079 596 1146 τδ
621 1092 799 1166 περιποιεῖν
821 1080 861 1147 τό
885 1082 1045 1170 ύσεμαλές.
1613 1081 1649 1144 fr.
1669 1087 1684 1145 1
1702 1089 1828 1164 ρετ-5
1845 1084 1874 1144 4.
1890 1082 1930 1145 D.
1947 1086 1998 1159 46,
2015 1087 2044 1145 5.

682 1190 941 1273 hulpa—54.
957 1189 997 1251 D.
1014 1190 1066 1265 46,
1083 1193 1113 1252 5.

140 1301 171 1364 ζ’·
274 1296 325 1362 Αἱ
347 1299 548 1382 πραιτώριαι
572 1297 785 1381 ἐπερωτήσας
811 1296 929 1379 ἐγγύας
952 1299 1112 1361 ἀπαιτοῦ-
1206 1294 1381 1357 Praetoriae
1407 1295 1616 1376 stipulationes
1642 1296 1848 1360 fideiussiones
1879 1299 2044 1379 requirunt,

209 1427 275 1486 σιν,
304 1406 343 1469 ού
370 1403 434 1487 μήν
465 1407 603 1490 ἐνέχυρα
635 1404 710 1467 ούτε
739 1403 900 1487 ἀργύριον
930 1404 949 1482 ή
971 1405 1114 1485 χρυσίον
1140 1421 1200 1464 non
1223 1422 1295 1463 vero
1322 1403 1463 1483 pignera,
1491 1423 1589 1484 neque
1616 1415 1775 1483 argentum
1799 1413 1854 1466 aut
1878 1425 1986 1467 aurum
2010 1414 2044 1467 ut

208 1513 471 1597 παρατίθεσθαι
496 1516 529 1574 ἐν
552 1512 643 1594 τάξει
668 1511 863 1596 ἀσφαλείας.
953 1552 956 1561 «
984 1511 1020 1573 ir.
1038 1516 1055 1574 7
1072 1512 1112 1573 ib.
1140 1509 1345 1590 praebeantur
1366 1510 1398 1570 in
1420 1509 1518 1572 vicem
1541 1512 1698 1573 cautionis.
1960 1512 1997 1574 fr.
2016 1516 2043 1574 7.

128 1622 171 1677 θ’.
273 1617 348 1684 'Ecba
370 1622 389 1683 ό
413 1619 565 1703 πραίτωρ
590 1622 633 1692 είς
656 1640 734 1681 τινα
757 1618 885 1701 χρόνον
911 1618 1030 1699 ὁρίσας
1052 1615 1114 1696 τήν
1208 1615 1241 1678 Si
1263 1626 1387 1697 praetor
1408 1616 1440 1677 in
1463 1626 1579 1680 certum
1602 1626 1722 1699 tempus
1744 1618 1856 1680 finierit
1874 1619 2044 1681 satisdatio·

208 1728 399 1813 ύσφοίλειαν
420 1723 561 1810 ὕστερον
584 1730 628 1798 εἰς
642 1728 854 1808 μακροτέραν
869 1723 974 1802 αὐτὴν
989 1724 1111 1811 ἐκτείσῃ
1140 1743 1211 1785 nem
1234 1732 1265 1785 et
1287 1732 1393 1805 postea
1415 1725 1447 1785 in
1469 1723 1642 1787 ulteriorem
1664 1726 1747 1787 diem
1761 1746 1829 1788 eam
1852 1727 2044 1807 protraxerit,

208 1835 432 1919 προθεσμίαν,
457 1835 490 1896 οἱ
513 1837 549 1895 ἐκ
570 1843 628 1909 τῆς
652 1833 784 1914 πρώτης
806 1832 1035 1915 ἐπερωτήσεως
1050 1837 1113 1896 ἐνε-
1140 1831 1162 1891 ii
1185 1831 1239 1912 qui
1262 1850 1300 1891 ex
1321 1831 1419 1911 priore
1448 1831 1644 1912 stipulatione
1671 1842 1813 1895 tenentur
1835 1835 2045 1915 exceptionem

204 1942 340 2024 γόμενοι
364 1944 477 2018 ἐχουσι
502 1938 741 2026 παραγραφήν.
960 1940 996 2002 ir.
1015 1942 1054 2001 10
1070 1940 1112 2003 ib.
1139 1936 1265 1999 habent
1939 1941 1975 2002 fr.
1994 1943 2043 2003 10.

124 2050 169 2104 ια’.
272 2044 339 2110 Ἐπλ
372 2058 440 2111 τῶν
471 2046 702 2131 ἐπερωτήσεων
732 2056 800 2109 των
831 2043 935 2126 ,ὅσου
965 2044 1035 2109 ἐστὶ
1071 2044 1112 2110 τὸ
1206 2043 1244 2104 In
1268 2043 1516 2125 stipulationibus
1543 2047 1670 2127 „quanti
1696 2067 1734 2108 ea
1759 2066 1809 2109 res
1837 2049 1912 2111 erit“
1936 2047 2044 2109 melius

207 2158 366 2239 πρᾶγμαν(
388 2154 525 2218 κάλλιόν
548 2152 620 2217 ἐστι
645 2149 748 2237 ῥητόν
766 2152 971 2217 ἐντίθεσθαι
995 2149 1111 2234 ποσόν,
1139 2159 1185 2212 ast
1208 2160 1321 2212 certam
1344 2151 1485 2214 inducere
1507 2153 1718 2233 quantitatem,
1741 2153 1871 2217 difficilis
1894 2155 1975 2216 enim
1998 2164 2044 2217 est

207 2259 314 2338 ἐπειδή
343 2259 504 2344 δύσγερής
527 2260 619 2324 ἐστιν
645 2261 665 2336 r)
693 2269 755 2323 τοῦ
782 2259 1004 2347 διαφέροντος
1031 2261 1112 2324 ἀπό·
1139 2258 1203 2319 eius
1224 2257 1307 2338 quod
1329 2259 1453 2321 interest
1476 2260 1699 2323 demonstratio.
1940 2262 1975 2323 fr.
1995 2265 2044 2324 11.

163 2459 178 2501 Δ
207 2366 313 2450 δειξις.
958 2368 994 2431 fr.
1013 2371 1052 2429 11
1070 2367 1110 2429 ib.

28 2510 187 2662 Βηαλρῦκό
452 2526 573 2581 tirso<
592 2527 632 2595 ε’,
652 2525 784 2580 aleator
802 2526 863 2579 ar‘
1359 2522 1527 2581 munaus
1544 2522 1580 2593 v,
1598 2524 1705 2580 mam
1722 2524 1821 2580 xum
2065 2523 2211 2651 Gippi}7

69 2621 92 2655 τ.
147 2643 153 2655 .
2086 2612 2101 2649 0
2150 2614 2170 2650 ε.
2213 2637 2220 2650 .

391 2654 453 2724 περλ
472 2643 505 2705 ού
523 2651 539 2720 ή
558 2648 701 2706 δεσποτεία
720 2647 924 2722 ἀμφιβάλλεται.
1299 2648 1334 2703 de
1353 2665 1394 2717 eo,
1414 2649 1492 2704 cuius
1510 2648 1546 2703 ds
1561 2651 1732 2720 proprietate
1749 2651 1884 2723 litigatur.

134 2795 169 2869 β’.
273 2793 422 2859 Δύναται
455 2799 473 2860 ό
506 2780 572 2880 νειμ)
599 2795 680 2880 ὑπὲρ
709 2792 886 2879 θυγατρός
914 2795 1112 2877 ύπεξουσίας
1205 2792 1311 2854 Potest
1337 2803 1425 2874 pater
1451 2814 1505 2874 pro
1528 2793 1592 2855 filia
1613 2794 1646 2855 in
1672 2804 1824 2876 potestate
1851 2795 1991 2877 stipulari
2013 2806 2044 2858 et

206 2902 374 2986 ἐπερωτᾶν
388 2900 446 2966 καί
460 2911 562 2966 κινεῖν
577 2901 638 2980 τήν
653 2903 795 2983 οέγωγήν.
833 2924 857 2964 a
869 2906 897 2965 2.
914 2901 1112 2977 c.vss1,37.
1140 2919 1279 2961 exercere
1302 2900 1459 2962 actionem.
1806 2924 1831 2964 c.
1849 2906 1877 2965 2.
1893 2902 1927 2966 O.
1944 2906 1973 2979 8,
1990 2906 2041 2966 37.

136 3009 168 3065 ό.
274 3010 395 3084 Καλῶς
418 3013 567 3094 ἐπερωτᾷ
589 3012 608 3087 ή
631 3007 712 3091 γυνή
736 3005 796 3072 τδν
820 3008 944 3093 ἄνδρα,
973 3006 1028 3072 ἵνα
1056 3008 1112 3095 ἐξῇ
1205 3006 1300 3068 Recte
1327 3007 1435 3068 mulier
1466 3009 1572 3070 aviro
1601 3008 1772 3089 stipulatur,
1800 3021 1836 3072 ut
1862 3010 1954 3073 liceat
1985 3012 2043 3073 sibi

206 3119 290 3203 αὐτῇ
314 3114 399 3181 όταν
421 3116 596 3203 τελευτήσῃ
620 3114 659 3180 τό
678 3113 779 3198 ήμισυ
795 3127 852 3194 τῆς
867 3112 1006 3201 προικός
1021 3112 1112 3198 cirros
1140 3133 1209 3174 oum
1228 3115 1371 3176 morietur
1386 3114 1543 3175 dimidium
1559 3115 1637 3178 dotis
1657 3118 1705 3178 cui
1720 3116 1851 3179 voluerit
1864 3117 2043 3199 relinquere.

205 3224 361 3311 βούλεται
384 3224 658 3305 κατυλιμπιίνεινε
675 3261 717 3271 -
963 3245 987 3286 c
1004 3227 1024 3286 3
1040 3223 1111 3286 ibid.
1972 3244 1998 3287 c.
2014 3227 2043 3286 3.

139 3334 168 3387 θ’·
277 3331 345 3397 Οὐκ
367 3332 421 3395 ἀεί
440 3353 491 3405 τις
510 3328 577 3394 ἀπό
593 3330 694 3417 ψιλῆς
713 3330 907 3411 ἐπαγγελίας
922 3333 1111 3407 κατέχεται·
1206 3326 1278 3387 Non
1300 3337 1448 3409 perpetuo
1475 3329 1543 3409 quis
1566 3349 1605 3390 ex
1632 3329 1717 3391 nuda
1738 3330 1937 3411 promissione
1959 3340 2043 3393 tene·

55 3441 103 3509 sol·
117 3446 168 3494 48¹·
206 3443 231 3501 εί
263 3441 375 3520 μέντοι
408 3438 711 3522 προσομολογήσοι,
745 3434 797 3501 ὅτι
830 3442 877 3520 „sl
908 3435 951 3518 μή
983 3436 1111 3512 ποιήσω
1139 3441 1201 3496 tur:
1219 3432 1313 3512 igitur
1330 3434 1357 3495 si
1373 3436 1543 3515 promiserit
1564 3436 1642 3512 „nisi
1666 3436 1772 3511 fecero,
1795 3458 1925 3519 poenam
1945 3437 2044 3500 dabo“

206 3543 324 3622 ποινήν
347 3543 494 3626 δίδωμι,“
518 3545 740 3630 παραβαίνων
762 3542 823 3622 τήν
845 3543 1044 3626 ἐπαγγελίαν
1066 3542 1111 3606 δί-
1140 3549 1171 3601 et
1193 3550 1398 3621 transgressus
1421 3542 1512 3604 fuerit
1534 3543 1771 3623 promissionem,
1793 3564 1924 3625 poenam
1948 3545 2042 3607 dabit

207 3652 289 3715 δωσι
313 3649 352 3723 τὸ
376 3653 574 3735 πρόστιμονι
592 3649 653 3699 -1
1040 3673 1065 3713 c.
1082 3654 1110 3713 5.
1971 3672 1996 3714 e.
2013 3656 2042 3715 5.

125 3763 169 3836 ιγ.
271 3758 392 3822 Ἰστέον
424 3755 476 3822 ότι
509 3768 604 3822 πᾶσα
635 3758 834 3843 ἐπερώτησις
865 3762 928 3822 εἴτε
955 3763 989 3822 ἐν
1021 3756 1111 3821 δόσει
1201 3753 1362 3816 Sciendum
1378 3765 1425 3818 est
1440 3776 1558 3818 omnem
1570 3756 1805 3838 stipulationem,
1820 3758 1884 3822 sive
1900 3758 2043 3822 indando

206 3870 268 3930 εἴτε
291 3864 326 3930 ἐν
349 3866 477 3942 ποιήσει
501 3869 549 3942 είη
577 3868 639 3928 είτε
661 3864 774 3947 μικτή,
802 3864 860 3930 καλ
889 3871 932 3940 είς
954 3865 1111 3949 κληρονό·
1139 3861 1203 3922 sire
1225 3863 1258 3922 in
1279 3862 1420 3925 faciendo
1444 3865 1603 3939 consistat,
1627 3865 1691 3928 sive
1713 3865 1810 3926 mixta
1833 3865 1881 3940 sit,
1904 3876 1934 3928 et
1956 3867 2042 3927 hers·

205 3995 287 4056 μους
309 3971 367 4037 καλ
390 3969 480 4036 κατὰ
502 3973 718 4056 κληρονόμων
734 3974 1022 4058 παραπεμπέσθω,
1046 3969 1111 4035 κᾶν
1138 3967 1228 4030 dibus
1250 3979 1281 4031 et
1307 3970 1454 4032 adversus
1481 3970 1606 4034 heredes
1633 3973 1810 4047 transmitti,
1838 3971 1903 4037 sive
1929 3973 2042 4036 mentio

205 4081 312 4162 μνήμη
336 4083 468 4162 γέγονεν
491 4077 768 4161 abscondenti·
798 4076 816 4142 ὃ
840 4077 906 4163 γὰρ
930 4089 1001 4154 τοῖς
1024 4100 1111 4162 πρω-
1138 4074 1221 4137 sacta
1243 4077 1283 4138 sit
1305 4097 1409 4139 eorum
1432 4078 1496 4139 sive
1518 4080 1647 4141 nonsit:
1671 4080 1753 4160 quod
1771 4080 1850 4140 enim
1866 4079 2042 4142 auctoribus

206 4187 363 4261 τοτύποις
386 4189 603 4267 είσετέτακτο,
632 4184 775 4250 δυνατόν
801 4185 858 4250 καὶ
887 4182 966 4261 τοὺς
992 4186 1110 4270 κληρσ-
1138 4184 1312 4264 impositum
1335 4192 1382 4246 cst
1395 4194 1525 4265 possunt
1543 4193 1574 4247 et
1591 4185 1715 4247 heredes
1730 4186 1828 4248 faeere
1843 4206 1943 4268 neque
1957 4207 2042 4268 opor·

205 4297 326 4377 νόμους
342 4304 489 4375 ποιῆσαι,
508 4292 566 4358 καὶ
582 4294 622 4357 ού
634 4292 701 4378 χρή
717 4297 759 4379 τῇ
775 4291 931 4378 εἰιιριβείμ
946 4301 1111 4357 τοσοῦτον
1138 4298 1181 4352 tet
1203 4290 1365 4371 suptilitati
1387 4299 1507 4354 tautum
1530 4290 1694 4372 indulgere.
1948 4314 1973 4355 c.
1992 4296 2041 4356 13.

206 4405 393 4487 προσέχεινι
410 4398 473 4449 —¹
1017 4421 1042 4462 e
1061 4404 1109 4462 13.

453 4577 573 4633 ΤΠΛΟ(
591 4576 630 4647 ς’,
650 4576 783 4631 ΒΙΒΛΙΟΥ
801 4577 861 4631 ΜΡ
1351 4572 1519 4632 TITULUS
1537 4574 1587 4643 VI,
1606 4573 1712 4629 LIBRI
1730 4574 1829 4629 XLIII

285 4707 347 4777 περὶ
366 4703 587 4776 συναλλάγματος
603 4703 818 4775 παρεντεθείσης
836 4700 1033 4775 ἐπερωτήσεως.
1319 4699 1354 4754 de
1373 4704 1517 4754 contractu
1536 4701 1656 4753 insertae
1675 4698 1863 4770 stipulatione.

270 4829 303 4895 Ὁ
331 4828 457 4914 ἄνηβος
486 4827 592 4913 χωρίς
621 4829 807 4902 αύθεντίας
839 4836 899 4891 τοῦ
930 4828 1112 4912 ἐπιτρόπου
1204 4825 1349 4908 Impubes
1381 4827 1433 4908 qui
1464 4826 1528 4888 sine
1559 4826 1667 4887 tutoris
1694 4827 1874 4889 auctoritate
1904 4828 2043 4907 promisit

133 4954 168 5006 α’.
206 4935 429 5017 ἐπερωτηθείς
452 4937 491 4999 ού
513 4944 699 5019 ιιρατεῐταιε
716 4972 759 4981 -
813 4956 838 4997 c.
857 4934 1042 5010 1.c.V111‚
1059 4937 1110 4997 38.
1138 4955 1199 4996 non
1221 4942 1350 4997 tenetur.
1749 4953 1774 4994 c.
1792 4936 1820 4995 1.
1836 4933 1871 4995 C.
1880 4933 1974 5009 VIII,
1991 4937 2041 4996 38.

278 5040 328 5108 Τόι
345 5046 536 5107 συνοικίσαι
554 5041 716 5126 ἐλεύθερα
734 5041 894 5105 θέλουσιν
909 5036 1001 5122 εἶναι,
1025 5038 1111 5105 ὅθεν
1205 5041 1403 5103 Matrimonia
1439 5040 1537 5103 libera
1570 5061 1635 5104 esse
1666 5040 1787 5114 debent,
1818 5040 1947 5121 ideoque
1978 5041 2042 5103 sive
2071 5124 2073 5127 Ι

133 5167 167 5241 ῥ’,
206 5154 267 5215 εἴτε
290 5149 473 5237 σύμφωνον
496 5153 558 5213 εἴτε
581 5149 780 5233 ἐπερώτησις
807 5152 941 5229 γένηται
964 5145 1044 5222 ώςτε
1067 5147 1110 5230 μή
1138 5159 1263 5229 pactum
1295 5148 1359 5212 sive
1387 5147 1542 5229 stipulatio
1570 5147 1653 5211 facta
1680 5148 1728 5222 ait,
1760 5148 1921 5228 quominus
1950 5147 2042 5210 liceat

205 5257 324 5341 ἐξεῖναι
349 5257 519 5338 διαζύγιον
542 5260 685 5339 πέμπειν,
710 5256 878 5339 όνίσγυρύ
902 5254 1001 5318 ἐστιν.
1040 5277 1064 5318 c.
1082 5259 1110 5317 2.
1138 5256 1297 5336 repudium
1321 5255 1446 5329 mittere
1469 5255 1585 5317 inutilis
1608 5265 1662 5318 est.
1970 5275 1995 5317 c.
2013 5258 2041 5317 2.

270 5360 346 5429 Ἐὰν
369 5364 622 5451 συμφωνήσωσί
646 5385 731 5437 τινες
754 5360 834 5437 ώςτε
857 5358 917 5425 τδν
940 5362 1110 5446 προτελευ-
1205 5361 1238 5424 si
1260 5363 1343 5442 pacti
1364 5361 1477 5423 fuerint
1499 5363 1631 5442 quidam,
1654 5370 1689 5423 ut
1711 5363 1737 5424 Is
1760 5362 1812 5442 qui
1836 5371 1929 5424 antea
1950 5362 2042 5425 fuerit

135 5488 167 5544 ε’,
205 5483 318 5536 τῶντα
341 5475 389 5553 τῷ
412 5474 510 5555 ἐτέριρ
534 5470 664 5535 διδόναι
692 5468 753 5547 τήν
780 5468 899 5533 οὐσίαν
926 5467 986 5545 τήν
1013 5467 1110 5547 ἐδιάν,
1138 5479 1274 5531 mortuus
1302 5468 1390 5530 alteri
1417 5468 1469 5530 det
1491 5467 1571 5530 bona
1593 5469 1724 5550 propria,
1751 5469 1859 5531 inutile
1887 5479 1933 5533 est
1960 5469 2042 5551 quod

206 5581 379 5664 ἄχρηστον
402 5574 441 5642 τό
465 5573 601 5658 γεγονός
624 5578 668 5650 ὡς
694 5571 785 5639 κατὰ
807 5585 875 5639 τῶν
902 5575 1013 5639 καλῶν
1037 5577 1110 5660 τρό-
1138 5586 1240 5639 actum
1263 5585 1310 5637 est
1331 5583 1437 5656 utpote
1460 5584 1565 5636 contra
1588 5573 1683 5636 bonos
1701 5595 1808 5638 mores.
1846 5576 2041 5657 nequeenim

206 5707 277 5749 πων
291 5688 343 5749 όν·
358 5685 434 5749 οὔτε
450 5679 515 5769 γὰρ
527 5682 709 5771 σύμφωνον
723 5683 799 5746 ούτε
807 5685 1007 5767 ἐπερώτησις
1022 5678 1110 5746 οὕτω
1138 5691 1263 5764 pactum
1285 5702 1381 5763 neque
1403 5681 1559 5762 stipulatio
1581 5681 1730 5743 eiusmodi
1752 5682 1842 5745 valet
1970 5702 1995 5743 c.
2011 5684 2040 5743 4.

205 5795 360 5874 γενομένη
383 5790 500 5870 ίσγύειε
517 5786 581 5838 —³
993 5811 1018 5851 c.
1034 5793 1055 5852 4
1071 5790 1110 5852 ib.

278 5970 287 6001 ¹
305 5968 393 6024 babet
401 5968 467 6040 Syn.
510 5969 521 6001 ¹
539 5968 597 6024 fere
608 5967 696 6024 isdem
705 5966 799 6023 verbis
808 5965 875 6037 Syn.
917 5963 1031 6021 'habet
1043 5962 1110 6035 Syn.
