4842 7018
870 477 1023 543 LIBER
1044 478 1129 544 LIV.
1174 480 1264 545 TIT.
1287 480 1325 545 V.
1348 479 1404 544 VI.
2006 484 2068 548 126

164 665 196 717 κ’.
297 658 342 720 Ἡ
352 658 595 740 πρωτοστασιά
611 656 669 721 καὶ
690 656 918 743 δεκαπρωτεία
936 657 994 722 καλ
1017 661 1137 744 ήίερο-
1232 659 1422 723 Protostasia
1453 671 1483 724 et
1515 662 1767 743 decemprimatus
1798 672 1829 724 et
1860 662 2068 737 sacerdotium,

234 763 325 844 σύνη,
358 767 508 828 τουτέστι
538 762 578 828 τὸ
600 766 760 828 ’ἐπιτελεῖν
787 762 832 829 τά
854 769 1047 847 κυνηγέσια,
1076 768 1138 831 οὔκ
1166 769 1223 830 hoe
1246 779 1293 830 est
1315 767 1457 831 ludorum
1480 768 1703 850 implendorum
1725 789 1807 843 cura,
1829 790 1891 831 non
1915 778 1986 832 sunt
2006 790 2068 833 cor·

234 874 295 935 είσι
324 867 500 952 σωματικά
526 871 793 955 λειτουργήματα
820 871 907 936 ἀλλὰ
933 872 1036 955 μόνον
1055 896 1138 959 χρη·
1165 874 1284 956 poralia
1306 892 1441 950 munera,
1465 875 1518 937 sed
1540 885 1660 936 tantum
1684 875 1917 956 patrimonialia
1997 897 2023 940 c.
2039 879 2068 939 6.

232 978 371 1060 ματικάι
388 1014 430 1025 -
1066 1002 1091 1044 c.
1108 985 1137 1044 8.

179 1091 195 1144 ’.
305 1081 373 1159 Τάς
407 1081 618 1169 χρηματικὰς
655 1086 862 1171 λειτουργίας
898 1084 956 1150 καὶ
987 1096 1138 1167 γυναῖκες
1233 1088 1410 1151 Patrimonii
1433 1107 1560 1151 munera
1581 1098 1613 1150 et
1634 1088 1773 1152 mulieres
1796 1089 1897 1153 subire
1915 1099 2069 1172 coguntur.

233 1192 481 1272 ἀναγκάζονται
505 1191 716 1276 λειτουργεῖνε
733 1189 794 1241 -¹
1066 1215 1091 1258 o
1109 1200 1137 1259 9.
1999 1218 2025 1260 o.
2041 1201 2069 1261 9.

598 1368 718 1422 ΤΙΤΛΟ(
737 1369 767 1434 ς’
1506 1369 1673 1428 TITULUS
1690 1372 1732 1428 vl

521 1497 584 1566 περὶ
601 1492 706 1548 δικαίου
724 1495 850 1557 ἀτελείας.
1455 1496 1490 1551 de
1509 1497 1569 1550 iure
1587 1496 1778 1552 immunitatis.

183 1626 198 1677 ‘·
298 1621 344 1684 Ἡ
362 1622 553 1702 προσώποις
577 1619 883 1703 διδομένη-ἀτέλεια
910 1623 950 1685 οὐ
975 1621 1138 1707 διαβαίνει
1234 1624 1386 1685 Personae
1412 1623 1486 1685 data
1508 1623 1684 1685 immunitas
1706 1643 1769 1684 non
1792 1624 1902 1688 transit
1928 1624 1968 1685 ad
1990 1625 2070 1689 here-

236 1732 280 1801 είς
302 1728 541 1811 κληρονόμους·
570 1732 596 1791 ελ
620 1726 654 1790 δέ
681 1732 763 1808 γένει
791 1727 811 1806 ή
834 1731 1015 1810 ἀπογόνοις
1038 1728 1139 1815 δοθῇ,
1167 1731 1234 1803 des;
1257 1730 1283 1793 si
1305 1751 1377 1794 vero
1399 1730 1501 1809 generi
1524 1739 1578 1791 aut
1600 1730 1729 1811 posteris
1751 1729 1825 1792 data
1842 1730 1890 1806 sit,
1913 1751 1973 1793 non
1992 1752 2071 1794 com·

236 1834 298 1912 οὐχ
322 1834 455 1918 ἁρμόζει
479 1842 550 1908 τοῖς
573 1830 640 1898 ἀπὸ
665 1835 883 1916 θηλυγονίαςε
900 1834 964 1883 -²
1167 1837 1245 1919 petit
1266 1838 1302 1899 iis
1325 1838 1376 1918 qui
1398 1857 1453 1918 per
1474 1836 1618 1899 feminum
1642 1836 1838 1900 descendunt.

763 1943 799 2004 fr.
818 1946 845 2006 1.
862 1950 879 2021 e
899 1947 925 2005 1.
943 1947 971 2006 2.
986 1944 1026 2006 υ.
1044 1946 1094 2018 50,
1112 1947 1140 2005 o.
1698 1943 1733 2005 t.
1752 1947 1779 2007 1.
1796 1951 1813 2022 e
1832 1949 1859 2008 1.
1876 1948 1904 2008 2.
1919 1946 1958 2007 n.
1975 1948 2026 2021 σο,
2042 1950 2071 2008 ε.

299 2046 332 2111 Ὁ
347 2051 432 2125 έχων
447 2045 527 2110 δέκα
542 2045 576 2130 ἓξ
585 2047 708 2123 παῖδας
724 2050 859 2113 πάντων
874 2060 940 2113 τῶν
955 2050 1141 2134 λειτουργη-
1235 2050 1299 2129 Qui
1320 2049 1414 2112 habet
1437 2050 1567 2112 sedecim
1589 2051 1667 2113 filios
1691 2051 1825 2114 omnium
1844 2072 2002 2114 munerum
2018 2054 2071 2114 im·

235 2155 351 2237 μάτων
373 2154 639 2219 ἀπαλλάσσεταιτ
655 2151 718 2202 -⁸
978 2158 1015 2220 fr.
1032 2160 1060 2220 6.
1077 2164 1094 2234 6
1112 2161 1140 2219 2.
1169 2158 1317 2219 munitate
1338 2156 1456 2219 fruitur.
1788 2163 1791 2169 ’
1910 2158 1945 2221 fr.
1962 2162 1990 2222 6.
2008 2166 2027 2237 6
2042 2163 2071 2222 2.

307 2260 347 2325 Ol
382 2261 623 2346 ὑπουργοῦντες
654 2265 696 2348 τῇ
723 2263 838 2343 ἀνιόνα
867 2261 1047 2347 ναύκληροι
1083 2262 1140 2328 καὶ
1235 2264 1299 2341 Qui
1315 2283 1454 2326 annonae
1468 2263 1637 2327 inserviunt
1651 2265 1831 2327 exercitores
1846 2275 1878 2328 et
1891 2276 2072 2330 mercatores

237 2371 375 2453 ἔμποροι
405 2379 473 2433 τῶν
504 2368 716 2451 λιιτουργιῶν
747 2372 881 2447 έχουσιν
907 2372 1058 2436 ἀτέλειαν
1085 2371 1138 2458 ἐφ’
1170 2390 1328 2433 munerum
1359 2372 1581 2434 immunitatem
1613 2370 1727 2434 hebent
1764 2372 1859 2434 donee
1893 2373 2071 2436 inserviunt:

238 2473 320 2539 ὅσον
351 2475 568 2559 ὑπουργοῦσι·
604 2474 740 2539 δοκοῦσι
773 2473 838 2561 γάρ
870 2475 928 2541 καλ
955 2476 1052 2541 αὐτοὶ
1085 2474 1141 2541 διά
1169 2478 1311 2541 videntur
1338 2479 1418 2540 enim
1444 2487 1475 2541 et
1502 2478 1561 2559 ipsi
1587 2486 1711 2560 propter
1736 2479 1890 2558 negotium
1916 2480 2072 2560 publicum

238 2592 376 2664 πρᾶγμα
399 2581 560 2663 δημόσιον
582 2583 727 2647 ἀπεῖναιι
746 2621 787 2630 -
979 2585 1015 2646 fr.
1033 2588 1061 2646 6.
1078 2591 1094 2662 6
1113 2590 1141 2647 3.
1170 2585 1285 2647 abesse.
1910 2585 1946 2647 fr.
1963 2589 1991 2648 6.
2008 2593 2024 2663 6
2043 2589 2071 2648 3.

302 2688 377 2751 Ἐάν
399 2710 450 2762 τις
477 2688 577 2770 ἀξιάν
604 2726 646 2737 -
670 2727 711 2737 -
742 2690 950 2775 [αίτή]σηται
977 2692 1142 2768 κατακλη-
1237 2690 1270 2752 Si
1292 2691 1360 2772 quis
1375 2691 1552 2772 dignitatem
1571 2692 1691 2773 petien't
1707 2727 2071 2740 ------

240 2797 345 2872 θῆναι
362 2800 407 2868 είς
421 2795 630 2880 λειτουργίαν
646 2834 687 2844 -
704 2832 747 2845 -
763 2797 849 2883 αὐτῇ
856 2821 863 2861 :
880 2834 922 2846 -
976 2799 1011 2860 fr.
1023 2804 1078 2877 66
1092 2805 1141 2863 13.
1171 2833 1478 2847 —————
1505 2835 1511 2844 -
1512 2832 1812 2846 —————
1877 2799 1924 2860 cr.
1942 2804 1970 2861 6.
1987 2806 2003 2875 6
2023 2803 2072 2862 13.

311 2902 402 2975 Τινὲς
433 2892 557 2978 ἐκτής
588 2903 676 2977 Ιδιάς
707 2904 863 2985 αἱρέσεως
896 2902 955 2982 τήν
993 2905 1143 2970 ἀτέλειαν
1236 2904 1371 2982 Quidam
1388 2925 1425 2965 ex
1441 2906 1564 2985 propria
1578 2905 1752 2967 condicione
1766 2907 1955 2968 vacationem
1969 2926 2073 2968 mune·

239 3009 451 3090 λειτουργιῶν
473 3010 614 3089 έχουσιν,
643 3011 687 3083 ὡς
715 3012 748 3074 οἱ
772 3000 948 3096 μετρηταὶ,
968 3011 1141 3093 ναυπηγοὶ,
1170 3033 1237 3072 rum
1252 3011 1368 3073 habent
1382 3012 1472 3074 sicuti
1487 3020 1641 3087 metretae,
1656 3012 1798 3093 naupegi,
1818 3012 1987 3087 ballistarii,
2006 3033 2073 3094 spe·

238 3114 490 3200 βαλλιστάριοι,
521 3115 746 3198 σπετλοποιοὶ,
775 3119 1082 3203 πυραγρωχαλκεῑς,
1110 3121 1143 3183 ol
1170 3118 1286 3192 colarii,
1308 3117 1432 3193 ferrarii,
1456 3119 1605 3199 sagittarii
1632 3153 2072 3167 -------

239 3219 284 3286 τά
306 3223 480 3303 ἀκέσματα
502 3230 672 3297 ποιοῦντες
699 3260 1545 3273 -------------
1568 3225 1761 3307 gladiatores,
1789 3225 1909 3300 tubarii,
1936 3226 2073 3301 mortarii

240 3367 282 3376 —
304 3367 345 3377 —
368 3366 410 3376 —
429 3366 471 3375 —
494 3327 552 3393 καὶ
576 3367 617 3377 -
635 3367 677 3377 -
697 3333 895 3415 χαρτώσεις,
919 3331 1142 3413 σπαθοποιοὶ,
1172 3332 1332 3411 sagittarii,
1363 3330 1540 3413 plumbarii,
1568 3332 1722 3413 lapidarii,
1755 3342 1786 3395 et
1816 3333 1862 3394 hi·
1879 3333 1931 3415 qui
1958 3332 2073 3395 calcem

240 3433 506 3518 σαλπιγγοποιοὶ,
517 3435 698 3518 τοξοποιοὶ,
712 3436 965 3523 μολυβουργοὶ*,
976 3440 1143 3523 λιθοξόοι,
1171 3448 1294 3514 cocunt,
1317 3438 1494 3514 carbonarii,
1518 3475 1560 3486 —
1577 3474 1619 3485 -
1636 3473 1678 3486 -
1695 3476 1737 3485 —
1760 3439 1876 3502 librarii
1899 3441 1951 3520 qui
1966 3441 2074 3503 docere

240 3539 488 3627 ἀσβεστοποιοὶ,
504 3542 744 3629 καρβωνάριοι,
768 3582 809 3592 -
827 3584 869 3592 -
888 3548 922 3609 ol
937 3548 1143 3630 γραμμάτων
1171 3555 1306 3627 possunt,
1328 3546 1506 3608 horreorum
1525 3554 1557 3609 et
1578 3546 1782 3627 depositorum
1803 3555 2025 3628 computatores
2043 3555 2076 3609 et

240 3650 465 3737 λογογράφοι,
494 3652 527 3713 οἱ
549 3660 617 3713 τῶν
640 3652 764 3733 ὼρείων
790 3649 847 3715 καί
870 3663 938 3715 τῶν
960 3654 1144 3717 ἀποθετῶν
1172 3653 1325 3715 adiutores
1341 3652 1615 3727 corniculariorum,
1630 3663 1774 3716 stratores
1787 3663 1818 3716 et
1826 3653 1963 3717 custodes
1979 3674 2074 3716 armo·
2195 3720 2200 3727 ,

241 3757 461 3843 λογογράφοι,
479 3758 512 3819 ol
519 3755 649 3841 βοηθοὶ
665 3767 733 3821 τῶν
747 3759 983 3840 cornicularium,
1000 3762 1033 3823 ol
1043 3761 1144 3845 στρά-
1171 3780 1248 3833 rum,
1265 3780 1386 3841 praeco,
1401 3760 1566 3822 bucinator.
1604 3782 1676 3822 nam
1690 3761 1722 3823 hi
1736 3782 1838 3825 omnes
1852 3762 2073 3824 immunitatem

241 3885 345 3949 τορες,
361 3862 418 3927 καὶ
429 3862 574 3951 φύλακες
583 3875 651 3927 τῶν
665 3862 783 3945 ὅπλων,
793 3866 907 3949 κήρυξ,
922 3866 1143 3951 βουκιυάτωρ.
1171 3866 1294 3929 habent
1931 3867 1966 3929 fr.
1984 3871 2001 3929 7
2018 3864 2073 3953 (6).

241 3963 334 4034 οὗτοι
351 3964 411 4034 οὖν
425 3971 546 4045 πάντες
561 3971 712 4036 ἀτέλειαν
727 3976 873 4050 έχουσινε
890 4012 932 4021 -
999 3974 1035 4036 fr.
1056 3979 1073 4037 7
1091 3976 1145 4058 (6).

313 4074 398 4151 Τοὺς
420 4078 641 4159 ἐπιστήμονας
664 4090 731 4142 τῶν
753 4091 878 4157 τεχνῶν
900 4076 979 4155 τοὺς
1001 4102 1146 4166 περιεχο·
1240 4081 1335 4142 Periti
1357 4081 1480 4155 artium,
1503 4082 1555 4161 qui
1578 4083 1770 4143 continentur
1791 4082 1876 4145 brevi
1899 4081 2019 4143 subdito
2041 4081 2073 4143 in

240 4188 356 4267 μένους
376 4188 424 4264 τῷ
444 4184 695 4267 ὑποτεταγμένα
714 4184 838 4270 βρεβίῳ
859 4190 893 4250 έν
912 4188 1035 4273 έκάστη
1056 4187 1145 4252 πόλει
1173 4187 1312 4250 omnibus
1344 4186 1518 4250 civitatibus
1549 4187 1690 4269 degentes
1727 4187 1868 4250 omnibus
1899 4187 2073 4250 muneribus

242 4290 478 4376 διατρίβοντας
516 4302 635 4356 πασῶν
671 4303 739 4355 τῶν
775 4294 988 4379 λειτουργιῶν
1025 4295 1146 4372 σχολά-
1173 4314 1282 4356 vacare
1308 4295 1522 4376 praecipimus;
1554 4295 1694 4376 quoniam
1728 4295 1768 4356 ad
1799 4294 1972 4358 discendum
2005 4296 2074 4357 arti·

242 4401 307 4480 ζειν
329 4400 602 4483 προστάσσομεν·
625 4396 732 4477 ἐπειδή
748 4405 793 4473 είς
808 4397 848 4463 td
864 4401 1053 4482 μανθάνειν
1068 4397 1146 4475 τοὺς
1172 4400 1279 4463 ficibus
1298 4402 1417 4464 vacatio
1436 4401 1527 4464 debet
1543 4404 1698 4483 praestari,
1717 4412 1759 4475 nt,
1778 4401 1804 4463 si
1822 4410 1924 4464 tamen
1942 4403 2074 4482 cupiant,

242 4507 394 4585 τεχνίτας
419 4503 523 4582 σχολή
548 4506 670 4593 ὀφείλει
698 4509 956 4590 παρασχέσθαι,
990 4505 1079 4582 ὅπως
1103 4506 1146 4572 ἀν
1172 4509 1290 4589 possint
1312 4517 1343 4569 et
1365 4507 1424 4590 ipsi
1445 4509 1599 4589 peritiores
1622 4508 1686 4570 fieri
1700 4518 1731 4571 et
1752 4509 1863 4571 liberos
1877 4509 1994 4571 docere.
2032 4508 2074 4570 Et

242 4612 475 4695 ἐπιθυμήσωσι
507 4608 565 4675 καὶ
597 4610 694 4676 αὐτοὶ
727 4615 949 4699 ἐμπειρότεροι
983 4617 1144 4697 γενέσθαι
1173 4625 1220 4678 est
1237 4616 1347 4677 notitia
1363 4614 1526 4678 eiusmodi:
1551 4615 1712 4689 architecti,
1735 4615 1852 4692 medici,
1875 4615 2073 4690 mulomedici,

241 4718 299 4783 καὶ
326 4716 405 4793 τοὺς
432 4718 554 4794 παῖδας
581 4718 725 4804 διδάξαι.
774 4721 836 4784 καί
860 4724 951 4785 έστιν
977 4724 997 4798 ή
1025 4732 1145 4802 γνῶσις
1172 4722 1315 4803 pictores,
1345 4722 1496 4796 statuarii,
1532 4723 1732 4797 marmorarii,
1770 4722 1903 4797 lectorii,
1941 4721 2073 4796 lacoarii,

243 4822 362 4900 οὕτως·
381 4827 613 4911 ἀρχιτέκτονες
632 4826 743 4913 ίατρολ
763 4828 956 4911 ίπποϊατροὶ
969 4830 1143 4915 ζωγράφοι
1173 4829 1373 4909 quadratarii,
1410 4828 1606 4909 quadrigarii,
1643 4828 1848 4903 lithothectac,
1880 4828 1938 4891 hoc
1972 4836 2020 4890 est
2049 4828 2071 4889 ii

243 4932 570 5018 ἀνδριαντοπλαστοὶ
585 4934 1145 5022 μαρμαράριοικρα[ββ]ιήτοποιοὶ]
1173 4937 1225 5017 qui
1250 4936 1417 5018 pellucidos
1439 4936 1559 5016 lapillos
1586 4936 1751 5017 quadrant,
1774 4944 1948 5010 structores,
1976 4934 2074 5016 sculp

244 5042 276 5102 ol
289 5037 333 5103 τά
343 5040 464 5104 λακκία
473 5048 643 5116 ποιοῦντες
652 5041 905 5126 καρδ[αρ]άριοι
920 5041 1145 5127 άρματοποιολ
1173 5051 1251 5106 tores
1286 5042 1372 5121 ligni,
1409 5043 1542 5118 musarii,
1580 5042 1674 5104 albini
1709 5043 1904 5104 deauretcres
1939 5042 1997 5104 hoc
2028 5051 2075 5104 est
2116 5123 2117 5128 ἵ

243 5147 468 5228 λιθοθήκται,
492 5150 665 5212 τουτέστιν
687 5150 720 5210 οἱ
742 5145 821 5222 τοὺς
836 5147 1010 5234 διαφανεῖς
1024 5149 1146 5224 λίθους
1174 5159 1297 5224 neatae,
1336 5150 1498 5230 argentarii
1538 5159 1569 5211 et
1610 5149 1823 5212 barbaricarii:
1866 5149 2004 5212 similiter
2044 5158 2075 5210 et

93 5259 141 5327 sol.
157 5264 206 5313 ιε’.
243 5255 449 5334 ἀκονοῦντες,
477 5253 658 5337 οἰκοδομαί,
686 5252 806 5335 γλυπαλ
830 5254 945 5339 ξύλων,
973 5254 1144 5338 μουσωταὶ
1173 5257 1227 5338 qui
1263 5257 1429 5337 margarita
1464 5256 1628 5331 terebrant,
1666 5256 1787 5330 aerarii,
1826 5255 1953 5330 timores,
1985 5256 2075 5318 sicuti

7 5342 10 5349 ¹
240 5357 435 5444 χρυσωταὶὅ
461 5360 636 5425 λευκάυται
665 5366 817 5426 τουτέστι
844 5364 973 5445 νεάται,
1002 5364 1145 5449 ἀργυρο·
1173 5362 1337 5444 plumbarii
1368 5373 1399 5425 et
1430 5363 1520 5426 ceteri
1551 5365 1583 5426 id
1613 5384 1725 5445 genus,
1764 5364 1899 5444 signarii,
1936 5362 2074 5424 bracarii.

243 5469 341 5532 κόποι
378 5466 435 5531 καὶ
470 5466 750 5554 βαρβαρικάριον
788 5471 910 5550 ὁμοίως
946 5470 981 5534 δέ
1018 5468 1076 5534 καί
1114 5472 1147 5534 οἱ
1174 5470 1340 5544 libratores,
1362 5469 1456 5551 figuli,
1478 5470 1623 5547 aurifices,
1639 5471 1781 5546 vitrearii,
1799 5470 1949 5553 plumarii,
1971 5490 2075 5550 specu·

244 5584 419 5659 τιτρῶντες
456 5571 534 5650 τοὺς
571 5576 783 5659 μαργαρίτας
815 5577 950 5654 χαλκεῖς
982 5576 1146 5655 χωνευταλ
1174 5578 1252 5653 larii,
1280 5578 1418 5652 eborarii,
1444 5576 1598 5658 pelliones,
1625 5577 1763 5653 fullones,
1786 5578 1975 5658 carpentarii,
1998 5577 2075 5639 scul-

317 5750 410 5822 ¹Syn
478 5750 573 5823 'Syn
637 5750 733 5824 'Sym
797 5752 946 5809 ‘itacod
1009 5753 1146 5809 ὓλοοοδ.

244 5842 266 5895 λ.
276 5859 303 5908 χ.
323 5840 373 5895 sed
391 5857 476 5910 supra
494 5842 516 5894 λ
535 5845 578 5895 est
595 5839 629 5912 β’,
647 5858 733 5913 supra
745 5861 773 5910 χ.
786 5842 822 5897 α’.
860 5840 966 5899 Nedum
985 5842 1013 5897 h.
1026 5860 1050 5898 e.
1063 5860 1147 5898 nova·

244 5937 326 5984 tores.
355 5929 540 5985 Cuiaciicod.
559 5930 613 6001 leg.
632 5931 761 5999 κουιάιιιι,
780 5933 858 5986 utin
875 5932 930 6004 dig
956 5931 1029 5987 Vide
1044 5932 1148 5987 Oomm.

245 6019 278 6074 ιἰι
297 6022 352 6072 tres
369 6017 455 6073 libros
468 6021 541 6088 post.
562 6019 668 6074 θοάιοιζι
686 6020 723 6075 ed
741 6020 790 6077 lib.
808 6020 846 6089 X,
865 6021 907 6077 tit
925 6020 1006 6076 LXV
1007 6019 1029 6074 1.
