4842 7018
412 1137 537 1207 [LIBER
553 1137 657 1207 LVIII,
675 1137 841 1196 TITULUS
859 1138 893 1209 L]
1336 1137 1463 1209 [muna
1480 1136 1585 1205 LVIII,
1602 1133 1768 1193 TITULUS
1785 1135 1819 1206 l]

36 1268 80 1321 ³01.
97 1275 169 1324 251¹.
205 1263 369 1348 ἀποθάνῃ
396 1262 625 1347 κληρονόμοις,
657 1268 797 1339 ἕκαστος
824 1266 935 1329 αὐτῶν
962 1270 1005 1339 εἰς
1032 1266 1104 1328 όλό-
1132 1266 1291 1327 decesserit
1312 1264 1471 1327 heredibus
1493 1263 1613 1338 relictis,
1636 1265 1763 1345 quIsque
1785 1283 1890 1325 eorum
1911 1263 1944 1325 in
1959 1264 2029 1326 soli-

204 1367 327 1450 κληρον
340 1367 398 1432 καί
413 1370 518 1451 ἐνιίχει
534 1369 590 1434 καλ
606 1372 768 1452 ἐνείχεταιε
785 1410 826 1419 -
854 1373 889 1441 fr.
909 1375 957 1435 17.
973 1373 1012 1434 D.
1029 1377 1057 1447 8,
1076 1377 1102 1435 1.
1131 1373 1203 1433 dum
1226 1382 1257 1434 et
1279 1372 1342 1452 agit
1363 1380 1395 1433 et
1417 1373 1601 1434 eonvenitur.
1777 1369 1812 1431 fr.
1830 1374 1880 1433 17.
1895 1369 1936 1432 D.
1953 1372 1981 1445 8,
2001 1373 2027 1433 1.

277 1475 330 1557 Τῷ
357 1476 518 1540 πωλοῦντι
547 1474 654 1562 ἀχρδυ
680 1482 807 1566 ἐφεῖται
834 1477 985 1542 δουλείαν
1012 1480 1103 1560 αὐτῷ
1195 1478 1247 1540 Illi
1269 1479 1321 1559 qui
1343 1499 1450 1559 agrum
1472 1478 1577 1541 vendit
1598 1477 1781 1559 permittitur
1802 1478 1977 1540 servitutem
2000 1479 2028 1538 ei

204 1583 370 1655 ἐπιθεῖναι
392 1581 457 1646 κόν
478 1581 521 1665 μη
541 1583 746 1670 χρησιμεὺση
765 1586 864 1666 αὐτῷ,
887 1588 931 1659 ὡς
947 1583 986 1649 τὸ
1002 1586 1104 1649 ἐλκειν
1130 1586 1291 1666 imponere,
1314 1585 1453 1666 quamvis
1475 1605 1536 1646 non
1559 1586 1599 1647 sit
1619 1584 1703 1646 utilis
1718 1583 1783 1657 sibi,
1806 1583 1902 1647 veluti
1916 1604 2028 1665 equam

203 1685 305 1773 ὕδωρ·
329 1689 506 1773 δυνάμεθα
524 1687 590 1775 χυλρ
609 1695 693 1769 ἐχειν
707 1689 854 1756 τινὰκαὶ
870 1689 913 1774 μὴ
929 1694 1013 1757 ὄντα
1027 1694 1103 1774 ἡμῖν
1129 1692 1267 1754 dnoendi.
1294 1712 1365 1754 nam
1381 1691 1492 1755 habere
1506 1691 1656 1773 quaedam
1670 1711 1831 1772 possumus
1846 1711 1926 1773 quae
1939 1690 2027 1753 nobis

199 1794 356 1880 χρειώδηε
373 1795 435 1843 -1
998 1801 1033 1862 fr.
1053 1805 1101 1864 19.
1130 1798 1217 1861 utilia
1239 1819 1300 1861 non
1322 1799 1390 1861 sint
1923 1797 1959 1862 fr.
1977 1800 2027 1862 19.

449 1991 568 2048 utho(
587 1991 626 2060 θ’,
645 1992 777 2047 aleator
795 1993 854 2047 ΝΗ’
1348 1991 1514 2049 TITULUS
1531 1991 1574 2060 Π,
1592 1991 1696 2046 LIBRI
1715 1991 1811 2048 LVIII

385 2121 447 2190 ιιιρλ
465 2115 592 2171 όοολειῶυ
608 2118 750 2175 πολιτικῶν
767 2119 914 2191 κτημάτων.
1263 2118 1298 2173 de
1316 2117 1497 2177 servituthus
1513 2117 1690 2189 praediorum
1707 2115 1885 2188 urbanorum.

130 2251 165 2306 α’.
273 2243 385 2306 Τόπον
408 2242 427 2319 ὑ
450 2241 532 2307 ὁδοῦ
550 2241 710 2324 δημοσίας
728 2245 1015 2328 παρατιθεμένης,
1039 2247 1100 2310 οὐκ
1192 2244 1276 2306 Ιιοοο
1299 2264 1353 2306 seu
1375 2245 1427 2307 vio
1445 2244 1571 2326 publiea
1593 2243 1802 2318 interoedents,
1827 2264 1888 2306 non
1902 2243 2025 2325 impeffl·

200 2348 404 2431 ἐμποδίζεται
442 2351 462 2426 η
500 2348 631 2414 δουλεία
662 2358 724 2414 τοῦ
753 2353 959 2434 μονοπατίον
990 2351 1010 2429 ὑ
1042 2352 1177 2430 τηςέεεε
1200 2351 1329 2415 servitus
1355 2352 1470 2415 itinerIe
1498 2361 1553 2413 aut
1580 2359 1665 2413 aetus
1694 2358 1748 2412 aut
1769 2350 1861 2412 altius
1883 2349 2024 2415 tollendi:

199 2455 351 2539 παρόδου
373 2455 393 2533 η
417 2465 479 2520 τοῦ
499 2456 623 2541 ὑψοῦν·
645 2459 666 2533 η
689 2466 750 2521 τοῦ
769 2458 940 2543 ἐμβάλλειν
955 2458 1098 2537 δοκὸυέχ
1127 2457 1255 2521 servitus
1286 2468 1388 2521 autem
1419 2458 1536 2539 tignum
1565 2457 1748 2520 immittendi
1777 2457 1826 2520 vel
1856 2465 2025 2539 protentum

199 2562 346 2645 ἐξῶστηυ
373 2572 476 2627 ποιεῖν
499 2562 518 2640 η
541 2567 727 2645 ἐπιπέμπειν
748 2562 838 2649 ὕδωρ
861 2565 881 2643 λ)
905 2563 1099 2650 σταλαγμόν
1126 2563 1255 2627 faoiendi
1276 2565 1326 2628 vel
1349 2584 1461 2646 aquam
1483 2564 1614 2626 duoendi
1630 2564 1681 2627 vel
1695 2563 1840 2626 stillioidii
1852 2563 2023 2646 impeditur.

198 2668 417 2751 ἐμποδίζεται·
444 2669 496 2733 δεῖ
514 2667 580 2755 χολρ
603 2670 780 2755 ἐλεύθερον
807 2669 888 2736 εἶναι
918 2669 977 2736 τόν
1003 2674 1097 2757 ὑπερ·
1126 2670 1215 2733 dehet
1236 2671 1317 2733 enirn
1343 2672 1419 2735 liber
1445 2692 1510 2734 esse
1537 2691 1589 2733 aer
1615 2692 1708 2752 snpra
1734 2670 1888 2753 publioum
1915 2670 2023 2732 losum.

197 2779 344 2857 κείμενον
359 2778 443 2861 όιέρα
457 2781 505 2858 τῷ
523 2775 691 2859 δημοσίῳ1
705 2779 806 2859 τόπῳ.
840 2778 873 2843 Ὁ
896 2778 1097 2861 δεσποτείαν,
1126 2778 1187 2856 Qui
1202 2778 1375 2854 dominium,
1391 2799 1452 2840 non
1468 2779 1520 2861 qni
1535 2778 1754 2841 usumfrnmum
1773 2777 1867 2841 habet
1880 2777 1919 2839 de
1934 2779 2024 2841 servi·

198 2884 238 2947 οὑ
265 2881 328 2966 μην
355 2885 374 2946 ό
403 2881 463 2961 τὴν
486 2895 612 2969 χρησιν
638 2887 722 2963 ἐχων
749 2884 821 2970 περὶ
849 2897 917 2949 τῶν
944 2885 1098 2951 δουλειῶν
1125 2885 1241 2948 tutibus
1264 2886 1450 2949 convenitur.
1794 2885 1830 2947 fr.
1848 2889 1876 2948 1.
1891 2886 1931 2947 D.
1948 2887 1977 2960 8,
1995 2886 2022 2947 2.

198 2991 363 3072 ἐνόχεταιε
382 3026 423 3038 -
816 2994 852 3055 fr.
870 2996 886 3054 1
903 3014 948 3075 pr.
963 2994 1003 3056 D.
1020 2995 1048 3069 8,
1067 2999 1095 3059 2.

263 3096 314 3161 Αί
335 3095 501 3161 πολιτικαὶ
525 3096 671 3161 δουλεῐαί
695 3101 755 3161 ελσε
783 3097 823 3162 τὸ
850 3099 987 3185 ὑψῶσαι
1011 3099 1030 3178 ἢ
1053 3099 1096 3183 μὴ
1190 3099 1385 3163 Urbanorum
1411 3098 1602 3180 praediorum
1629 3099 1788 3163 servitutes
1815 3108 1898 3162 sunt:
1931 3098 2023 3162 ultius

197 3204 343 3291 ὑψῶσαι,
367 3207 547 3291 ἐπιπέμψαι
571 3202 765 3287 σταλαχμδν
786 3207 939 3289 κεράμων
964 3211 1012 3288 τῷ
1034 3210 1096 3287 χεί-
1124 3207 1249 3268 tollendi
1271 3226 1324 3268 seu
1346 3225 1407 3267 non
1429 3205 1567 3280 tollendi,
1595 3206 1781 3269 stillicidium
1808 3206 1964 3269 avertendi
1990 3207 2022 3267 in

197 3332 267 3373 τονι
296 3311 316 3388 lp
338 3309 381 3394 μη
404 3314 584 3397 ἐπιπέμψαι
607 3310 664 3375 καὶ
687 3310 726 3375 τό
749 3313 919 3398 ἐμβάλλειν
942 3312 1026 3396 ξύλα
1049 3320 1095 3397 τῳ
1124 3322 1235 3376 teotum
1257 3313 1349 3375 vieini
1371 3333 1425 3375 seu
1447 3332 1506 3374 non
1523 3313 1686 3388 avertendi,
1708 3314 1827 3394 tignmn
1842 3312 2022 3375 immittendi

197 3419 299 3499 τοίχῳ
322 3427 384 3482 τοῦ
405 3418 551 3498 γείτονος
578 3416 634 3482 καλ
663 3416 702 3482 τὸ
726 3431 861 3496 ποιησαι
885 3420 1094 3505 σωλολριονὺ
1122 3420 1230 3500 parieti
1257 3419 1350 3483 vioiui
1377 3427 1432 3481 eut
1452 3419 1597 3482 solarIum
1625 3419 1870 3502 basterniumque
1891 3419 2022 3483 faoiendi

194 3522 395 3608 βαστέρνιν8
421 3524 477 3588 καί
506 3522 550 3588 rol
573 3522 674 3608 όμοια
700 3524 758 3590 καὶ
785 3522 824 3589 τό
852 3525 895 3609 μὴ
919 3526 1093 3609 ἐμποδίσαι
1122 3535 1154 3588 et
1171 3527 1233 3588 alia
1254 3526 1286 3587 id
1307 3545 1416 3608 genus:
1440 3535 1471 3589 et
1492 3528 1664 3608 prospeetui
1685 3547 1748 3590 non
1770 3526 1928 3589 officiendi.

195 3634 235 3715 τῇ
259 3631 398 3717 ἀπόψεις
415 3629 478 3678 -4
967 3634 1001 3696 fr.
1019 3638 1047 3698 2.
1065 3640 1092 3697 3.
1894 3633 1930 3695 fr.
1947 3637 1975 3695 2.
1992 3637 2021 3696 3.

142 3744 157 3797 '.
260 3732 356 3801 Ὀταν
378 3749 571 3823 παραχωρῶ
592 3732 649 3803 σοι
665 3738 816 3803 δουλείαν
831 3738 953 3825 φωτός,
977 3740 1093 3805 ἄδειάν
1187 3739 1266 3802 Cum
1288 3760 1462 3803 ooneessero
1476 3739 1533 3801 tibi
1555 3741 1729 3803 servitutem
1748 3740 1905 3814 luminum,
1927 3739 2022 3801 faonl·

195 3864 248 3906 σοι
273 3842 388 3927 δίδωμι
412 3844 456 3908 rol
479 3847 579 3931 φωτυλ
597 3868 661 3928 μου
683 3846 904 3924 ελςδέχεσδαιε
920 3885 962 3895 -
1011 3849 1046 3911 fr.
1063 3852 1092 3911 4.
1121 3858 1214 3911 tatem
1237 3847 1294 3909 tibi
1316 3846 1355 3908 do
1377 3846 1495 3908 lumino.
1516 3866 1584 3908 mea
1606 3846 1784 3927 excipiendi.
1936 3847 1972 3908 fr.
1988 3849 2019 3908 λ.

143 3958 156 4012 ’.
260 3944 374 4015 Αὑτοα
390 3954 427 4016 αί
441 3951 594 4034 δουλεῖαι,
611 3952 863 4037 ὼςιλχροικικαλ,
880 3952 965 4036 δήλῳ
978 3958 1092 4038 χρόνῳ
1185 3954 1257 4017 Hae
1288 3954 1460 4028 servitutes,
1491 3954 1580 4015 siouti
1610 3953 1800 4034 praediorum
1831 3953 2019 4035 rusticorum,

194 4058 413 4142 petripertusa·
449 4059 599 4146 διαφέρει
631 4059 665 4124 δέ
697 4058 749 4124 ότι
781 4062 818 4124 αἱ
852 4060 1019 4126 πολιτικαὶ
1051 4068 1092 4150 τῇ
1119 4070 1200 4124 oerto
1221 4071 1358 4142 tempore
1379 4070 1516 4141 perermt:
1539 4060 1707 4122 differentia
1729 4068 1828 4122 autern
1846 4061 1878 4121 in
1895 4081 1931 4123 eo
1950 4081 2019 4122 oon-

193 4165 342 4249 ελχρησίμ
364 4166 471 4240 όλλως
494 4167 555 4230 οὐκ
576 4167 787 4248 ἀπόλλυνται,
811 4166 895 4249 εἰμὴ
911 4167 967 4232 καί
984 4171 1002 4232 ὁ
1019 4168 1091 4233 δου-
1119 4169 1212 4243 sistit,
1239 4168 1320 4249 quod
1342 4167 1527 4230 urbanomm
1555 4166 1747 4247 praediorum
1768 4167 1929 4229 servitutes
1957 4187 2019 4228 non

193 4270 293 4334 λείων
314 4272 477 4349 κτήσηται
501 4273 707 4358 ἐλευθερίανε
725 4312 766 4322 -
876 4306 878 4310 ⁴
1009 4276 1045 4340 fr.
1063 4282 1090 4340 6.
1119 4275 1207 4336 aliter
1221 4295 1282 4336 non
1297 4275 1410 4337 utendo
1425 4283 1741 4356 pereuntquamoum
1755 4273 1846 4335 etiam
1861 4274 2018 4357 praedium

1119 4382 1249 4445 serviens
1272 4380 1442 4444 libmtatem
1465 4380 1658 4461 adipisoatur.
1937 4379 1972 4443 fr.
1989 4384 2017 4444 6.

261 4480 340 4548 Οίον
355 4482 412 4549 ἐὰν
429 4492 600 4573 χρεωστῇς
614 4510 669 4570 μοι
687 4487 836 4552 δουλείαν
850 4487 894 4570 μὴ
910 4488 1020 4575 ὑψοῦν
1034 4486 1089 4553 καί
1183 4488 1290 4552 Veluti
1316 4489 1344 4551 si
1369 4489 1481 4551 debeas
1506 4487 1581 4549 mihi
1608 4488 1783 4551 servitutem
1808 4506 1871 4548 non
1892 4486 2018 4549 tollendi

190 4590 372 4672 ἐμποδίζειν
398 4597 445 4674 τῷ
473 4595 564 4679 ῳωτί
587 4615 652 4675 μου
677 4592 770 4676 κόχῶ
798 4595 920 4681 φροίξω
947 4596 966 4672 η
989 4617 1090 4660 κατα·
1118 4606 1149 4657 et
1178 4594 1343 4657 luminibus
1369 4597 1443 4658 meis
1469 4614 1530 4656 non
1559 4592 1708 4655 officiendi
1734 4612 1848 4675 egoque
1869 4594 2017 4657 fenestras

191 4697 279 4761 λύσω
302 4695 364 4773 τολς
387 4700 535 4782 θυρίδας
556 4722 633 4783 μου,
657 4702 718 4766 οὑκ
740 4702 874 4765 όπόλλω
897 4699 937 4765 τό
961 4702 1090 4767 δίκαιόν
1118 4722 1200 4775 meas
1226 4702 1375 4783 praefixae
1402 4703 1611 4792 obstruotasve
1640 4700 1786 4774 habuero,
1817 4720 1879 4762 non
1911 4701 2017 4763 amitto

190 4827 262 4887 μου,
286 4809 312 4868 εί
335 4804 378 4888 μὴ
394 4805 450 4869 καλ
473 4804 514 4870 σὺ
536 4805 626 4871 κατὰ
650 4804 709 4871 τόν
731 4805 835 4872 αὑτὸν
854 4810 981 4893 χρόνον
998 4813 1090 4887 ἐσχες
1116 4810 1163 4871 ius
1190 4829 1302 4884 meum,
1334 4809 1393 4871 nisi
1418 4830 1473 4890 per
1499 4808 1580 4870 idem
1605 4817 1724 4888 tempus
1756 4808 1847 4870 altius
1878 4806 2016 4870 sublatas

190 4911 379 4995 ὑψωθέντα
401 4909 461 4976 τὸν
484 4909 577 4976 οίκόν
599 4935 670 4977 σου.
715 4914 771 4978 καί
795 4911 852 4978 ἐνέν
875 4918 938 4993 ἐχω
960 4915 1089 4980 δίκαιον
1117 4917 1256 4978 habueris
1280 4916 1369 4979 aedes
1388 4925 1464 4977 tuas.
1503 4916 1574 4977 etsi
1594 4914 1731 4977 habuero
1752 4915 1800 4977 ius
1821 4914 1940 4995 tignum
1960 4914 2016 4975 im·

190 5018 277 5101 [τοῦ]
295 5018 466 5104 ἐμβάλλειν
481 5018 541 5096 τὴν
557 5019 658 5084 δοκόν
672 5025 716 5095 είς
732 5018 792 5084 τόν
807 5019 868 5085 σόν
883 5031 1007 5103 τοῖχον,
1031 5020 1253 5123 lolo'mittendi
1275 5024 1307 5084 in
1329 5042 1450 5084 murum
1470 5030 1572 5097 tuum,
1595 5021 1621 5084 si
1643 5020 1779 5083 extulero
1800 5021 1931 5100 tignum,
1953 5042 2014 5084 non
2092 5110 2094 5114 .

191 5122 338 5207 ἐκβάλλω
355 5124 415 5202 τὴν
430 5123 540 5206 δοκόν,
557 5128 618 5191 οὐκ
633 5129 765 5191 ολπόλλω
782 5127 820 5192 τό
840 5128 979 5208 δίκαιον,
1003 5134 1029 5193 εί
1044 5128 1087 5211 μὴ
1101 5128 1103 5167 ²
1117 5131 1221 5192 amitto
1249 5131 1436 5204 servitutem,
1463 5129 1522 5191 nisi
1548 5129 1682 5191 foramen
1709 5128 1896 5191 obturaveris
1919 5137 1950 5190 et
1968 5128 2016 5190 ita

191 5230 323 5315 ῳροίξης
346 5230 406 5309 τὴν
429 5231 513 5310 όπην
535 5232 592 5297 καί
616 5239 698 5322 σχῇς
722 5232 825 5313 αὐτὴν
841 5231 946 5308 οὑτως
962 5235 1012 5299 ἐπὶ
1029 5233 1088 5299 τόν
1115 5237 1146 5297 id
1169 5236 1309 5299 habueris
1332 5257 1387 5318 per
1408 5245 1556 5299 statutum
1579 5245 1705 5317 tempus.
1931 5234 1968 5296 fr.
1985 5237 2013 5297 6.

190 5339 373 5420 ὡρισμένον
391 5340 529 5423 χρόνους
547 5339 610 5388 -⁶
1005 5344 1041 5405 fr.
1059 5347 1087 5406 6.

126 5450 152 5501 ί.
253 5441 285 5507 Ὁ
300 5455 404 5507 ποιῶν
419 5469 450 5509 τι
467 5444 550 5531 πρὸς
564 5447 695 5533 βλάβην
710 5457 771 5512 τοῦ
785 5449 932 5528 γείτονος
947 5447 987 5513 τό
1003 5446 1088 5525 εἶδος
1181 5450 1244 5529 Qui
1266 5458 1372 5513 eontra
1393 5449 1583 5512 commodum
1606 5448 1697 5511 vioini
1719 5448 1833 5530 aliquid
1859 5448 1934 5511 faoit
1954 5448 2013 5510 for·

188 5549 244 5612 καὶ
261 5548 322 5627 τὴν
335 5554 548 5616 κατάστασιν
563 5552 623 5631 τὴν
638 5556 786 5637 ἀρχαίαν
801 5556 981 5641 ῳυλοίττειν
998 5557 1087 5642 όφεί-
1100 5604 1102 5615 .
1115 5578 1196 5619 mam
1223 5567 1253 5619 et
1278 5565 1391 5619 statum
1419 5558 1579 5638 antiquum
1606 5574 1725 5623 servare
1757 5556 1857 5618 debet:
1890 5556 1916 5617 si
1941 5575 2012 5617 vero

187 5655 267 5719 lec·⁶
289 5654 347 5720 ἐὰν
369 5656 411 5739 μὴ
437 5659 610 5743 συνέδοξεν
630 5666 688 5735 ἕως
712 5659 796 5725 ὅπου
819 5662 922 5725 δεῖται
939 5662 1085 5747 ὑψῶσαι,
1114 5685 1175 5726 non
1211 5664 1384 5726 convenerit
1410 5682 1568 5754 quousque
1602 5672 1741 5754 oporteat
1772 5662 1862 5724 altius
1898 5661 2011 5736 tollere,

187 5762 383 5846 διαχνώμων
406 5763 547 5829 δίδοταιε
565 5803 607 5814 -
851 5770 885 5830 fr.
904 5771 942 5829 11
959 5791 1004 5850 pr.
1022 5776 1038 5847 §
1058 5774 1084 5832 1.
1114 5771 1227 5833 arbiter
1248 5770 1347 5842 datur.
1775 5769 1810 5831 fr.
1829 5773 1867 5830 11
1885 5789 1931 5850 pr.
1947 5774 1964 5845 ἐ
1983 5772 2010 5839 l.

259 5918 1100 6077 ¹mmrmw.wmp

184 6027 196 6059 ⁴
213 6028 295 6086 simil.
314 6028 379 6105 Syru
470 6031 584 6088 ⁶hobet
602 6030 668 6104 Syn
757 6032 928 6106 ‘hucusque
946 6032 1013 6104 Syn.
