4876 7034
395 462 429 521 vt
1163 454 1511 521 raauauouarts.

480 626 510 685 2.
554 617 721 686 Kalium
747 618 1078 708 suliacyanatum
1105 627 1145 689 in
1177 622 1642 711 acido‘hydrochlarica
1673 623 1806 689 diluto
1833 621 2035 705 solutum,
2069 645 2131 713 quo
2159 625 2269 704 indita,

393 734 562 888 postquqm
583 721 662 788 folia
683 721 750 789 lrali
772 724 1055 793 ferra-borussiae
1076 730 1204 794 inducta
1225 730 1383 794 desiccata
1401 739 1508 811 erant,
1533 730 1690 815 scriptura
1712 730 1841 814 antiqua
1862 725 1949 793 illico
1971 730 2086 794 vividis
2108 726 2270 794 coloribus

394 845 510 911 appare
534 836 575 890 ut.

477 924 539 991 His
560 929 657 1014 igitur
675 930 826 995 remediis
847 930 998 997 adhibitis
1019 930 1169 1019 pleraque
1188 931 1338 1019 expedire
1358 937 1503 1020 contigit,
1527 954 1717 1023 quamquam
1729 932 1864 1001 subinde
1886 945 1941 999 aut
1956 932 2068 1001 literae
2086 931 2269 1021 singulares
2320 954 2323 960 ’

393 1040 449 1094 aut
467 1030 592 1116 integra
612 1031 712 1098 verba
734 1032 856 1099 meave
872 1032 977 1100 lineae
996 1037 1030 1100 ia
1049 1034 1153 1103 lucem
1174 1036 1317 1122 protrahi
1339 1058 1405 1103 naa
1427 1050 1608 1125 potuerunt.

1270 1250 1308 1339 s.
1354 1248 1389 1319 ι.

479 1412 642 1500 Scriptura
656 1408 783 1476 Codicis
804 1415 917 1490 nostri,
939 1414 971 1477 id
993 1414 1076 1501 quad
1100 1433 1195 1500 supra
1213 1411 1463 1495 observavimus,
1484 1437 1567 1481 saec.
1579 1411 1645 1479 XII
1666 1416 1796 1480 exeunti
1819 1411 1871 1479 vel
1880 1406 1963 1478 XIII
1985 1415 2107 1477 ineunti
2128 1411 2269 1477 debetur.

393 1514 561 1583 simillima
590 1527 639 1579 eat
661 1516 836 1599 scripturae
858 1512 1010 1579 Codicum
1034 1515 1129 1580 MSS.
1153 1516 1825 1600 graecaruml‘arisiensiumCaislin.152
1853 1532 1884 1581 et
1909 1515 2105 1602 Negidio,
2139 1537 2272 1600 quorum

391 1620 447 1687 ille
468 1616 584 1685 lib.XI
601 1614 746 1693 -XIV,
767 1615 818 1681 hic
840 1613 894 1680 lib.
908 1616 973 1679 LX
993 1618 1204 1683 Basilicarum
1224 1641 1294 1683 cum
1313 1619 1442 1684 scholiis
1465 1623 1612 1684 caodnet.
1658 1618 1725 1683 Ima
1759 1620 1792 1683 hi
1814 1635 1879 1685 tres
1900 1618 2037 1684 Codices
2058 1617 2135 1682 olim
2156 1619 2272 1702 integri

391 1723 603 1790 Basilicarum
624 1722 743 1806 operis,
765 1717 805 1781 ab
821 1720 934 1783 iisdem
955 1717 1095 1786 librariis
1118 1723 1267 1808 descripti
1288 1736 1318 1785 et
1338 1727 1370 1786 in
1390 1722 1482 1809 plura
1501 1720 1662 1785 volumina
1685 1724 1791 1799 divisi,
1815 1737 1938 1809 partem
1955 1721 2101 1785 effecisse
2116 1723 2269 1784 videntur.

391 1825 504 1913 Neque
533 1828 618 1889 enim
648 1821 776 1888 obstare
805 1822 1007 1901 crediderim,
1036 1826 1119 1911 quad
1144 1824 1266 1889 scholia
1287 1848 1396 1889 aarum
1419 1823 1573 1888 Codicum
1593 1826 1699 1888 variae
1721 1821 1839 1889 indolis
1859 1837 1949 1896 sunt;
1979 1836 2013 1885 ut
2035 1824 2118 1909 apud
2146 1834 2273 1886 nostras

392 1927 470 1993 alim
493 1930 630 2014 quinque
651 1924 834 2005 volumina,
857 1945 938 2009 quae
961 1923 1087 2011 Carpus
1110 1923 1190 1990 Iuris
1212 1927 1394 2004 allicerent,
1424 1948 1467 1991 ex
1490 1930 1587 1990 variis
1611 1925 1804 1991 editionibus
1827 1923 2080 2009 colligebantur,
2108 1930 2153 1989 ita
2177 1931 2272 1989 etiam

392 2032 475 2118 apud
497 2030 640 2095 Graecas
666 2026 736 2092 fieri
765 2028 886 2113 potuit,
916 2039 951 2090 ut
980 2027 1107 2114 singula
1133 2032 1253 2115 integri
1273 2027 1484 2093 Basilicarum
1508 2030 1614 2113 operis
1639 2027 1730 2112 τεύχη
1753 2050 1796 2093 ex
1817 2032 1915 2094 variis
1946 2027 2187 2093 recensionibus
2216 2029 2271 2092 de·

395 2132 618 2199 scriberentur.

477 2235 676 2301 Oeconomia
698 2232 870 2317 scripturae
892 2231 1002 2295 eadem
1026 2246 1215 2318 paeonem,
1248 2254 1341 2320 quam
1364 2243 1529 2319 praestant
1551 2229 1687 2295 Codices
1715 2232 1942 2318 Digestorum,
1971 2231 2099 2297 Codicis
2121 2245 2152 2295 et
2177 2230 2272 2297 Insti-

394 2340 553 2402 tutionum
573 2358 645 2401 cum
667 2345 831 2420 apparatu.
877 2329 1004 2398 'I'extus
1030 2339 1063 2398 in
1088 2338 1192 2398 media
1210 2338 1330 2419 pagina
1352 2339 1524 2400 introrsum
1547 2333 1721 2399 maioribus
1746 2333 1848 2399 literis
1876 2350 2026 2399 exaratus
2053 2349 2120 2398 est:
2150 2333 2273 2402 scholia

393 2439 569 2505 minoribus
591 2437 692 2501 literis
720 2438 839 2519 scripta
868 2456 974 2519 supra,
998 2438 1082 2500 inira
1102 2450 1133 2499 et
1160 2434 1300 2501 alatere
1330 2440 1363 2500 in
1385 2440 1529 2522 margine
1555 2436 1720 2503 habentur.
1764 2434 1890 2502 Passim
1913 2436 2118 2502 interlineas
2142 2436 2273 2524 glossae

395 2558 485 2608 sunt:
515 2559 741 2627 nonnunquam
768 2540 801 2602 in
834 2551 976 2601 extremo
1006 2541 1148 2622 margine
1176 2541 1385 2603 recentiorum
1415 2541 1644 2602 adnotationes.
1697 2537 1789 2613 Quae
1818 2542 1846 2602 si
1874 2543 2051 2603 accuratius
2079 2560 2273 2625 cognoscere

393 2649 463 2727 vis,
487 2646 538 2709 adi
557 2642 733 2707 >tristiores
749 2661 853 2704 meum
877 2640 934 2715 §.2
956 2638 1129 2719 laudatum,
1152 2642 1184 2704 in
1207 2662 1269 2726 qua
1292 2644 1383 2727 quasi
1410 2639 1551 2726 effigiem
1572 2640 1721 2703 foliorum
1743 2644 1880 2728 quinque
1902 2639 2028 2706 Codicis
2048 2634 2148 2707 nostri
2167 2642 2261 2706 edidi.

478 2761 642 2849 Scriptura
655 2757 848 2825 scholiorum
871 2758 1164 2825 abbreviationibus
1185 2759 1326 2826 abundat
1340 2775 1371 2825 et
1388 2761 1472 2826 lectu
1490 2760 1587 2846 longe
1603 2759 1765 2826 difficilior
1784 2762 1852 2841 init,
1877 2783 1969 2847 quam
1987 2774 2112 2827 textus:
2136 2763 2274 2826 maxime

396 2901 492 2968 quum
509 2899 574 2943 una
596 2879 770 2964 eademque
793 2876 991 2942 abbreviatio
1016 2877 1187 2968 aliquando
1209 2883 1316 2945 varias
1339 2901 1434 2946 voces
1457 2878 1636 2966 significata
1659 2882 1705 2944 sic
1727 2864 1748 2940 i
1772 2882 1866 2944 modo
1886 2880 1989 2962 noller,
2015 2881 2110 2944 modo
2131 2878 2271 2956 παλαιὸς,

395 2984 491 3048 mado
513 2981 618 3067 παρών
639 2979 809 3066 legendum
832 2995 908 3044 erat

481 3099 627 3178 Quatuor
650 3098 762 3163 ultima
784 3098 862 3164 Ialia
886 3104 987 3166 nostri
1009 3099 1137 3167 Codicis
1165 3101 1228 3165 alia
1252 3123 1348 3164 manu
1371 3113 1504 3166 exarata
1526 3117 1616 3180 sunt,
1650 3124 1742 3189 quam
1765 3102 1887 3189 reliqua
1910 3107 2026 3168 amnia.
2069 3100 2192 3187 Nempe
2215 3123 2273 3188 pa·

398 3207 523 3271 steriori
544 3216 687 3288 tempore
706 3200 851 3289 suppleta
870 3216 962 3282 aunt,
989 3226 1085 3291 quum
1107 3207 1222 3267 iniuria
1249 3217 1426 3289 temporum
1450 3226 1491 3266 ex
1513 3202 1630 3268 Codice
1650 3208 1809 3292 primitiva
1832 3208 2039 3270 excidissent.
2085 3204 2121 3267 In
2150 3208 2189 3267 iis
2213 3204 2272 3268 hoc

396 3306 567 3372 observatu
591 3308 722 3390 dignum
743 3318 827 3386 erat,
861 3306 944 3392 quod
971 3306 1108 3391 singulis
1131 3304 1261 3369 scholiis
1286 3313 1412 3391 signum
1429 3304 1555 3392 aliquod
1577 3310 1793 3393 praepositum
1816 3322 1903 3386 erat,
1932 3313 1982 3373 cui
2015 3312 2048 3372 in
2078 3322 2166 3372 textu
2188 3308 2272 3370 idem

395 3412 523 3495 signum
551 3411 633 3473 inter
655 3407 758 3471 lineas
787 3410 953 3492 repetitum
983 3406 1204 3494 respondebat.
1248 3406 1415 3472 Librarius
1444 3406 1582 3486 scilicet,
1609 3409 1731 3473 scholia
1761 3411 1801 3473 ad
1829 3413 1933 3497 ipsum
1963 3425 2084 3476 textum
2114 3412 2273 3493 pertinere

395 3525 502 3589 ratus,
523 3509 624 3577 verba
643 3506 774 3575 lacosve
795 3510 829 3575 in
848 3521 938 3574 textu
962 3525 1074 3576 natare
1094 3508 1257 3588 caluerat,
1280 3511 1320 3573 ad
1340 3531 1420 3599 quas
1440 3509 1561 3574 scholia
1585 3511 1752 3577 reserenda
1775 3526 1892 3578 essent.

1274 3744 1312 3833 s.
1356 3743 1394 3814 a.

488 3906 598 3973 Codex
615 3905 648 3971 S.
671 3905 816 3995 Sepulcri
837 3906 1066 3990 Basilicarum,
1086 3913 1161 3976 dum
1181 3914 1306 3998 integer
1329 3926 1415 3993 erat,
1444 3911 1546 3977 libros
1567 3908 1634 3976 XV
1648 3949 1685 3960 -
1702 3908 1817 3975 XVIII
1839 3930 1910 3975 cum
1933 3907 2064 3975 scholiis
2087 3909 2272 3999 complecte-

396 4011 508 4078 batur:
537 4010 632 4075 hadie
653 4023 759 4074 tamen
779 4009 859 4076 falia
886 4015 1008 4079 circiter
1035 4016 1243 4099 quadraginta
1265 4016 1388 4079 desunt.
1431 4013 1533 4101 Igitur
1554 4015 1628 4103 plus
1658 4014 1774 4097 habet,
1802 4034 1895 4099 quam
1919 4010 2053 4078 Codices
2076 4010 2189 4087 MSS..
2219 4016 2271 4100 qui

396 4115 549 4180 hactenus
571 4114 792 4193 innotuerunt,
814 4112 866 4178 vel
888 4115 1043 4181 editiones
1066 4115 1218 4181 hactenus
1236 4116 1397 4203 vulgatae.

483 4232 577 4310 Quod
597 4236 681 4298 enim
701 4233 741 4300 ad
763 4243 892 4300 serron
912 4235 1123 4305 Basilicarum
1144 4247 1265 4320 attinet,
1289 4240 1420 4307 lacunas
1441 4245 1474 4307 in
1497 4241 1588 4306 libris
1613 4238 1696 4305 XVI
1719 4253 1750 4304 et
1772 4239 1874 4306 XVII
1896 4239 1998 4303 adhuc
2022 4236 2147 4302 relictas
2171 4258 2271 4324 paene

396 4348 481 4401 tatas
502 4334 622 4421 explet.
642 4336 706 4419 (ct.
729 4339 875 4403 editionis
898 4353 1026 4405 nostrae
1044 4365 1075 4428 p.
1089 4347 1183 4406 83-
1197 4348 1247 4407 89.
1268 4349 1326 4406 129
1339 4380 1380 4391 -
1395 4351 1481 4425 135.)
1502 4344 1602 4408 Liber
1624 4356 1729 4408 autem
1743 4339 1856 4408 XVIII
1878 4344 1911 4405 in
1934 4340 1994 4405 hac
2016 4342 2140 4405 demum
2153 4336 2270 4421 Codice

398 4440 558 4524 genuinus
580 4453 723 4525 apparet,
745 4442 806 4505 nisi
828 4443 910 4527 quod
933 4463 991 4507 sex
1014 4457 1069 4508 aut
1089 4458 1210 4532 septem
1233 4445 1311 4509 folia
1334 4466 1373 4510 ex
1393 4445 1511 4511 Codice
1534 4446 1728 4511 exciderunt.

483 4555 617 4622 Scholia
639 4558 795 4623 editiones
817 4562 857 4624 ad
879 4558 980 4627 libros
1002 4559 1253 4629 xv-xvltl
1273 4568 1466 4651 paucissima
1489 4565 1623 4647 habant,
1659 4586 1758 4651 eaque
1781 4564 1957 4629 recentiora
1979 4575 2033 4626 aut
2054 4581 2093 4626 cx
2116 4561 2270 4646 antiquio·
2359 4578 2377 4619 .’

395 4659 485 4725 ribus
512 4662 694 4745 depravata.
745 4659 868 4726 Noster
895 4664 1021 4730 demum
1048 4663 1160 4732 Codex
1190 4669 1321 4753 antiqua
1348 4667 1471 4732 scholia
1499 4671 1638 4754 genuina
1662 4679 1817 4753 praestat,
1851 4686 1952 4750 eaque
1981 4668 2120 4729 maxime
2146 4662 2200 4741 fit,
2236 4675 2271 4726 at

396 4764 530 4827 editioni
551 4761 823 4829 Heimbachianae
841 4767 968 4851 insigne
990 4766 1243 4855 supplementum
1263 4773 1314 4832 sit.

433 4987 475 5059 Il.
515 4989 574 5065 Ile
596 4989 761 5067 edtttanc
786 4990 969 5071 ltbrarnm
986 4998 1069 5076 XV
1072 4999 1283 5078 -XVIII
1298 5000 1555 5077 Basilicarum
1578 5024 1598 5075 e
1622 4998 1765 5074 Codice
1791 4994 2226 5092 Constantinopolitano.

1279 5157 1318 5246 S.
1357 5156 1395 5227 9.

481 5308 660 5377 Editionem
689 5311 844 5381 lileramm
866 5315 935 5383 XV
951 5356 993 5368 -
1006 5315 1123 5386 XVIII
1146 5320 1357 5386 Basilicarum
1377 5326 1422 5386 ita
1442 5325 1572 5410 parari,
1602 5335 1636 5385 ut
1659 5319 1809 5385 Codicem
1831 5315 2215 5401 Constantinopolitanum
2236 5319 2269 5380 in

395 5411 580 5476 universum
609 5412 746 5481 fideliter
772 5421 994 5504 exprimerem.
1046 5422 1195 5487 Laconas
1221 5427 1254 5487 in
1283 5446 1321 5488 eo
1353 5424 1478 5490 relictas
1510 5441 1660 5511 quantum
1688 5423 1759 5488 fieri
1787 5426 1891 5509 patuit
1922 5442 1963 5483 ex
1992 5421 2129 5482 editione
2158 5419 2268 5482 Heim-

397 5512 554 5578 bachiana
567 5512 679 5581 aliisve
692 5518 834 5585 fontibus
853 5522 1002 5609 supplere
1019 5526 1136 5591 studui.
1165 5523 1229 5589 Ubi
1248 5525 1326 5591 salia
1342 5530 1464 5613 integra
1482 5528 1640 5607 deessent,
1665 5540 1788 5589 textum
1804 5547 1848 5587 ex
1864 5523 2001 5587 editione
2016 5518 2268 5585 IIeImbachiana

396 5637 510 5701 purum
531 5631 643 5702 putum
664 5628 912 5705 repraesentavi.
947 5624 982 5689 Si
1002 5639 1122 5692 tantum
1143 5626 1208 5714 legi
1231 5650 1294 5693 non
1311 5642 1454 5715 possent,
1478 5651 1559 5716 quae
1581 5630 1687 5692 Codex
1709 5640 1896 5714 praestaret,
1920 5621 2139 5708 supplementa
2155 5626 2270 5708 partim

397 5739 440 5781 ex
453 5717 714 5785 Heimbachianis
732 5729 844 5807 partim
866 5749 908 5791 ex
928 5730 1057 5813 ingenia
1080 5732 1186 5795 addidi
1208 5753 1308 5819 eaque
1330 5736 1452 5795 uncinis
1472 5730 1596 5795 inclusi.
1632 5730 1668 5793 Si
1689 5728 1907 5815 supplementa
1926 5724 2107 5802 deficerent,
2138 5724 2269 5790 lacunas

396 5824 520 5906 punctis
534 5819 585 5887 vel
596 5820 723 5887 lineolis
738 5825 890 5891 indicavi:
911 5844 1025 5915 puncta
1038 5832 1183 5917 singulas
1195 5831 1303 5896 literas
1323 5833 1373 5898 vel
1385 5847 1478 5898 notas
1489 5832 1589 5897 lectas
1602 5851 1665 5894 nan
1678 5852 1752 5894 essa
1763 5832 1917 5895 indicant:
1940 5829 2001 5892 hae
2016 5825 2153 5890 lineolae
2168 5827 2181 5913 ll
2197 5826 2268 5891 lite-

396 5942 464 5984 ram
485 5922 663 6010 longiorem
683 5923 874 5993 scholiorum
897 5937 1099 6019 septuaginta
1120 5938 1242 6000 circiter
1263 5931 1443 5999 literarum:
1465 5933 1584 6000 lineola
1606 5970 1655 6010 -,
1678 5932 1803 5999 literam
1822 5932 1997 6000 hrevIoreor
2019 5929 2210 5996 scholiorum
2222 5932 2268 5994 vi·

396 6025 478 6109 giuti
499 6032 636 6114 quinque
658 6024 708 6092 vel
727 6028 823 6094 etiam
844 6033 973 6118 triginta
996 6032 1160 6106 literarum
1181 6038 1322 6127 expediri
1341 6058 1405 6105 noa
1427 6039 1572 6127 patuisse
1596 6034 1762 6125 significat.

2425 552 2432 637 l
