4680 7114
467 405 529 470 ιιι
882 364 1871 474 snsrnrooouuoun'ousurnoaouoosoa

529 586 692 663 XXXIV,
715 591 746 663 1,
768 592 809 651 23
830 586 906 674 (20).
951 589 1113 671 Πολάμιοί
1134 592 1216 652 εἰσιν
1238 589 1272 651 οἱ
1292 588 1360 672 κρί-
1451 587 1567 650 Hostes
1589 597 1667 662 sunt,
1689 590 1742 669 qui
1764 589 1910 652 adversus
1932 611 1986 652 nos
2008 600 2040 652 et
2059 612 2105 655 nos
2122 597 2220 665 οόιεοοι

463 716 574 769 νοντες
601 692 685 779 πρὸς
711 697 796 777 ήμάς
822 694 879 760 καί
901 698 990 778 ήμεῐς
1014 692 1098 780 πρὸς
1120 692 1241 769 αὐτοὺς
1263 695 1360 776 δημό·
1387 692 1455 756 illos
1470 695 1626 775 pubIIoum
1641 695 1935 759 bellumdeeernunt.
1958 697 2022 775 Qui
2036 699 2162 765 tsiesnon
2171 721 2221 783 snos

464 824 537 864 σιον
569 802 718 883 πόλεμον.
763 804 796 866 oi
827 802 861 867 dd
892 801 936 883 μή
967 812 1114 866 τοιοῦτον
1142 802 1264 889 λησταί
1288 805 1360 883 εἰσι,
1387 800 1521 864 latrones
1549 810 1632 876 sunt,
1659 804 1769 884 etqui
1795 803 1835 865 ab
1861 804 1897 865 iis
1925 806 2093 885 eupiuntm,
2114 830 2161 871 non
2179 827 2223 877 sust

461 905 519 971 καλ
543 910 576 971 oi
597 908 651 972 ὑπ’
677 909 788 972 αὐτῶν
809 908 1051 994 λαμβανόμενοι
1071 910 1131 973 οὔκ
1146 913 1228 973 εἰσιν
1243 910 1361 992 αίχμά-
1388 908 1502 989 eaptivi
1523 929 1578 972 nee
1599 910 1663 972 iure
1684 910 1862 990 postliminii
1884 932 1958 992 opus
1976 911 2093 975 habent
2121 916 2149 977 fr.
2161 921 2223 983 2411

461 1013 562 1077 λωτοι
584 1013 643 1078 καλ
665 1014 739 1078 οὐδὲ
757 1011 921 1103 χρῄζουσι
943 1016 1074 1080 δικαίου
1095 1016 1321 1103 ὑποστροφῆς.

889 1122 1002 1210 (Epau.
1019 1133 1109 1187 sueta
1123 1123 1278 1198 XLVIII,
1297 1121 1360 1208 19.)

352 1314 354 1323 Ι
527 1229 692 1305 XXXIV,
714 1233 746 1305 1,
767 1234 809 1293 26
825 1231 901 1313 (22).
945 1226 1018 1294 Ἐἀν
1041 1229 1160 1294 δοῦλον
1181 1230 1359 1313 ἀρπάσωσι
1454 1227 1487 1290 Si
1514 1249 1633 1291 servum
1659 1231 1814 1312 rapuerint
1835 1231 1966 1295 latrones
1992 1253 2123 1314 eumque,
2144 1243 2226 1301 eumin

461 1333 580 1422 λησταλ
603 1333 660 1399 καί
682 1333 745 1399 ὑπὸ
768 1333 847 1410 τοὺς
869 1334 1041 1419 πολεμίους
1063 1333 1166 1400 αὐτόν
1189 1338 1360 1419 γενόμενον
1386 1335 1518 1397 hostium
1539 1345 1719 1416 potestatem
1741 1339 1936 1418 pervenisset,
1959 1341 2089 1414 emerim,
2111 1363 2228 1425 usnospes

462 1443 623 1528 ἀγοράσω
651 1439 768 1524 αὐτὸν,
801 1443 841 1506 οὐ
872 1441 928 1507 διά
959 1441 999 1507 τό
1023 1444 1186 1527 χρᾶσθαι
1213 1442 1358 1523 δεσπόζω
1388 1460 1456 1503 eum
1479 1462 1540 1504 non
1561 1464 1685 1523 possum
1707 1444 1820 1527 quippe
1841 1445 1996 1508 furtivum.
2097 1448 2127 1509 ir.
2140 1451 2227 1515 271111

352 1594 356 1601 ·
461 1548 584 1613 τούτου
606 1545 725 1613 διὰτὸ
747 1549 945 1632 κλοπιμαῐον
967 1546 1059 1614 είναι.

954 1657 1064 1740 (Epsn.
1080 1666 1171 1720 aneta
1185 1658 1277 1732 XXI,
1294 1654 1358 1742 50).

527 1764 685 1839 XXXIV,
704 1768 731 1839 1,
749 1768 790 1826 26
806 1761 882 1850 (22).
927 1764 969 1827 El
996 1763 1030 1828 δι’
1052 1785 1103 1838 τις
1125 1764 1253 1848 εἰρήνης
1274 1786 1359 1847 γινο-
1451 1761 1485 1825 si
1507 1763 1573 1844 quis
1600 1784 1675 1844 paee
1700 1764 1783 1827 faeta
1809 1764 1916 1827 abierit
1942 1765 1981 1827 ad
2003 1766 2099 1830 hostes
2118 1771 2232 1832 etiterum

460 1873 557 1952 μόνης
584 1871 717 1956 ἀπέλθῃ
746 1867 829 1955 πρὸς
860 1868 938 1946 τοὺς
970 1872 1141 1951 πολεμίους
1172 1870 1229 1936 καὶ
1260 1872 1359 1936 πάλιν
1386 1878 1494 1949 eaptus
1521 1871 1572 1944 sit,
1603 1871 1685 1952 prior
1710 1872 1848 1935 dominus
1876 1894 1944 1934 oum
1975 1874 2093 1955 recipit,
2119 1876 2167 1937 nisi
2188 1898 2230 1938 ooo-

461 1977 595 2065 ληφθῇ,
623 1980 643 2040 ό
671 1988 801 2062 πρῶτος
824 1976 985 2055 δεσπότης
1007 1979 1167 2064 λαμβάνει
1190 1975 1307 2059 αὐτόν,
1333 1984 1358 2042 εί
1386 1976 1501 2038 venerit
1515 1986 1551 2038 ut
1564 1978 1678 2058 oaptIvi
1692 1978 1896 2041 redderentur.
1919 1977 1967 2065 (fr.
1978 1983 2030 2042 28.
2038 1981 2077 2041 D.
2085 1981 2184 2056 XLIX,
2192 1982 2231 2065 15.)

460 2081 503 2166 μή
527 2084 752 2171 συνεφωνήθη
775 2085 992 2161 ἀποδοθῆναι
1014 2081 1093 2158 τοὺς
1119 2085 1359 2167 αἰχμαλώτους.

889 2190 1001 2278 (Epan.
1018 2201 1109 2254 auets
1122 2192 1279 2268 XLVHI,
1296 2190 1359 2278 17.)

526 2298 689 2375 XXXIV,
706 2301 739 2373 2,
755 2302 784 2360 2.
827 2298 902 2362 Ἐάν
932 2321 983 2373 τις
1015 2296 1058 2362 τά
1091 2300 1273 2383 πράγματα
1300 2307 1361 2362 τοῦ
1453 2295 1487 2358 Si
1502 2298 1569 2378 quis
1583 2298 1665 2360 bona
1678 2300 1751 2372 eius,
1773 2300 1825 2380 qui
1846 2300 1928 2381 apud
1943 2301 2046 2363 hostes
2060 2310 2111 2376 est,
2130 2303 2235 2364 maissi-

460 2400 554 2490 παρά
577 2405 740 2487 πολεμίοις
763 2407 860 2479 ὄντος
881 2416 992 2480 κακῶς
1014 2405 1135 2493 διοικῇ,
1159 2404 1360 2490 προσελθὼν
1387 2403 1543 2478 ministret,
1564 2426 1686 2486 praeses
1702 2407 1827 2469 aeoedat
1840 2417 1871 2468 et
1885 2406 1925 2469 ab
1938 2429 1974 2470 eo
1988 2410 2148 2472 cautionem
2160 2411 2234 2489 exigui,

460 2513 479 2574 ό
502 2513 617 2596 ἅρχων
639 2512 829 2599 ἀσφάλειαν
852 2509 955 2576 αὐτόν
977 2514 1153 2590 ἀπαιτήσει
1176 2523 1238 2577 τοῦ
1251 2514 1360 2587 καλῶς
1386 2511 1469 2591 quod
1490 2511 1570 2573 bona
1592 2512 1668 2575 bene
1682 2514 1834 2577 custodiat
1847 2525 1878 2577 et
1894 2515 2003 2577 reddat
2016 2516 2067 2578 vel
2086 2515 2127 2577 ilii
2139 2516 2235 2577 redeunt

459 2619 608 2706 φυλάξαι
631 2616 718 2682 αὐτά
740 2618 797 2683 καί
821 2618 935 2683 δοῦναι
958 2619 978 2697 ή
1001 2620 1092 2701 αὐτῷ
1114 2620 1359 2707 ὑποστρέφοντι
1387 2616 1436 2679 vel
1457 2617 1617 2681 herodibus
1639 2619 1711 2682 eius.
1974 2620 2012 2708 (e
2030 2627 2059 2686 3.
2073 2623 2105 2686 O.
2119 2622 2236 2696 Vfflbb.

458 2724 479 2803 ή
502 2735 573 2800 τοῖς
594 2726 811 2812 κληρονόμοις
832 2728 945 2790 αὐτοῦ.

881 2832 994 2921 (Epan.
1010 2843 1100 2896 sueta
1114 2834 1272 2910 XLVIII,
1295 2831 1359 2919 18.)
1451 2831 1578 2896 Utilitas
1601 2852 1671 2894 oum
1693 2835 1794 2914 exigat
1814 2854 1873 2909 eos,
1895 2835 1946 2916 qui
1969 2835 2009 2898 ab
2032 2836 2158 2898 hostibus
2175 2836 2237 2915 ospi-

524 2938 683 3016 XXXIV,
700 2943 729 3015 2,
745 2945 774 3003 5.
815 2940 863 3004 Ἡ
876 2942 1082 3024 χρησιμότης
1105 2941 1204 3004 όπότε
1226 2943 1363 3004 ἀπαιτεῖ
1385 2958 1441 3001 vos
1462 2940 1621 3013 redimunt,
1642 2942 1740 3021 pretia
1760 2961 1945 3022 recuperare,
1973 2943 2000 3005 si
2021 2964 2060 3005 ea
2081 2943 2173 3005 oblata
2190 2943 2238 3003 aod

458 3042 537 3121 τοὺς
559 3047 791 3131 ἀγοράζοντας
813 3044 995 3131 παρόντων
1018 3047 1179 3130 πολεμίων
1193 3047 1358 3129 οιίχμαλά-
1385 3065 1456 3126 pore
1477 3046 1583 3120 nolint,
1605 3067 1625 3108 a
1646 3048 1784 3129 praeside
1805 3049 2025 3132 oompellantur
2046 3052 2175 3131 resipere

458 3176 537 3228 τους
559 3153 740 3239 λαμβάνειν
761 3151 805 3218 τά
823 3153 1002 3236 τιμήματα,
1027 3150 1085 3217 ὲάν
1103 3156 1359 3242 προσφερόμενα
2050 3156 2090 3243 (e
2106 3154 2240 3237 obitu)

457 3259 501 3343 μὴ
517 3260 687 3342 δέχωνται,
711 3261 1026 3342 ἀναγκαζίσθωσαν
1049 3257 1142 3343 παρὰ
1160 3269 1221 3325 τοῦ
1238 3263 1359 3343 άρχον-

457 3387 517 3441 τος
538 3367 720 3453 λαμβάνειν
742 3368 839 3431 αὐτά.
950 3366 1063 3453 (Epan.
1079 3378 1169 3431 auots
1184 3369 1277 3444 XXI,
1294 3366 1357 3455 52.)

523 3475 687 3550 XXXIV,
704 3478 736 3549 2,
755 3477 795 3535 10
812 3472 868 3561 (9).
910 3472 943 3539 Ὁ
966 3472 1175 3560 ἀγορασθελς
1202 3473 1268 3539 ἀπὸ
1291 3485 1359 3539 τῶν
1451 3472 1615 3535 Redemtus
1643 3474 1682 3536 ab
1708 3474 1846 3538 hostibus
1874 3477 1899 3538 si
1926 3477 2059 3557 pretium
2081 3476 2178 3549 solvat,
2199 3495 2243 3535 mn

459 3580 620 3664 πολεμίων
651 3579 709 3645 ὲάν
740 3579 788 3662 δῷ
819 3578 859 3645 τό
890 3582 1028 3663 τίμημα,
1062 3592 1267 3667 παραχρῆμα
1293 3585 1356 3660 ἔχει
1385 3578 1485 3642 festim
1508 3580 1711 3644 eondioionem
1734 3601 1820 3643 suam
1842 3583 1956 3664 resipit
2025 3580 2065 3670 (e.
2084 3587 2130 3644 11.
2144 3578 2241 3658 (11111)

458 3684 519 3766 τήν
542 3688 648 3752 αὑτοῦ
668 3687 782 3765 τύχην.
951 3687 1063 3775 (Epan
1078 3698 1169 3751 aneta
1182 3691 1275 3765 XXI,
1293 3687 1357 3775 56.)

524 3796 688 3871 XXXIV,
709 3797 742 3870 2,
765 3798 804 3856 12
826 3792 904 3882 (11).
948 3792 981 3859 Ὁ
1012 3796 1186 3881 ἀγοράσας
1217 3806 1358 3877 γυναῖκα
1450 3794 1513 3872 Qui
1534 3794 1690 3857 mulierem
1713 3796 1752 3858 ab
1774 3795 1912 3858 hostibus
1933 3797 2063 3860 redemit
2085 3797 2244 3877 sibiquooon

458 3899 525 3966 ἀπὸ
553 3913 620 3965 τῶν
647 3901 809 3985 πολεμίων
839 3899 896 3965 καὶ
929 3900 1126 3985 συμπλακεὶς
1152 3903 1238 3989 αὐτῇ
1269 3903 1361 3966 δοκεῖ
1385 3900 1491 3974 iunxit,
1513 3901 1560 3963 ius
1582 3902 1717 3983 pignoris
1738 3903 1890 3968 remittere
1911 3905 2032 3968 videtur
2054 3914 2170 3986 propter
2187 3920 2243 3981 spem

458 4017 671 4095 παραχωρεῖν
697 4006 737 4073 τό
769 4017 831 4072 τοῦ
861 4008 1015 4094 ὲνεχύρου
1048 4009 1178 4072 δίκαιον
1209 4006 1266 4073 διά
1296 4008 1357 4086 τήν
1384 4006 1504 4070 futsuae
1526 4008 1645 4071 sobolis
2024 4010 2066 4099 (u
2085 4004 2246 4085 luciosi)

457 4116 573 4180 ἐλπίδα
582 4126 649 4179 τῶν
658 4118 820 4197 ἐσομένων
828 4115 966 4180 παίδων.
981 4115 1356 4202 (EpanauotaXXI,55.)

522 4224 680 4297 XXXIV,
697 4226 726 4299 2,
744 4227 784 4286 15
800 4220 879 4309 (14).
912 4223 954 4286 Ei
968 4221 1027 4286 καί
1041 4224 1356 4305 οιίχμαλωτισθεῖσά
1449 4221 1579 4284 Etiamsi
1601 4224 1724 4304 captiva
1745 4225 1922 4286 commercio
1946 4224 2086 4288 redemta
2109 4226 2155 4300 sit,
2175 4233 2247 4284 tamen

456 4353 507 4405 τις
529 4327 597 4395 ἀπὸ
620 4331 819 4414 κομμερκίου
841 4330 1036 4417 ἀγορασθῇ,
1060 4327 1148 4412 ὅμως
1171 4332 1203 4394 οἱ
1217 4331 1355 4408 τεχθέν·
1383 4328 1446 4389 nati
1469 4349 1508 4390 ex
1530 4348 1575 4404 ea,
1598 4330 1669 4394 lieet
1690 4352 1710 4392 a
1732 4352 1819 4394 serva
1841 4332 1973 4414 suseepti
1996 4333 2069 4406 sint,
2091 4332 2170 4393 liberi
2187 4329 2245 4389 fiunt

456 4459 509 4512 τες
531 4438 566 4521 ἐξ
588 4438 689 4515 αὐτῆς
712 4442 738 4500 si
760 4435 818 4501 καλ
833 4435 900 4501 ἀπὸ
916 4435 1054 4501 δούλου1
1070 4436 1161 4515 aleis,
1185 4437 1358 4523 ἐλευθεροί
2027 4437 2068 4524 (ο
2087 4443 2135 4503 16.
2149 4433 2248 4505 cibis)

456 4547 547 4608 εὶσιν.
944 4544 1057 4631 (span.
1073 4555 1164 4608 auots
1178 4546 1272 4621 XXI,
1289 4544 1354 4631 54.)

522 4648 663 4726 XXXV,
680 4654 708 4726 1,
726 4652 776 4715 14.
817 4649 857 4717 Oi
878 4652 1064 4739 κεφαλικως
1085 4651 1354 4716 καταδικασθέν·
1448 4650 1556 4733 Capite
1577 4650 1714 4712 damnati
1736 4660 1806 4732 post
1823 4652 2062 4733 appellationem
2076 4651 2248 4733 interpom

455 4755 695 4841 escussario
717 4758 874 4840 λγκλητον
897 4758 1123 4822 διατίθεσθαι
1147 4758 1325 4822 δύνανται.
1381 4759 1484 4819 testari
1505 4767 1641 4839 possunt
1667 4790 1671 4800 ·
1796 4758 1844 4845 (fr.
1862 4762 1911 4822 13.
1928 4767 1944 4837 ᾗ
1963 4764 1992 4821 1.
2006 4760 2050 4823 D.
2066 4750 2250 4833 XXVIIII]

587 4864 700 4951 (Epau.
715 4875 806 4930 aneta
819 4866 960 4943 XXVII,
975 4867 1043 4928 ult:
1058 4867 1105 4929 ed
1120 4866 1209 4929 Zaeh.
1224 4888 1254 4948 p.
1267 4864 1353 4953 287.)

519 4972 665 5049 XXXV,
688 4977 720 5048 1,
741 4977 792 5037 21.
841 4970 881 5037 Οἱ
906 4972 1239 5058 προσλαμβανόμενοι
1271 4970 1354 5059 πρὸς
1447 4971 1511 5049 Qui
1546 4972 1587 5034 ad
1623 4981 1837 5036 testamentum
1878 4973 2056 5037 faciendum
2096 4973 2250 5038 austum,

454 5078 515 5157 τήν
546 5081 678 5157 ποίησιν
709 5091 767 5157 τῆς
799 5079 967 5157 διαθήκης
998 5081 1354 5166 προσκαρτερείτωσαν
1380 5077 1489 5140 (iuuere
1511 5078 1739 5161 debentneque
1762 5081 1801 5142 ad
1823 5080 1914 5142 finem
1935 5082 2009 5144 eins.

454 5190 548 5273 μέχρι
562 5197 625 5251 τοῦ
639 5190 781 5270 πέρατος
796 5187 905 5264 αὐτῆς.
928 5184 1352 5273 (Epauauotaxxvnno.)
1793 5185 1842 5274 (fr.
1859 5191 1909 5251 30.
1924 5195 1942 5265 θ
1960 5192 1989 5251 8.
2004 5189 2048 5251 D.
2065 5178 2251 5261 XXVIIII)

519 5294 661 5371 XXXV,
679 5298 711 5371 1,
727 5298 778 5357 21.
827 5292 895 5359 Οὐκ
922 5295 1169 5375 ἀναγκάζονται
1196 5292 1257 5371 τήν
1283 5293 1353 5357 διά-
1445 5291 1517 5354 Non
1538 5292 1681 5374 exigitur,
1708 5302 1744 5357 ut
1768 5315 1935 5358 sermonem
1962 5298 2088 5377 mystiei
2114 5286 2250 5359 mansi

454 5402 569 5466 λεκτον
596 5412 654 5478 της
679 5412 839 5485 μυστικῆς
867 5400 1035 5478 διαθήκης
1062 5403 1095 5463 οἱ
1121 5402 1286 5487 μάρτυρες
1312 5405 1352 5465 εί·
1380 5408 1470 5462 testes
1493 5400 1680 5481 intellegant:
1708 5400 1819 5464 suffieit
1845 5404 1926 5465 enim
1953 5406 2069 5467 sentire
2091 5425 2142 5467 eos
2162 5412 2251 5483 propffl

454 5510 557 5574 δίκαι·
581 5511 679 5595 ἀρκεῖ
696 5507 762 5592 γάρ
786 5510 899 5583 αὐτοῖς
925 5510 1038 5585 νόησις
1061 5507 1103 5572 δι’
1129 5506 1147 5571 ὃ
1176 5508 1352 5593 προσεκλή·
1379 5507 1460 5586 quod
1482 5509 1580 5588 rogati
1602 5509 1669 5571 sint
1707 5508 1762 5571 sin
1784 5510 1873 5574 inviti
1886 5510 2001 5573 detenti
2025 5512 2102 5587 sint,
2123 5531 2182 5574 non
2195 5504 2251 5572 suls

454 5616 579 5694 θησαν.
618 5620 644 5679 ἀ
667 5615 701 5679 δὲ
724 5617 859 5690 άκοντες
874 5617 1110 5698 ὲπισχεθωσιν,
1133 5616 1194 5680 οὐκ
1208 5619 1349 5701 ἔρρωται
1378 5623 1599 5678 testamentum.
1920 5615 1970 5703 (fr.
1988 5621 2042 5682 20.
2061 5627 2079 5696 5
2098 5624 2127 5682 9.
2145 5610 2251 5691 subit)

452 5722 655 5801 ήδιαθήκη.
995 5722 1107 5811 (Epan.
1122 5722 1269 5798 auotaX,
1284 5719 1365 5809 44.)Ι

522 5954 628 6025 ηιμ
647 5952 747 6020 rosim.
