4830 7020
493 403 553 470 tut
808 392 1178 463 BASlLlCOBUM
1207 391 1365 460 LIBER
1386 391 1484 459 xvi.
1513 391 1617 461 tit.
1639 391 1736 459 viii.
1767 391 1873 460 citt.
1895 396 2039 463 tt-aa.

372 587 399 633 a.
418 586 444 635 t.
555 565 609 647 κζ’.
645 565 680 633 ‘0
703 571 815 648 χρῆσιν
837 565 914 648 ἐχων
941 570 1067 649 καρπῶν
1091 564 1148 648 τήν
1175 564 1409 649 διδέμνυητῶν
1506 563 1635 626 xxvii.
1681 567 1926 627 Usuiruotueriaa
1968 572 2103 649 satisdst,
2141 600 2168 639 ιε
2193 602 2255 649 recte
2279 617 2300 657 ,,

343 660 368 705 0·
380 651 476 705 ΗΜ·
496 652 666 738 ἀσφάλειαν
680 652 817 728 δίδωσιν,
838 653 884 716 δτι
903 657 1004 728 καλῶς
1016 657 1061 736 τῷ
1082 648 1237 736 πράγματι
1255 653 1409 732 κίχρηται.
1444 670 1575 711 αιατιιαι.

387 766 450 816 αδ.
553 751 611 834 κη’.
645 749 722 814 Ἐὰν
747 745 763 813 ό
788 748 846 832 τήν
871 758 982 834 χρῆσιν
1012 757 1074 816 τῶν
1102 757 1228 832 καρπῶν
1256 750 1332 833 ἐχων
1362 751 1410 815 ἐπί
1508 748 1656 810 xxviii.
1697 751 1732 811 Si
1750 752 1947 826 fructuarius,
1977 758 2024 832 qui
2046 760 2133 819 iussus
2151 777 2190 823 est
2207 773 2233 829 in
2250 786 2303 836 ten·

364 841 389 884 θ·
415 839 470 885 eod.
493 835 608 920 χρόνον
629 836 804 909 κελευσθείς
824 834 901 915 ἐχειν
917 834 974 919 τήν
990 842 1099 918 χρῆσιν
1111 842 1173 900 τῶν
1191 841 1316 918 καρπῶν
1338 861 1410 914 καρ-
1444 858 1496 916 ρυτ
1520 838 1597 909 itui,
1629 846 1697 914 post
1719 846 1834 915 tempus
1858 839 1975 898 fruetus
2001 849 2163 924 perceperit,
2183 873 2224 912 eor
2239 866 2304 920 resti.
2362 880 2363 899 i

495 918 637 1068 πῶσμται
652 922 729 1001 μετὰ
751 919 805 984 τδν
824 916 948 1002 χρόνον,
967 920 1166 1005 ἀναγκάζεται
1182 922 1255 996 τούς
1270 919 1410 1003 καρποδς
1445 935 1528 983 tuere
1546 923 1678 1002 cogitur.

497 1006 557 1071 όπο
580 1010 678 1068 οὗναι.

392 1097 455 1146 Μ.
562 1085 626 1152 κθ’.
660 1091 699 1151 Et
718 1087 776 1169 μίν
792 1093 903 1171 χρῆσιν
924 1095 1051 1168 καρπῶν
1071 1087 1170 1170 μόνην
1191 1085 1409 1173 πρόγματοςό
1508 1089 1632 1151 xxix.
1667 1092 1700 1151 st
1723 1090 1839 1169 quidem
1862 1092 2072 1154 usumfructum
2087 1102 2129 1157 rei
2148 1106 2226 1163 solum
2243 1115 2307 1168 miri.

364 1172 392 1220 ⁰·
415 1170 470 1217 Μ·
498 1171 577 1257 όνήρ
601 1174 643 1248 εές
664 1182 776 1255 προῖκα
797 1172 980 1248 όπεδίξατο,
1014 1174 1051 1236 οὐ
1072 1172 1203 1238 δύναται
1225 1176 1261 1238 τὸ
1283 1182 1411 1256 πρᾶγμα
1446 1189 1493 1236 tus
1517 1181 1547 1234 in
1578 1178 1676 1235 dotem
1700 1177 1831 1252 accepit,
1862 1196 1923 1235 rem
1946 1177 2073 1256 obligare
2092 1201 2146 1242 παπ
2165 1199 2250 1262 potest.
2282 1196 2305 1255 si

496 1255 716 1321 ὑποτίθεσθαι.
762 1260 789 1321 εέ
815 1258 849 1321 δέ
878 1264 933 1337 τῆς
963 1259 1140 1333 δεσποτείας
1168 1258 1412 1338 ἐπιδοθείσηςλέ)
1446 1283 1513 1321 vero
1543 1263 1707 1338 proprietas
1735 1264 1778 1320 its
1808 1261 1957 1334 domest,
1985 1273 2020 1320 ut
2046 1278 2153 1327 mortuo
2172 1277 2308 1336 marito'm

498 1343 578 1407 ῶστε
597 1342 676 1423 μετὰ
693 1341 837 1426 τελευτήν
855 1347 913 1404 τοῦ
932 1340 1043 1424 ἀνδρὸς
1068 1341 1262 1425 ἀναδοθῆναι
1282 1342 1317 1406 τδ
1336 1348 1411 1425 πρᾶ·
1446 1349 1562 1405 mulieri
1594 1346 1779 1419 redderetur,
1815 1347 1938 1404 maritus
1968 1364 2031 1405 eam
2056 1368 2112 1409 τεαι
2138 1355 2238 1434 pignori
2261 1362 2308 1421 dne

497 1454 560 1511 γμα
590 1426 628 1512 τῇ
659 1428 795 1509 γυναικί,
831 1425 868 1490 οδ
896 1426 1062 1491 κεκώλυται
1094 1422 1110 1490 ό
1141 1427 1218 1509 ἀνήρ
1248 1432 1342 1492 τοῦτο
1373 1425 1409 1492 τδ
1446 1451 1505 1490 non
1536 1430 1715 1507 prohibetur.
1765 1432 1911 1499 Quoniam
1941 1431 2018 1488 enim
2050 1434 2151 1495 fundus
2180 1445 2309 1503 αιιιὶιπειω

498 1516 627 1594 πρᾶγμα
659 1506 879 1575 ὑποτίθεσθαι.
928 1511 1031 1592 ἐπειδή
1065 1512 1124 1594 γὰρ
1159 1513 1412 1594 διατετιμημένος
1447 1525 1502 1588 est,
1523 1515 1705 1593 hypothecae
1728 1514 1792 1571 deri
1815 1524 1928 1590 potest:
1960 1516 2090 1594 alioquin
2110 1523 2134 1577 si
2154 1525 2310 1587 ineestimstm

499 1597 581 1660 ἐστίν
615 1591 630 1659 δ
668 1593 780 1675 όγρδς,
820 1593 951 1659 δύναται
986 1597 1028 1667 είς
1060 1594 1227 1679 ὑποθήκην
1259 1599 1411 1678 δοθῆναι·
1447 1612 1535 1675 esset,
1560 1620 1596 1659 ne
1619 1601 1737 1658 volente
1760 1599 1877 1677 quidem
1898 1618 1989 1658 uxore
2010 1604 2123 1681 pignori
2143 1607 2253 1670 daretur,

500 1680 611 1764 inai⁸⁸i
629 1682 654 1744 εέ
673 1673 711 1759 ἦν
732 1679 952 1761 όδιατίμητος,
979 1679 1051 1745 οὐδὲ
1068 1683 1262 1766 βουλομένης
1282 1686 1338 1764 τῆς
1360 1707 1413 1766 γυ·

500 1766 603 1840 ναικὸς
625 1766 744 1828 ἐδίδοτο
767 1766 809 1841 είς
832 1760 1008 1846 ὑποθήκην.
2276 1830 2280 1835 ,

449 1906 456 1920 .
566 1859 603 1925 λ’.
632 1857 669 1926 ‘0
690 1862 767 1944 ἔχων
783 1871 895 1948 χρῆσιν
918 1865 1015 1938 οίκίας
1042 1863 1081 1928 τὰ
1103 1863 1280 1948 δνακέραμα
1303 1864 1414 1949 ὀφείλει
1511 1862 1617 1923 XXX.
1641 1865 1700 1932 Qui
1717 1864 1832 1923 aedium
1848 1866 2063 1925 usumfructum
2076 1867 2167 1943 habet,
2185 1882 2317 1931 sartatecta

394 1960 476 1991 ,eo.
502 1957 599 2011 ποιεῖν
620 1952 675 2029 τῆς
695 1950 792 2025 οέκίας
815 1946 1014 2027 ἀναλώμασιν
1031 1951 1168 2028 οίκείοις,
1190 1947 1233 2024 ῶς
1254 1951 1346 2034 ἐγνως
1364 1954 1413 2015 καλ
1450 1953 1510 2009 suis
1533 1948 1675 2007 sumtibus
1705 1960 1852 2027 praestare
1877 1950 1978 2020 dehet,
2011 1961 2045 2009 ut
2066 1953 2189 2012 didicisti
2210 1955 2315 2014 iiiroiit
2364 1922 2365 1987 i

504 2032 535 2096 ἐν
564 2036 607 2118 τῷ
641 2030 767 2118 ἐβδόμῳ
794 2035 907 2117 βιβλίῳ
929 2034 990 2096 τῶν
1015 2035 1074 2115 δεμ.
1100 2036 1139 2097 τί.
1158 2034 1250 2121 o'⁸⁹).
1287 2038 1313 2100 εί
1333 2038 1369 2101 δέ
1386 2061 1415 2099 τι
1450 2035 1638 2114 Digestorum
1660 2036 1709 2094 tit.
1729 2038 1754 2091 Ι.
1797 2034 1832 2093 si
1855 2035 1925 2112 quid
1942 2055 2015 2094 vcro
2038 2041 2157 2114 amplius
2177 2041 2204 2096 in
2218 2040 2318 2100 reiectio

503 2118 669 2198 περαιτέρω
690 2116 845 2199 ἀνήλωσεν
874 2120 916 2192 είς
945 2117 1001 2199 τήν
1030 2124 1086 2199 τῆς
1115 2121 1212 2194 αέκίας
1231 2115 1413 2202 διόρθωσιν,
1451 2138 1516 2178 nem
1534 2119 1651 2178 aedium
1673 2121 1817 2199 erogarit,
1839 2137 1857 2176 a
1877 2122 2077 2197 proprietario
2099 2123 2128 2180 id
2148 2125 2259 2197 recipiet

503 2208 593 2264 τοῦτο
617 2200 750 2283 λήψεται
771 2202 854 2287 παρὰ
875 2208 930 2265 τοῦ
952 2200 1074 2282 ἐχοντος
1095 2203 1153 2287 τήν
1172 2208 1361 2269 δεσποτείαν.

460 2345 466 2357 -
570 2299 628 2365 λα’.
656 2300 808 2367 Οδδίποτε
823 2299 949 2366 δύναται
968 2298 984 2365 ό
1000 2304 1058 2385 τήν
1069 2308 1181 2388 χρήσιν
1199 2303 1277 2384 ἔχων
1288 2306 1416 2385 χρονίαν
1516 2302 1638 2363 XXXI.
1673 2307 1829 2388 Nunquam
1852 2314 1948 2381 potest
1971 2308 2202 2367 usufructuarius
2223 2312 2321 2387 proprie·

403 2397 441 2427 ·‘
472 2411 480 2430 ·
505 2386 711 2470 παραγραφὴν
735 2385 922 2451 ἀντιτιθέναι
948 2393 993 2473 τῷ
1022 2390 1079 2470 τήν
1107 2391 1287 2452 δεσποτείαν
1309 2389 1416 2472 ίχοντι,
1451 2391 1662 2452 tatis.domino
1684 2395 1824 2468 temporie
1849 2392 2113 2467 praescriptionem
2131 2412 2273 2469 opponere,
2289 2395 2322 2452 scd
2365 2448 2366 2467 ,

504 2472 577 2536 ἀλλ’
601 2469 673 2534 οὐδὲ
703 2467 719 2533 ό
747 2469 939 2554 κληρονόμος
965 2470 1081 2552 αὐτοῦ,
1111 2472 1211 2554 ἐπειδή
1235 2472 1273 2536 οδ
1297 2477 1416 2551 νέμεται
1451 2496 1504 2533 που
1527 2475 1611 2533 heres
1632 2477 1710 2550 eius,
1733 2477 1802 2553 quis
1823 2476 1942 2533 omnino
1965 2495 2027 2533 non
2054 2478 2195 2553 possidet,
2216 2490 2245 2536 ut
2262 2477 2324 2536 lnth-

503 2560 681 2629 παντελῶς,
711 2552 753 2631 ῶς
773 2557 992 2621 ίνστιτουτίαινι
1016 2558 1144 2646 δευτίρρι
1165 2559 1204 2622 τί.
1225 2554 1269 2621 θ’.
1301 2560 1336 2623 td
1359 2559 1417 2642 γὰρ
1452 2562 1567 2618 tutione
1587 2559 1714 2618 secunda
1742 2562 1789 2618 tit.
1804 2564 1835 2621 9.
1880 2559 1954 2618 Nam
1978 2562 2086 2619 sitium
2109 2565 2274 2637 possessionis
2290 2563 2324 2618 de·

504 2636 663 2718 ἐλάττωμα
676 2646 731 2721 τῆς
752 2644 850 2721 νομῆς
868 2646 924 2704 τοῦ
945 2642 1184 2723 τελευτήσαντος
1201 2644 1351 2723 διαβαίνει
1367 2647 1417 2706 καί
1452 2644 1549 2702 iuneti
1576 2644 1613 2703 ad
1642 2645 1763 2703 heredes
1786 2664 1901 2723 quoque
1924 2648 1988 2703 eius
2012 2648 2123 2704 transit
2144 2665 2193 2703 nec
2209 2666 2326 2721 usucapere

504 2725 546 2800 είς
568 2725 642 2798 τοδς
666 2723 762 2789 αὐτοῦ
777 2720 988 2806 κληρονόμους
1003 2729 1054 2788 καί
1071 2725 1108 2791 ori
1127 2723 1275 2790 δύνανται
1291 2728 1342 2791 δεδι
1364 2734 1594 2817 τῆςηροιιααττ
1625 2747 1692 2787 nam
1721 2733 1746 2787 si
1775 2730 1855 2788 forte
1885 2732 1950 2807 quis
1974 2732 2183 2806 proprietatem
2206 2733 2264 2807 ipsis
2279 2748 2325 2786 rea·

502 2805 644 2890 χρήσεως
665 2804 830 2874 δεσπόσαι·
854 2809 880 2872 εί
893 2809 952 2894 γὰρ
967 2806 1051 2892 ήλθί
1065 2835 1112 2886 τις
1130 2810 1225 2891 τνχδν
1237 2810 1419 2895 πιπράσκων
1453 2812 1574 2884 diderit,
1596 2825 1626 2871 et
1646 2815 1783 2872 arbitrati
1803 2835 1868 2873 eum
1890 2814 2044 2872 dominum
2060 2834 2124 2873 esse
2142 2819 2259 2885 emerint,
2273 2826 2329 2884 tuos,

506 2891 610 2966 αὐτοῖς
636 2891 693 2974 τήν
721 2895 916 2972 δεσποτείαν,
943 2896 993 2958 καί
1020 2897 1202 2974 νομίσαντες
1230 2895 1324 2962 αδτδν
1344 2892 1418 2961 εἶναι
1454 2899 1523 2974 quis
1550 2917 1610 2956 non
1638 2909 1763 2957 utuntur
1792 2902 1875 2976 quasi
1904 2899 2067 2958 fructuarii
2095 2898 2145 2956 aed
2172 2902 2327 2957 existimantes

507 2975 658 3059 δεσπότην
677 2973 846 3061 ήγόρασαν,
869 2975 948 3056 τότε,
972 2977 1073 3061 ἐπειδὴ
1093 2977 1153 3061 οδχ
1172 2975 1214 3055 ῶς
1237 2982 1292 3064 τήν
1308 2984 1420 3065 χρῆσιν
1454 3000 1485 3040 se
1507 3001 1570 3041 esse
1591 2982 1734 3057 dominos,
1754 2986 1931 3062 usucapione
1953 2983 2122 3042 dominium
2141 2986 2285 3061 acquirunt

508 3059 627 3142 ἐχοντες
640 3061 802 3145 κέχρηνται
823 3060 902 3126 ἀλλὰ
925 3066 1100 3142 νομίζοντες
1120 3060 1251 3142 ἑαυτούς
1272 3062 1348 3131 είναι
1370 3068 1421 3130 δε·

509 3141 636 3228 σπότας,
660 3148 710 3209 δεδι
729 3151 784 3227 τῆς
800 3144 942 3228 χρήσεως
964 3148 1175 3227 δεσπόζουσιν.

404 3249 433 3298 1..
444 3248 468 3301 9.
571 3244 629 3326 λβ.
657 3240 690 3311 ‘0
703 3244 759 3330 τήν
772 3253 883 3329 χρῆσιν
898 3247 975 3329 ἔχων
996 3245 1196 3330 ἀνδραπόδων
1217 3248 1237 3334 ἢ
1256 3247 1422 3334 κτημάτων
1520 3245 1660 3307 xxxii.
1695 3250 1752 3317 Qut
1771 3250 1984 3311 usumfructum
2002 3253 2212 3329 mancipiorum
2225 3258 2333 3326 aatprae·

381 3322 409 3371 ⁰·
429 3316 484 3369 ’Μ’
511 3328 581 3395 atita
601 3332 783 3413 ἐλευθεροῦν
797 3330 925 3397 δόναται
940 3330 1008 3395 οὔτε
1030 3333 1158 3397 ἐκποιεῖν
1176 3333 1212 3399 τό
1231 3341 1367 3419 πρᾶγμα.
1396 3338 1423 3400 τέ
1457 3334 1570 3392 diorum
1591 3333 1688 3408 hibet,
1714 3353 1808 3413 utque
1825 3340 2040 3395 manumittere
2061 3356 2156 3414 neque
2176 3354 2229 3392 Νι
2245 3336 2334 3392 siiessts

513 3415 546 3479 δέ
562 3418 611 3479 καί
626 3411 778 3498 όπηρεσία
792 3415 997 3499 ἀνδραπόδων
1012 3418 1070 3480 τινλ
1087 3422 1283 3500 κατελείφθη,
1311 3420 1423 3499 ὁμοίως
1457 3427 1563 3495 potest.
1606 3419 1665 3477 Sed
1698 3429 1729 3477 ct
1758 3422 1784 3476 ai
1811 3421 2015 3480 ministerium
2047 3421 2250 3496 mancipiorum
2274 3418 2334 3474 sieri

511 3501 562 3562 καλ
584 3489 676 3574 οὗτος
697 3498 768 3564 aridi
791 3500 921 3565 ἐκπονεῖν
941 3498 1073 3564 δ’όναται
1094 3500 1167 3566 ouidi
1189 3503 1382 3588 ἐλευθεροῦν,
1456 3504 1593 3561 relictum
1614 3504 1663 3575 ait,
1686 3504 1824 3562 similiter
1846 3515 1875 3562 et
1891 3507 1917 3563 is
1940 3525 2041 3585 neque
2064 3509 2190 3564 aliensre
2208 3521 2282 3579 neque
2295 3517 2335 3557 aa·

1458 3588 1616 3645 numittere
1656 3597 1744 3646 otest.

398 3682 480 3733 ωδ.
576 3663 631 3749 ty'.
674 3662 751 3730 Ἐόν
772 3693 818 3744 τις
841 3668 1043 3752 μισθῶσηται
1062 3673 1171 3752 χρῆσιν
1193 3676 1319 3751 καρπῶν
1341 3669 1425 3754 nopai
1524 3607 1677 3730 xxxiii.
1717 3672 1751 3731 si
1774 3672 1839 3749 quis
1860 3673 2085 3732 usumfructum
2117 3672 2152 3729 ah
2182 3673 2268 3748 aliquo
2291 3684 2338 3725 coa-

380 3754 407 3801 c.
434 3754 489 3800 eod.
514 3773 607 3830 mog,
630 3748 798 3816 ἀπόλλυσιν
813 3752 909 3834 αδτήν
923 3757 1046 3838 τελευτῇ
1060 3755 1109 3817 καί
1123 3760 1179 3835 τῆς
1191 3753 1315 3837 πρώτης
1331 3781 1425 3819 κατα.
1459 3755 1593 3828 duxerit,
1621 3765 1716 3814 morte
1741 3775 1806 3814 eum
1835 3756 1948 3815 amittit
1973 3769 2006 3816 et
2034 3760 2145 3835 capitis
2174 3756 2341 3821 deminutione,

515 3831 652 3940 ρτόσεως
665 3837 826 3921 ἐναλλαγή,
849 3840 899 3900 καί
915 3835 1076 3923 όπέρχεται
1090 3839 1165 3921 πρὸς
1179 3840 1232 3903 τόν
1247 3841 1425 3905 δεσποτείαν
1460 3848 1490 3898 et
1508 3840 1691 3900 ususfructus
1713 3841 1749 3899 ad
1772 3844 2002 3919 proprietarium
2025 3843 2119 3901 redit.

513 3941 632 3984 εοντα.
1224 3948 1228 3959 ·

395 4008 479 4061 αλλ.
525 3941 546 3999 χ
577 4002 634 4067 λό’.
664 4001 766 4086 Καλή
787 4002 906 4086 οἴκησις
927 4009 1086 4091 φθείρεται
1109 4008 1289 4093 τελευτή’ῗ).
1318 4008 1371 4073 ἐὰν
1393 4011 1427 4074 δὲ
1526 4006 1677 4066 xxxiv.
1718 4009 1814 4067 Etiam
1837 4008 1984 4070 habitatio
2012 4018 2115 4070 morte
2138 4011 2246 4069 finitor.
2272 4008 2297 4066 Si
2311 4024 2344 4062 sa·

381 4083 408 4129 ι’.
435 4077 491 4131 ενδ.
516 4083 533 4151 ὁ
565 4084 642 4167 pm,
669 4088 727 4170 ,pp
753 4086 873 4171 οἷ’ρησρρ
904 4094 1082 4157 ,emmim
1110 4090 1302 4177 ληηαηύσῃ,
1335 4094 1426 4159 οὐδὲν
1462 4100 1519 4150 tem
1542 4095 1593 4170 qui
1614 4093 1823 4152 habitationem
1852 4094 1954 4168 hahet,
1986 4099 2206 4174 proprietatem
2229 4090 2342 4170 legaverit,

517 4168 617 4319 aidtntp‘
639 4172 695 4237 τόν
715 4177 773 4237 τοῦ
803 4170 982 4258 πράγματος
1009 4175 1182 4258 δεσπότηνῗ
1208 4178 1243 4241 τό
1266 4176 1426 4262 ἀλλότριον
1462 4178 1534 4235 nihii
1555 4190 1643 4236 nocet
1662 4181 1706 4236 rei
1728 4178 1865 4238 domino:
1887 4198 1950 4240 reru
1970 4184 2059 4240 enim
2085 4183 2212 4240 alienam
2229 4177 2321 4257 iepsrit

515 4254 574 4339 γὰρ
613 4256 805 4339 ληγοίτευσεν.

394 4353 476 4406 uia,
577 4355 667 4463 W'h
700 4355 776 4423 Ἐάν
797 4382 844 4436 ης
865 4354 1038 4447 ληγαῃῦσῃ
1059 4363 1118 4425 mi
1138 4367 1261 4447 χρῆσεν,
1294 4363 1351 4439 ἕως
1374 4362 1425 4429 icc
1525 4361 1660 4422 XXXV.
1703 4364 1738 4423 si
1763 4365 1828 4442 quis
1860 4366 1950 4425 alicui
1980 4369 2210 4429 usumfructum
2236 4344 2348 4444 legatitis

383 4429 407 4474 ⁰·
432 4429 488 4475 ’Μ’
514 4440 636 4524 γίνηται
651 4441 746 4518 ουὶός
759 4442 861 4508 αὐτοῦ
873 4443 967 4509 εἴκοσι
982 4444 1140 4526 ἐνιαυτῶν,
1158 4452 1263 4532 συμβῇ
1280 4448 1314 4511 δέ
1327 4454 1425 4513 τελευ-
1461 4451 1553 4509 donec
1572 4449 1650 4507 iiiios
1669 4449 1782 4507 eiusad
1798 4468 1905 4507 annum
1923 4456 2108 4511 vicesimum
2125 4453 2285 4529 pervenerit.
2296 4446 2347 4503 iliu

514 4529 606 4606 τήοαι
626 4522 681 4590 τόν
699 4526 766 4592 vids
785 4527 845 4608 πρδ
869 4534 924 4593 τοῦ
945 4530 1087 4593 εέκοστοδ
1112 4531 1271 4595 ἐνιαυτοῦ·
1305 4535 1425 4616 περιμί-
1460 4546 1557 4593 autem
1575 4544 1643 4591 onte
1666 4551 1774 4591 annum
1790 4536 1960 4594 vicesimum
1977 4538 2167 4597 decesserit:
2189 4547 2289 4593 tantors
2303 4542 2350 4586 tta·

513 4632 605 4688 νομεν
621 4610 734 4694 χρόνον
752 4619 912 4691 τοσοῦτον,
933 4615 1014 4678 καθ’
1031 4612 1066 4678 δν
1082 4616 1109 4677 εέ
1126 4612 1187 4697 ἔζη,
1208 4614 1336 4699 ἤμελλεν
1350 4613 1424 4682 είναι
1461 4621 1540 4696 poris
1555 4628 1766 4693 exspectamus,
1786 4638 1843 4697 qao
1861 4621 1887 4675 si
1904 4620 1984 4678 iiiios
2003 4625 2153 4694 vixisset,
2177 4619 2274 4700 viginti
2289 4630 2350 4670 ΜΦ

514 4691 608 4758 είκοσι
624 4696 770 4759 ἐνιαυτῶν
786 4691 801 4759 δ
815 4695 891 4770 υἱός.
926 4703 953 4762 εί
969 4700 1004 4763 δέ
1019 4699 1186 4784 τελευτήσῃ
1203 4697 1220 4763 ό
1240 4699 1298 4783 τήν
1316 4706 1426 4785 χρῆσιν
1459 4723 1524 4763 rum
1545 4703 1663 4761 iuturus
1691 4713 1764 4761 erat.
1808 4704 1842 4763 Si
1864 4723 1931 4762 vero
1954 4705 2208 4766 usufructuarius
2229 4696 2353 4761 detttttfii

515 4773 593 4855 ἐχειν
608 4776 651 4843 ἐτι
664 4784 721 4844 τοῦ
737 4779 847 4856 παιδδς
863 4776 1023 4860 ἐλάττονος
1038 4782 1128 4857 ὄντας
1143 4790 1205 4849 τῶν
1218 4782 1311 4850 είκοσι
1328 4787 1426 4849 ἐνιαυ-
1461 4807 1549 4867 quom
1571 4787 1666 4845 adhuc
1686 4788 1765 4844 iiiios
1787 4790 1882 4847 minor
1900 4800 1979 4848 esset
1997 4794 2122 4872 viginti
2144 4794 2237 4859 annis,
2257 4782 2353 4871 assai?

514 4864 586 4941 τῶν,
610 4864 772 4947 φθείρεται
793 4861 947 4950 ήχρήσις.
976 4867 1028 4932 ἐὰν
1047 4869 1083 4933 δέ
1097 4891 1143 4942 τις
1162 4869 1300 4934 κατέλιπε
1319 4874 1426 4953 χρῆσίν
1461 4883 1527 4931 ctua
1548 4874 1739 4951 extinguitur.
1770 4872 1826 4930 Sin
1846 4883 1944 4933 autem
1965 4879 2041 4953 quia
2066 4876 2280 4936 usumfructum
2295 4867 2353 4924 δὴ·

566 5046 624 5116 ..·)
635 5080 1427 5107 ..............................................
1497 5056 1558 5108 -ετ,
1596 5052 1710 5123 [ποτε.
1738 5054 1827 5105 aaron
1847 5056 1864 5109 ι.
1880 5056 1911 5106 rs
1932 5055 2112 5126 c.1rr,as].
2150 5055 2207 5128 [ιτ.
2222 5046 2355 5123 ...επακ

516 5148 541 5203 ‚5
550 5147 628 5168 .....
628 5185 636 5203 ,
637 5123 970 5195 ...pannomiam
993 5120 1193 5198 ιλιιςιῇἶδὶρ
1208 5119 1430 5201 μωαωλῆὅλλρ
1465 5126 1685 5209 Ambiguitatonp
1710 5126 1820 5208 antiqui
1848 5126 1922 5209 iuria
1951 5126 2153 5196 dccidJontes
2180 5128 2357 5236 sancimus.“3

517 5189 1431 5354 ηεξατ.;;;·..ζαι·;;.·,ε;;..·.·;,;.·..·.·...·.;·μ.μ.·
1464 5195 2235 5381 αδδεδ,ελςελξ1λ·ῑ;’.;·οεῖ.[.·’·ε.ιλῑῖ“ῐλ·;
2251 5194 2360 5371 ’,λλ-ηἑ

516 5333 1432 5480 μένοντ’.τετυλέκος,νεαιλεὲαεααεο
1465 5333 1831 5474 ξεεεεὲδῑ.ε“;ῖιῑι.*;
1854 5341 1933 5472 itu:
1951 5333 2185 5471 {atttriti
2202 5344 2361 5458 που..

516 5464 640 5532 Μανίαν]
655 5467 722 5541 ἔλθη
739 5472 790 5525 cira
804 5466 853 5543 μή.
888 5464 951 5527 πόδε·
966 5467 1020 5544 yoip
1038 5467 1076 5535 τίς
1092 5502 1431 5525 ····················
1464 5472 1664 5542 compoalitum
1690 5480 1751 5535 eet,
1775 5471 1811 5523 ad
1835 5486 1897 5525 eata
1922 5476 2089 5540 perveniat
2116 5477 2182 5531 sive
2204 5490 2267 5527 non.
2294 5466 2361 5531 Nepet

589 5670 635 5734 87)
652 5673 747 5722 Forte:
769 5666 785 5737 ή
804 5673 938 5725 δεσποτεία
955 5673 1100 5741 λπιδοθείη.
1465 5680 1575 5741 additur,
1596 5683 1623 5727 ut
1641 5680 1668 5725 et
1686 5681 1776 5739 postea
1796 5677 1866 5725 iocus
1888 5677 2006 5727 institut.
2028 5679 2193 5730 laudatus.·‘
2228 5681 2278 5728 imo
2291 5666 2365 5722 Bttii'ffl

589 5740 636 5803 88)
654 5741 741 5792 Reor.-
766 5740 815 5792 ἐπί.
851 5743 960 5792 Ηυίιιτδτ
975 5740 1072 5812 ἐπειδή.
1465 5750 1513 5797 hoc
1533 5750 1590 5796 ioca
1609 5748 1736 5808 genuinos
1758 5747 1895 5795 Τλαίείαεί
1911 5747 2017 5795 indices
2040 5756 2195 5809 praestant.

586 5811 633 5873 89)
650 5809 750 5860 Hes'ssb.
768 5813 856 5861 natat:
871 5814 1008 5877 Ι,βλδείατ
1027 5814 1068 5865 hic
1092 5814 1162 5863 iocus
1186 5813 1238 5878 dig.
1263 5815 1347 5865 serius
1375 5829 1431 5866 esec
1533 5820 1579 5879 ⁰0)
1599 5818 1685 5867 Medio
1702 5819 1748 5866 hae
1765 5819 1845 5865 uerbo
1862 5817 1912 5866 iae,
1929 5816 1973 5865 ioh
1994 5818 2062 5872 tta.
2081 5823 2146 5870 140.

519 5902 977 5923 ——--—-—··--—-

587 5948 609 6008 t)
627 5949 678 5994 inc.
696 5945 740 5995 soi.
754 5946 807 5994 133.
822 5948 877 5995 ito
